4967 5992
388 377 511 442 517

386 561 557 631 sicut
607 560 856 628 Paulus
913 565 1214 626 testatur.
1302 558 1395 624 Et
1449 578 1618 641 quae
1661 565 1819 622 sunt
1859 558 1990 622 ista
2031 556 2207 623 circa
2250 555 2346 621 al-

388 655 531 715 tare
574 645 913 731 obsequia,
967 645 1205 728 quibus
1247 643 1497 710 victum
1554 641 1776 709 deberi
1819 647 1969 721 [pag.
2022 646 2170 721 111]
2214 641 2347 706 iac·

387 732 574 800 tant?
653 733 910 814 Nempe
966 727 1139 813 quod
1193 735 1519 814 peragunt
1559 749 1713 794 suas
1756 729 2020 806 missas,
2079 733 2148 791 et
2192 748 2347 793 can·

387 820 614 886 tillant
676 819 747 883 in
814 816 1103 900 templis,
1170 815 1294 882 hoc
1351 823 1482 893 est,
1561 815 1806 898 partim
1869 833 2137 896 operam
2202 813 2347 879 sine

387 907 608 972 fructu
649 903 919 982 ludunt,
976 902 1217 984 partim
1271 900 1691 984 sacrilegium
1746 904 2162 983 perpetrant,
2219 918 2347 981 quo

394 992 498 1057 ira
538 989 668 1055 Dei
725 994 1131 1072 provocetur.
1216 987 1328 1053 En
1379 1007 1498 1053 cur
1554 985 1689 1052 illis
1731 1006 1817 1050 ex
1858 983 2119 1069 publico
2156 1004 2348 1067 prae-

388 1078 673 1143 beantur
714 1074 1044 1140 alimenta.

561 1161 655 1226 Hi
691 1169 866 1238 sunt,
912 1160 1027 1242 qui
1059 1155 1475 1242 inexpiabilis
1510 1155 1838 1239 sacrilegii
1872 1162 2130 1222 nostros
2166 1154 2347 1238 prin-

389 1248 567 1331 cipes
598 1253 927 1323 accusant,
964 1241 1137 1327 quod
1169 1242 1637 1326 patrimonium
1672 1241 1984 1308 ecclesiae
2003 1242 2149 1306 Deo
2189 1259 2346 1306 con-

389 1339 716 1400 secratum
770 1331 1114 1414 rapuerint
1153 1349 1274 1412 per
1321 1328 1456 1394 vim
1510 1335 1578 1395 et
1629 1348 1960 1393 summam
2014 1325 2345 1406 iniuriam,

388 1426 458 1485 et
497 1440 677 1484 nunc
716 1417 787 1483 in
843 1416 1154 1501 profanos
1205 1435 1366 1480 usus
1424 1413 1803 1497 dilapident.
1891 1412 2038 1478 Iam
2082 1409 2347 1495 quidem

389 1511 668 1572 testatus
709 1523 874 1578 sum,
922 1501 1097 1566 nolle
1141 1521 1245 1565 me
1288 1500 1528 1577 omnia,
1575 1518 1739 1582 quae
1775 1498 1953 1582 apud
1996 1517 2118 1562 nos
2154 1498 2343 1576 fiunt,

389 1609 734 1656 excusare:
774 1588 935 1670 quin
977 1587 1192 1670 potius
1227 1607 1362 1652 non
1399 1586 1716 1650 maiorem
1749 1582 1985 1649 alicubi
2019 1582 2348 1648 rationem

387 1675 635 1753 haberi,
680 1681 758 1740 ut
798 1674 869 1738 in
905 1693 1016 1739 eos
1052 1679 1310 1737 tantum
1345 1692 1505 1737 usus
1535 1668 2004 1753 impendantur
2038 1668 2346 1736 ecclesiae

390 1760 669 1840 reditus,
725 1759 962 1841 quibus
1005 1765 1160 1824 sunt
1203 1756 1518 1835 dedicati,
1578 1756 1743 1820 mihi
1789 1754 2137 1839 displicere
2192 1775 2344 1838 pro·

390 1849 599 1913 fiteor.
688 1846 956 1911 Mecum
1010 1844 1208 1909 etiam
1251 1841 1320 1907 id
1364 1849 1639 1927 gemunt
1681 1861 1910 1906 omnes
1952 1840 2123 1906 boni.
2215 1838 2350 1904 Ve-

388 1955 569 2010 rum,
613 1930 735 1998 hoc
781 1936 1044 1995 tantum
1085 1930 1157 1993 in
1201 1928 1572 2011 praesentia
1614 1928 1862 2012 agitur:
1919 1925 2347 2009 rapuerintne

388 2039 508 2103 per
584 2015 1004 2100 sacrilegium
1082 2014 1394 2081 ecclesiae
1470 2013 1644 2078 bona
1715 2012 2048 2096 principes
2119 2011 2346 2091 nostri,

392 2125 594 2188 quum
651 2125 736 2169 ex
778 2098 1191 2168 sacerdotum
1235 2106 1303 2165 et
1345 2098 1819 2164 monachorum
1863 2103 2091 2180 erepta
2133 2097 2347 2161 mani-

393 2188 548 2268 bus,
606 2208 686 2255 ea
728 2185 813 2254 ad
855 2207 926 2252 se
971 2184 1399 2268 receperunt?
1489 2184 1669 2249 Num
1714 2182 1868 2267 quia
1910 2181 2226 2247 aliorsum
2270 2202 2350 2246 ea

393 2275 742 2343 conferunt
755 2325 771 2352 ,
829 2292 1026 2355 quam
1068 2269 1154 2335 ad
1208 2268 1606 2353 saginandos
1649 2268 1797 2334 illos
1841 2275 2110 2334 ventres
2126 2319 2143 2346 ,
2201 2266 2347 2332 ideo

387 2360 536 2446 ipsa
568 2356 958 2444 profanent?
985 2356 1032 2437 ¹)
1080 2353 1289 2421 Suam
1311 2355 1489 2420 enim
1510 2351 1889 2434 adversarii,
1923 2373 2058 2420 non
2077 2352 2347 2432 Christi,

389 2466 514 2512 nec
558 2443 868 2511 ecclesiae
886 2492 901 2519 ,
958 2461 1223 2506 causam
1269 2461 1308 2506 a
1454 2448 1499 2505 t.
1587 2440 1834 2505 Fateor
1875 2445 2052 2505 certe
2066 2490 2084 2519 ,
2142 2458 2348 2523 grave

386 2529 708 2597 iudicium
762 2526 1184 2612 pronunciari
1247 2547 1287 2591 a
1332 2545 1563 2593 versus
1627 2546 1766 2605 eos,
1831 2525 1946 2608 qui
2008 2523 2349 2591 ecclesiam

388 2614 848 2700 spoliaverint,
902 2618 981 2678 ut
1017 2612 1145 2678 sibi
1187 2616 1494 2695 raperent
1528 2610 1704 2693 quod
1744 2610 1924 2676 illius
1966 2619 2122 2675 erat.
2212 2607 2351 2676 Sed

386 2701 558 2766 ratio
601 2699 799 2765 simul
859 2696 1154 2777 additur,
1201 2698 1353 2780 quia
1406 2718 1598 2764 veros
1653 2696 1988 2762 ministros
2045 2693 2351 2761 fraudent

388 2807 510 2851 suo
565 2786 780 2851 victu:
848 2784 1029 2866 quia,
1085 2802 1410 2866 pauperes
1452 2782 1624 2847 fame
1684 2781 2004 2861 necando,
2071 2781 2168 2846 rei
2213 2779 2350 2845 sint

388 2870 757 2955 sanguinis.
829 2870 978 2934 Hoc
1014 2875 1237 2934 autem
1317 2867 1431 2933 uid
1468 2867 1552 2932 ad
1587 2874 1848 2933 nostros
1890 2865 2345 2932 adversarios?

389 2957 559 3038 Quis
602 2956 780 3022 enim
815 2976 899 3020 ex
944 2974 1176 3019 eorum
1219 2973 1293 3018 co
1320 2959 1486 3018 iorte
1521 2953 1886 3032 testabitur,
1932 2952 2107 3036 quod
2150 2952 2232 3017 de
2277 2972 2348 3017 se

386 3042 547 3109 olim
591 3047 868 3107 testatus
913 3046 1014 3110 est
1056 3039 1480 3105 Ambrosius:
1540 3045 1877 3122 sumptum
1920 3058 2067 3104 esse
2106 3057 2349 3122 egeno-

385 3148 542 3194 rum
586 3124 898 3212 quidquid
940 3124 1276 3209 possidet?
1365 3123 1557 3203 Item,
1602 3124 1772 3189 nihil
1811 3123 2056 3189 habere
2100 3124 2351 3207 episco-

385 3235 581 3299 pum,
654 3211 830 3297 quod
900 3217 1046 3290 [pag.
1104 3216 1248 3288 112]
1315 3230 1678 3293 pauperum
1742 3230 1875 3275 non
1934 3210 2038 3275 sit.
2056 3209 2116 3292 ²)
2204 3209 2350 3273 Imo

387 3298 911 3384 quotusquisque
965 3303 1066 3362 est
1119 3316 1378 3374 eorum,
1444 3295 1557 3378 qui
1611 3315 1746 3360 non
1814 3315 2022 3377 aeque
2075 3294 2352 3358 licenter

388 3406 467 3451 eo
520 3382 694 3468 quod
747 3382 1036 3466 possidet
1090 3381 1432 3459 abutatur,
1499 3401 1574 3446 ac
1623 3380 1684 3444 si
1735 3379 1994 3445 libidini
2052 3398 2211 3445 suae
2265 3377 2351 3443 ad

386 3469 750 3554 quamlibet
812 3468 1260 3551 profusionem
1331 3466 1702 3550 expositum
1769 3464 1978 3530 foret?
2067 3463 2352 3529 Frustra

385 3576 550 3641 ergo
583 3554 710 3620 sibi
735 3553 955 3620 ablata
989 3573 1134 3619 esse
1178 3551 1618 3634 expostulant,
1663 3572 1832 3634 quae
1867 3571 1989 3616 nec
2031 3549 2166 3615 ullo
2208 3550 2352 3615 iure

385 3640 828 3726 occupabant,
907 3646 976 3704 et
1042 3637 1491 3724 dilapidabant
1564 3657 1685 3720 per
1748 3657 2082 3703 summum
2145 3635 2347 3720 nefas.

382 3728 543 3794 Non
585 3726 765 3792 enim
808 3724 1000 3791 licuit
1053 3724 1175 3791 hoc
1218 3723 1411 3789 modo
1453 3721 1696 3788 nostris
1738 3722 2175 3807 principibus,
2233 3720 2350 3787 sed

385 3815 593 3880 etiam
662 3831 924 3877 necesse
1001 3810 1144 3876 fuit.
1235 3807 1416 3890 Quid
1486 3808 1665 3874 enim
1736 3829 1943 3893 quum
2009 3807 2351 3874 ecclesiam

381 3898 572 3966 veris
615 3897 934 3962 ministris
976 3895 1228 3961 nudam
1271 3915 1348 3961 ac
1391 3894 1775 3960 destitutam
1819 3900 2198 3972 cernerent,
2244 3913 2349 3957 re-

384 3985 571 4052 ditus
616 3991 859 4062 autem,
905 3983 1016 4065 qui
1060 3980 1314 4047 alendis
1357 3980 1680 4047 ministris
1726 3979 1925 4047 dicati
1969 3987 2221 4059 essent,
2266 3976 2350 4044 ab

383 4070 615 4139 otiosis
647 4068 1039 4153 ignavisque
1072 4066 1449 4133 hominibus
1483 4066 1836 4150 supprimi:
1868 4087 2071 4150 quum
2095 4064 2350 4131 Christi

385 4178 467 4223 ac
521 4175 889 4239 pauperum
945 4153 1418 4237 patrimonium
1460 4160 1831 4232 cernerent,
1889 4151 2000 4217 vel
2053 4150 2351 4235 ingurgi-

386 4242 522 4310 tari
557 4263 597 4307 a
628 4241 876 4325 paucis,
923 4239 1029 4306 vel
1050 4240 1123 4304 in
1158 4246 1575 4322 sumptuosos
1615 4238 1817 4303 luxus
1852 4237 2167 4303 dissolute
2200 4256 2352 4319 pro·

383 4327 597 4407 fundi,
639 4348 725 4393 an
771 4347 904 4391 non
941 4324 1371 4392 admoverent
1412 4323 1725 4389 manum?
1795 4324 1943 4388 Imo
1987 4341 2196 4405 quum
2237 4322 2352 4387 ob-

386 4415 674 4482 stinatos
729 4412 1025 4478 veritatis
1070 4410 1293 4476 hostes
1350 4409 1659 4476 ecclesiae
1717 4408 2110 4493 patrimonio
2161 4407 2352 4473 incu-

384 4498 579 4578 bare,
638 4505 706 4564 et
747 4517 826 4563 eo
868 4497 954 4562 ad
997 4495 1338 4563 Christum
1390 4497 1574 4578 impu
1669 4494 1946 4574 andum,
2003 4493 2088 4560 ad
2132 4493 2351 4577 oppri-

383 4584 702 4651 mendam
755 4583 1019 4667 pietatis
1074 4581 1468 4659 doctrinam,
1535 4516 1666 4645 effu
1677 4579 2158 4664 persequendos
2209 4579 2352 4645 eius

382 4671 730 4737 ministros
773 4670 954 4735 abuti
998 4675 1368 4747 cernerent,
1414 4688 1500 4731 an
1542 4687 1676 4731 non
1720 4672 2104 4732 excuterent
2145 4663 2352 4748 proti-

383 4779 524 4822 nus
567 4777 651 4823 ex
696 4775 926 4821 eorum
967 4754 1289 4834 manibus,
1336 4772 1420 4818 ne
1465 4749 1551 4817 ad
1592 4750 1965 4842 vexandam
2008 4750 2353 4817 ecclesiam

384 4841 705 4909 ecclesiae
763 4841 999 4906 saltem
1044 4841 1276 4924 opibus
1321 4838 1563 4904 armati
1605 4837 2041 4920 instructique
2085 4841 2306 4901 essent
2319 4832 2351 4897 ’ἲ

382 4926 742 4995 Laudatur
784 4928 1060 5009 spiritus
1104 4925 1320 4993 sancti
1361 4924 1736 4991 testimonio
1780 4945 1918 4989 rex.
1943 4922 2126 5002 Ioas,
2181 4918 2356 5005 quod

539 5217 600 5282 1)
635 5218 944 5341 Erofmant,
981 5215 1117 5273 1576
1151 5233 1292 5299 seqq.

536 5285 597 5353 2)
687 5287 869 5356 pistol.
905 5287 996 5341 hb.
1032 5285 1083 5340 5.
1116 5286 1295 5356 Epist.
1330 5284 1400 5341 31
1437 5293 1494 5342 et
1528 5283 1613 5340 33.

1740 367 2464 438 REFORMANDAE
2508 365 3053 435 ECCLESIAE.

4282 374 4412 435 518

2449 577 2657 638 quum
2700 575 2918 621 sacras
2973 555 3336 622 oblationes
3385 576 3735 641 perperam
3776 557 4074 623 consumi
4113 578 4154 622 a
4197 577 4417 624 sacer-

2452 640 2712 708 dotibus
2756 640 3342 722 animadverteret,
3388 648 3798 725 quaestorem
3824 644 3875 726 ¹)
3917 663 4113 708 suum
4155 645 4413 727 praefe-

2451 728 2616 793 cerit
2658 726 3022 793 rationibus
3063 728 3481 810 reposcendis
3526 730 3595 812 (2
3633 727 3786 793 Par.
3828 731 3930 808 24,
3976 730 4101 812 11).
4174 729 4267 794 Et
4310 739 4409 794 ta-

2450 834 2606 878 men
2649 812 2746 877 illi
2789 820 2978 878 erant
3018 813 3416 893 sacerdotes,
3470 812 3709 896 quibus
3753 813 4156 882 ordinariam
4199 814 4409 880 admi-

2450 898 2914 964 nistrationem
2941 900 3126 966 Deus
3177 897 3626 966 mandaverat.
3697 899 3877 981 Quid
3927 920 4084 983 ergo
4129 920 4282 965 cum
4323 902 4407 967 iis

2452 984 2814 1067 agendum,
2882 985 2994 1067 qui
3057 1007 3181 1051 nec
3241 986 3615 1069 funguntur
3675 985 3970 1070 legitimo
4024 987 4408 1065 ministerio,

2451 1090 2575 1135 nec
2620 1069 2849 1152 templi
2901 1070 3095 1135 modo
3149 1072 3731 1152 instaurationem,
3791 1071 3962 1137 sicut
4003 1071 4135 1151 illi,
4194 1072 4408 1157 negli-

2450 1161 2650 1239 gunt,
2697 1153 2812 1219 sed
2855 1154 2941 1219 ad
2984 1154 3375 1222 diruendam
3420 1157 3759 1223 ecclesiam
3802 1177 4073 1237 nervos,
4120 1178 4408 1243 opesque

2450 1261 2681 1305 omnes
2721 1239 3156 1323 impendunt?

2621 1330 2771 1405 [pag.
2826 1331 2974 1405 113]
3042 1324 3299 1392 Verum
3362 1327 3841 1394 administratio
3908 1328 4162 1412 qualis?
4232 1328 4407 1395 dicet

2449 1412 2795 1495 quispiam.
2885 1410 3095 1491 Sane,
3142 1418 3223 1478 ut
3264 1434 3396 1478 non
3485 1415 3699 1479 enitus
3742 1415 4254 1498 reprehensione
4297 1436 4406 1481 ca-

2449 1504 2622 1576 reat,
2680 1497 2877 1582 longe
2924 1497 3164 1564 saltem
3217 1505 3287 1564 et
3339 1520 3404 1564 m
3470 1500 3572 1564 ior
3615 1506 3681 1565 et
3722 1500 4034 1580 sanctior,
4089 1521 4290 1584 quam
4329 1500 4404 1564 in

2450 1582 2743 1649 hostium
2785 1593 3163 1650 nostrorum
3219 1583 3535 1667 partibus.
3624 1585 3791 1650 Inde
3848 1585 4082 1651 saltem
4125 1586 4400 1651 aluntur

2448 1668 2594 1735 veri
2636 1668 2941 1749 ministri,
2988 1670 3102 1753 qui
3177 1671 3446 1755 opulum
3494 1670 3726 1736 salutis
3759 1669 4058 1736 doctrina
4099 1671 4402 1755 pascant:

2450 1775 2653 1837 quum
2695 1755 2978 1821 antehac
3019 1777 3111 1820 nu
3158 1776 3235 1821 ae
3291 1778 3367 1822 ac
3410 1757 3763 1823 destitutae
3807 1778 3847 1821 a
3885 1758 4258 1841 pastoribus
4301 1778 4405 1823 60-

2451 1839 2719 1917 clesiae,
2793 1846 3060 1925 sumptu
3126 1847 3350 1907 tamen
3412 1842 3880 1908 alimentorum
3945 1849 4408 1926 gravarentur.

2449 1925 2843 2008 Ubicunque
2908 1926 3171 1992 scholae
3236 1935 3428 1993 orant
3490 1937 3606 1994 aut
3669 1927 4201 2012 ptochotrophia,
4267 1949 4409 1993 ma-

2450 2018 2634 2077 nent:
2695 2012 2871 2077 aucti
2926 2013 3126 2078 etiam
3180 2011 3421 2080 alicubi
3476 2013 3754 2092 reditus,
3818 2035 4147 2096 nusquam
4191 2014 4407 2078 immi-

2449 2097 2613 2162 nuti.
2704 2096 2938 2162 Multis
2995 2097 3196 2163 etiam
3247 2098 3407 2164 locis
3463 2100 3535 2163 in
3593 2100 3803 2164 vicem
3856 2100 4408 2165 monasteriorum

2451 2182 2756 2249 instituta
2798 2182 3324 2267 ptochotrophia,
3371 2205 3538 2268 quae
3582 2196 3734 2250 ante
3778 2204 3914 2248 non
3955 2185 4242 2265 fuerant,
4290 2184 4410 2250 ali-

2452 2267 2605 2334 cubi
2648 2268 2847 2333 etiam
2890 2275 3144 2336 erectae
3178 2289 3388 2336 novae
3431 2269 3711 2349 scholae,
3758 2269 3870 2335 ubi
3904 2289 4040 2334 non
4075 2270 4414 2353 magistris

2453 2360 2717 2420 tantum
2763 2354 3067 2421 ordinata
3119 2363 3277 2421 sunt
3333 2355 3688 2438 stipendia,
3743 2355 3861 2421 sed
3914 2354 4101 2437 pueri
4156 2375 4413 2438 quoque

2451 2442 2525 2506 in
2561 2461 2708 2506 eam
2742 2461 2928 2525 spem
2962 2441 3344 2521 educantur,
3388 2449 3466 2506 ut
3496 2448 3723 2524 postea
3757 2439 4068 2507 ecclesiae
4102 2439 4411 2505 serviant.

2451 2526 2759 2609 Denique
2823 2526 3034 2592 multa
3097 2527 3438 2594 commoda
3497 2527 3572 2591 in
3638 2547 3986 2593 commune
4040 2524 4412 2610 percipiunt

2450 2611 2761 2679 ecclesiae
2804 2633 2892 2678 ex
2930 2613 3013 2680 iis
3053 2613 3304 2695 opibus,
3351 2634 3514 2696 quas
3567 2612 3939 2679 sacerdotes
3997 2619 4064 2677 et
4106 2610 4412 2678 monachi

2452 2699 2637 2781 prius
2714 2698 2838 2764 soli
2900 2697 3358 2764 heluabantur.
3447 2698 3678 2782 Neque
3755 2699 3997 2780 exigua
4060 2697 4275 2779 portio
4338 2697 4410 2762 in

2452 2791 2755 2867 sumptus
2806 2783 3356 2851 extraordinarios
3412 2783 3805 2850 absumitur:
3865 2782 3978 2866 qui
4029 2790 4255 2848 tamen
4297 2803 4411 2866 op-

2454 2871 2616 2934 timo
2658 2869 2807 2935 iure
2858 2869 2932 2934 in
2973 2871 3298 2936 rationem
3352 2871 3580 2937 venire
3624 2869 3877 2936 debent.
3969 2871 4249 2935 Certum
4291 2877 4408 2947 est,

2453 2954 2663 3020 multo
2716 2954 2869 3038 plus
2922 2955 3250 3034 consumi,
3316 2956 3514 3022 rebus
3565 2957 3661 3022 ita
3717 2956 4033 3035 confusis,
4101 2973 4299 3039 quam
4355 2956 4411 3021 si

2455 3041 2817 3124 composito
2870 3052 3047 3108 ccrto
3103 3041 3332 3108 ordine
3396 3043 3574 3108 inter
3637 3042 3944 3110 ecclesias
4011 3043 4414 3110 conveniret.

2455 3127 2806 3192 Eiusmodi
2859 3129 3225 3210 impensas,
3294 3148 3463 3210 quae
3529 3149 3663 3195 non
3726 3128 3976 3212 privati
4048 3125 4420 3211 compendii

2455 3212 2701 3297 gratia,
2779 3212 2897 3278 sed
2986 3214 3059 3279 in
3134 3212 3465 3296 publicam
3551 3213 3866 3281 ecclesiae
3958 3214 4420 3279 necessitatem

2455 3299 2656 3377 fiunt,
2726 3297 2969 3364 nostris
3022 3297 3432 3381 principibus
3493 3320 3569 3365 ac
3621 3299 4003 3384 civitatibus
4059 3319 4194 3363 non
4259 3298 4420 3363 ferri

2456 3405 2810 3467 expensas,
2872 3403 3189 3467 perquam
3241 3383 3547 3466 iniquum
3598 3385 3787 3450 foret.
3875 3384 4235 3450 Praeterea
4286 3404 4421 3447 non

2456 3468 2835 3552 subducunt
2877 3468 3238 3537 adversarii
3282 3470 3550 3552 rapinas
3592 3469 3744 3535 illas
3788 3477 3856 3534 et
3897 3470 4179 3535 iniustas
4223 3489 4419 3535 exac-

2456 3555 2687 3634 tiones,
2717 3555 2954 3639 quibus
2987 3553 3297 3622 ecclesiae
3340 3554 3461 3621 sub
3506 3556 3817 3622 sacrificis
3831 3556 3891 3638 ²)
3936 3555 4416 3638 expilabantur,

2456 3660 2636 3707 nunc
2704 3641 2929 3706 autem
3008 3647 3168 3706 sunt
3238 3640 3635 3708 sublevatae.
3734 3641 3981 3706 Verum
4058 3640 4139 3705 ob
4211 3661 4418 3706 unam

2456 3747 2723 3798 causam
2767 3747 2975 3811 prope
3017 3747 3425 3810 supervacua
3478 3736 3580 3794 est
3623 3735 3764 3807 tota
3818 3726 3982 3792 haec
4029 3726 4413 3809 disputatio:

2454 3811 2628 3897 quod
2681 3814 2815 3878 iam
2863 3820 3015 3879 ante
3058 3813 3417 3879 triennium
3458 3813 3682 3879 testati
3735 3813 3870 3879 sint
3913 3812 4120 3878 nostri
4161 3810 4410 3894 princi-

2454 3921 2590 3983 pes,
2636 3920 2890 3966 moram
2933 3921 3003 3965 se
3048 3905 3196 3979 [pag.
3241 3904 3386 3978 114]
3428 3899 3683 3965 nullam
3716 3900 3791 3964 in
3825 3899 4243 3964 restitutione
4277 3898 4409 3963 fac-

2454 3993 2640 4051 turos
2655 4036 2672 4065 ,
2716 3984 2908 4051 modo
2952 3985 3025 4049 in
3071 3985 3352 4051 eundem
3403 4008 3474 4052 se
3517 3984 3825 4051 ordinem
3866 3985 4011 4069 cogi
4053 3986 4408 4067 patiantur,

2454 4072 2566 4155 qui
2611 4078 2679 4137 et
2720 4071 3001 4155 amplius
3052 4070 3291 4150 multo,
3345 4070 3541 4155 idque
3591 4071 3811 4137 minus
3867 4071 4142 4136 honesto
4197 4067 4414 4135 colore

2457 4157 2769 4236 detinent,
2807 4169 2876 4224 et
2903 4157 2977 4221 in
3013 4155 3583 4222 administratione
3617 4158 3829 4222 multo
3850 4155 4228 4222 dissolutius
4261 4175 4413 4237 pec-

2455 4253 2626 4318 cant.
2695 4243 2922 4309 Habet
2952 4242 3160 4328 igitur
3183 4250 3298 4308 tua
3319 4243 3656 4324 Maiestas,
3692 4242 4124 4308 invictissime
4146 4241 4412 4318 Caesar,

2457 4350 2568 4396 eos
2630 4350 2752 4395 sua
2814 4329 3245 4412 promissione
3313 4329 3679 4396 obstrictos.
3769 4329 4012 4393 Exstat
4076 4328 4277 4393 etiam
4342 4326 4416 4390 in

2456 4416 2766 4482 manibus
2811 4416 3158 4481 hominum
3191 4414 3483 4481 libellus:
3530 4423 3606 4481 ut
3650 4414 3734 4480 ad
3769 4411 4103 4479 doctrinae
4139 4433 4414 4479 consen-

2457 4502 2714 4568 sionem
2758 4523 2837 4567 ea
2879 4523 2984 4567 res
3028 4522 3164 4567 non
3207 4499 3441 4567 debeat
3482 4522 3625 4568 esse
3667 4499 4156 4583 impedimento,

2630 4588 2961 4656 Ultimum
3004 4609 3080 4653 ac
3122 4588 3573 4671 praecipuum,
3617 4607 3744 4669 quo
3780 4607 3898 4651 nos
3942 4592 4246 4668 gravant,
4289 4582 4419 4658 cri-

2455 4695 2612 4740 men
2655 4680 2756 4740 est
2803 4673 3014 4739 factae
3059 4672 3141 4737 ab
3195 4673 3470 4739 ecclesia
3523 4672 3954 4739 discessionis.
4044 4673 4265 4754 Atque
4308 4668 4419 4734 hic

2457 4760 2760 4826 ferociter
2800 4759 2992 4824 nobis
3033 4757 3378 4838 insultant,
3422 4757 3595 4842 quod
3652 4757 3833 4823 nulla
3875 4778 4074 4823 causa
4127 4757 4243 4836 sit,
4301 4776 4419 4822 cur

2462 4847 2856 4928 abrumpere
2900 4843 3097 4911 liceat
3120 4843 3432 4910 ecclesiae
3470 4845 3816 4910 unitatem.
3890 4844 4164 4921 Verum,
4209 4861 4418 4925 quan-

2459 4940 2605 4998 tum
2660 4930 2848 4997 nobis
2902 4930 3146 4997 faciant
3196 4928 3477 4996 iniuriae
3494 4981 3511 5010 ‚
3567 4935 3769 4996 testes
3825 4937 3982 4995 sunt
4038 4936 4418 4993 nostrorum

2600 5138 2659 5204 1)
2696 5138 2851 5192 Besa
2894 5135 3148 5191 mmdose
3190 5135 3418 5204 sertpsit
3459 5141 3744 5203 quaestum
3758 5174 3771 5201 ,
3816 5133 3964 5203 quod
4008 5132 4261 5197 deinceps
4305 5143 4420 5181 ser·

2460 5214 2664 5345 mg)
2683 5213 2888 5331 efflent.-
2925 5270 3221 5330 sacrificiis.
3902 5349 4009 5404 33·
