4967 5992
390 300 460 362 81
1730 296 2390 366 OA'moffleMUs
2436 298 3051 367 GENEVENffls.
4317 311 4401 374 82

1183 504 1250 540 m
1284 505 1525 543 mm

551 554 739 620 Nous
801 552 1024 620 dirone
1088 554 1283 634 donc,
1352 575 1477 639 que

388 646 559 708 coste
614 639 722 705 vie
774 639 1075 706 mortelle
1130 661 1295 707 nous
1346 641 1941 725 n'accomplissions
1994 642 2229 708 iamais
2267 642 2336 708 la

386 727 553 811 Loy,
598 726 933 793 toutesfoie
977 747 1050 793 ce
1094 727 1260 792 n'eet
1301 748 1420 811 pas
1463 727 1656 793 chose
1700 729 2048 811 superflue,
2098 726 2334 811 qu'elle

387 812 672 895 requiert
705 811 787 877 de
822 830 991 877 nous
1025 833 1154 878 une
1195 812 1351 879 telle
1391 813 1768 896 perfection.
1837 811 1971 880 Oar
2005 812 2130 879 elle
2166 834 2333 880 noue

386 903 674 964 monetre
716 897 780 962 le
824 898 945 963 but
987 907 1070 964 66
1113 918 1280 965 nous
1335 896 1580 965 devons
1635 897 1893 964 tendre:
1951 900 2087 965 afin
2130 904 2333 984 qu'un

386 983 669 1052 chascun
723 982 803 1049 de
855 1004 1048 1064 nous,
1105 983 1289 1050 selon
1340 983 1410 1051 la
1464 1004 1657 1070 grace
1711 1006 1836 1068 que
1891 985 2067 1050 Dieu
2118 984 2237 1071 luy
2293 1007 2334 1051 a

385 1070 601 1149 faicte,
659 1069 951 1136 s’efforce
1008 1070 1542 1137 assiduellement
1597 1069 1707 1155 d'y
1763 1069 1993 1137 tendre
2006 1123 2024 1152 ‚
2083 1078 2152 1136 et
2208 1076 2332 1136 e’a-

384 1175 623 1223 vanoer
665 1153 746 1221 de
787 1156 934 1220 iour
975 1178 1059 1222 en
1100 1157 1261 1222 iour.

1528 525 1839 623 'combien
1903 577 2029 639 que
2091 554 2336 621 durant

1228 1344 1490 1399 n’mmr.

551 1415 626 1481 Ie
669 1415 948 1481 l'entens
989 1414 1174 1480 ainsi.

1178 1536 1245 1571 LE
1278 1535 1536 1571 mmm·

548 1587 661 1652 En
713 1588 781 1652 la
821 1587 974 1670 Loy
1016 1590 1288 1653 n'avone
1340 1607 1505 1651 nous
1562 1607 1681 1670 pas
1738 1605 1864 1650 6116
1919 1586 2125 1672 reigle
2176 1606 2332 1670 par-

383 1673 567 1739 faicte
615 1673 694 1738 de
738 1680 880 1738 tout
922 1671 1113 1738 bien?

1224 1772 1492 1827 dmm-r.

550 1841 657 1910 Si:
703 1844 1042 1910 tellement
1085 1864 1210 1926 que
1254 1843 1427 1908 Dieu
1471 1864 1555 1909 ne
1602 1841 1924 1908 demande
1966 1843 2156 1908 sinon
2205 1865 2332 1927 que

384 1950 545 1996 nous
588 1930 656 1994 la
681 1930 1028 2014 suyvions:
1072 1949 1158 1994 au
1194 1928 1518 1995 contraire
1563 1929 1931 1995 desadvoue
1972 1935 2040 1994 et
2091 1929 2332 1996 reiecte

386 2022 523 2081 tout
575 2037 649 2082 ce
701 2035 827 2099 que
879 2015 1188 2081 l’homme
1242 2013 1638 2097 entreprend
1694 2015 1776 2080 de
1829 2014 1995 2079 faire
2035 2022 2225 2081 outre
2266 2014 2332 2081 le

383 2111 662 2168 contenu
720 2100 983 2166 d’icelle.
1086 2099 1220 2167 Gar
1269 2100 1316 2164 11
1372 2122 1454 2166 66
1511 2098 1831 2167 demande
1885 2106 2075 2166 autre
2129 2101 2332 2167 sacri-

381 2187 498 2254 fice
544 2186 1029 2271 qu’obeiseance
1073 2187 1137 2270 (l
1182 2184 1360 2252 Sam.
1406 2190 1503 2265 15,
1544 2190 1657 2267 223
1700 2186 1830 2252 Ier.
1872 2186 1957 2268 7).

620 2290 625 2299 '
1178 2308 1245 2343 nn
1276 2307 1535 2343 1161161611.

550 2361 832 2444 Dequoy
886 2365 1154 2426 servent
1208 2357 1374 2425 donc
1430 2363 1646 2424 toutee
1708 2357 1806 2422 les
1870 2356 2328 2435 admonitione,

378 2456 928 2524 remonstrances,
971 2443 1577 2524 commandemens,
1623 2443 2071 2509 exhortatione
2094 2445 2146 2529 ¹)
2206 2463 2330 2527 que

376 2531 529 2597 font
570 2538 715 2597 tant
755 2531 851 2597 les
884 2530 1250 2614 Prophetes
1294 2550 1420 2614 que
1461 2529 1558 2595 les
1602 2530 1919 2612 Apostres
1932 2528 1965 2591 ’ἶ

1228 2633 1493 2687 1366111161.

552 2701 646 2770 Oe
688 2725 773 2769 ne
816 2710 966 2769 sont
1008 2723 1134 2786 que
1172 2722 1371 2786 pures
1416 2700 1848 2767 declaratione
1892 2698 2139 2766 d'icelle
2152 2750 2168 2779 ,
2213 2700 2329 2783 qui

379 2811 457 2857 ne
507 2798 667 2855 sont
720 2810 839 2874 pas
890 2809 1061 2873 pour
1117 2808 1288 2853 noue
1343 2785 1732 2852 deetourner
1783 2786 1864 2851 de
1928 2806 2051 2851 son
2115 2785 2327 2852 obeie-

378 2895 589 2955 sanoe,
630 2876 798 2941 mais
839 2874 1122 2959 plustost
1163 2893 1331 2939 nous
1373 2895 1423 2958 y
1464 2871 1793 2938 conduire.
1812 2872 1871 2958 2)

1176 2996 1243 3031 m
1277 2993 1537 3030 mm.

544 3047 641 3113 Et
704 3046 1044 3112 toutesfois
1109 3045 1164 3112 ei
1229 3066 1316 3111 ne
1368 3043 1779 3112 traicte-elle
1830 3063 1950 3127 pas
1991 3044 2088 3110 les
2133 3063 2324 3111 voca-

380 3132 549 3199 tione
563 3132 626 3218 ⁸)
672 3137 793 3214 [fol.
833 3146 867 3197 4
880 3135 940 3212 1]
985 3130 1453 3217 particulieres.

1215 3233 1481 3288 n'mncr.
1690 3252 1693 3259 ¹

543 3302 793 3385 Quand
837 3303 960 3368 elle
1005 3302 1119 3383 dit,
1165 3302 1323 3386 qu’il
1364 3303 1509 3368 faut
1546 3298 1786 3367 rendre
1830 3309 1873 3368 a
1912 3301 2201 3369 61166666
2248 3322 2323 3368 66

372 3390 477 3473 661
522 3389 643 3475 luy
688 3388 1082 3473 appartient,
1126 3387 1207 3454 de
1251 3388 1391 3454 cela
1432 3408 1597 3454 nous
1642 3407 1937 3470 pouvons
1971 3386 2124 3454 bien
2169 3407 2324 3454 666-

372 3474 587 3541 clurre
602 3526 619 3553 ,
674 3475 828 3558 quel
870 3484 970 3540 est
1011 3474 1073 3540 le
1116 3473 1341 3541 devoir
1384 3472 1466 3538 116
1510 3479 1733 3539 nostre
1777 3479 1977 3553 estat,
2036 3473 2325 3541 chascun

1050 3560 1144 3626 Et
1195 3560 1344 3644 puis
1386 3581 1554 3625 nous
1598 3577 1837 3637 avone,
1894 3579 2146 3712 somn&
2188 3558 2327 3625 dict

2132 3666 2208 3711 ar
2250 3665 2325 3711 ce

373 3567 414 3626 a
462 3581 584 3626 son
640 3560 951 3625 endroiot.

372 3665 412 3709 a
452 3654 594 3712 este
607 3698 624 3726 ,
685 3646 1100 3729 l'exposition
1152 3666 1275 3729 par
1327 3652 1507 3710 toute
1559 3642 1970 3711 l’Escriture.

373 3752 496 3815 que
561 3732 628 3798 le
695 3729 1021 3816 seigneur
1086 3753 1126 3797 a
1189 3732 1250 3798 ic
1356 3731 1599 3798 conche
1652 3751 1735 3795 en
1805 3751 2057 3797 somme
2073 3784 2091 3813 ‚
2157 3730 2207 3796 11
2257 3730 2324 3796 16

371 3819 604 3885 traicte
651 3825 732 3902 66
774 3828 841 3883 et
879 3817 950 3884 la
991 3838 1160 3901 pour
1200 3838 1245 3901 p
1274 3840 1350 3883 us
1396 3817 1612 3902 ample
1656 3815 2066 3887 instruction.
2110 3845 2115 3851 ·

602 4298 625 4337 ⁸
1145 4350 1211 4384 m
1247 4330 1557 4396 unumst)

544 4400 711 4467 Puis
765 4422 894 4485 que
945 4421 1110 4465 noue
1175 4420 1380 4466 avons
1448 4399 1928 4465 suffisamment
1991 4398 2175 4481 parle
2236 4397 2325 4463 du

368 4487 630 4553 service
671 4486 752 4552 de
796 4486 990 4565 Dieu,
1036 4484 1151 4569 qui
1193 4491 1296 4550 est
1325 4484 1394 4549 la
1430 4484 1708 4551 seconde
1741 4484 1956 4568 partie
1991 4483 2072 4549 de
2112 4484 2324 4550 l’hou-

367 4590 603 4639 norer:
644 4572 914 4657 parlons
957 4571 1038 4638 de
1080 4573 1147 4637 la
1189 4570 1571 4636 troisieeme.

540 4743 734 4810 Nous
788 4763 995 4810 avons
1051 4692 1250 4824 diets
1265 4691 1621 4825 {tiburc'eet
1672 4739 1754 4806 de
1819 4740 2184 4824 l'invoquer
2237 4761 2322 4805 66

364 4834 591 4895 tontes
636 4851 753 4896 noz
798 4830 1169 4897 neceseitez.

688 5067 744 5135 1)
794 5075 851 5123 et
885 5069 1257 5124 exhortatione
1294 5066 1432 5123 1548
1466 5068 1606 5123 suiv.

1949 5064 2011 5134 2)
2057 5081 2198 5137 pour
2244 5079 2381 5119 11666
2424 5081 2459 5133 y
2495 5061 2754 5117 conduire
2791 5060 3151 5119 1561—1566.

3293 507 3553 544 mm

2611 555 2903 622 'Dam0tsi
2938 577 3095 643 ergo
3135 557 3208 623 in
3241 556 3367 625 hac
3401 564 3664 625 terrena
3694 560 4220 645 peregrinatione
4261 562 4397 650 legi

2436 662 2776 725 nunquam
2817 642 3276 723 satisfacimus,
3320 663 3457 709 non
3491 651 3715 711 tamen
3758 645 3881 713 hoc
3916 667 4397 731 supervacuum

2438 749 2584 794 esse
2637 728 3091 809 censebimus,
3133 735 3248 808 [fol.
3292 734 3398 809 50]
3444 729 3617 814 quod
3667 738 3805 796 tam
3853 739 4155 799 exactam
4190 755 4231 800 a
4274 755 4397 801 no-

2437 811 2538 879 bie
2588 813 3063 897 perfectionem
3113 815 3384 900 flagitet.
3477 813 3766 900 Scopum
3821 818 4001 885 enim
4055 818 4140 885 ad
4196 841 4396 905 quem

2437 919 2558 966 nos
2600 898 2931 966 collimare
2945 951 2961 979 ,
3008 906 3078 965 et
3119 909 3366 966 metam
3410 900 3493 967 ad
3537 923 3735 985 quam
3779 924 3901 968 nos
3945 905 4108 971 eniti
4153 925 4396 974 conve-

2435 985 2552 1065 nit,
2600 982 3032 1051 demonstrat:
3097 992 3173 1051 ut
3205 987 3481 1070 6616666
3538 995 3842 1054 nostrum
3875 1011 3995 1073 pro
4032 990 4227 1057 modo
4262 992 4396 1059 661-

2433 1071 2606 1135 latae
2649 1068 2774 1135 sibi
2815 1071 3096 1155 gratiae,
3148 1071 3232 1137 ad
3293 1094 3619 1139 summam
3672 1075 4132 1142 rectitudinem
4185 1078 4397 1145 vitam

2436 1177 2626 1221 suam
2667 1176 3072 1239 componere,
3120 1164 3186 1222 et
3226 1158 3506 1225 maiores
3549 1159 3824 1227 subinde
3866 1182 4256 1247 progressus
4297 1165 4396 1231 fa-

2434 1261 2602 1322 cere,
2649 1240 2912 1308 assiduo
2955 1240 3169 1308 studio
3211 1252 3502 1310 conetur.

3341 1365 3492 1401 PUER-

2610 1411 2724 1480 sio
2766 1414 2998 1480 sentio.
3459 1426 3466 1433 ‘

3295 1535 3552 1571 muma-

2490 1644 2493 1661 ,
2609 1584 2719 1649 An
2772 1605 2909 1649 non
2960 1586 3318 1669 perfectam
3375 1586 3445 1651 16
3487 1586 3634 1672 lege
3690 1588 3902 1654 omnis
3957 1590 4245 1657 iustitiae
4288 1613 4395 1658 re-

2434 1669 2662 1755 gulam
2703 1669 3067 1737 habemus?

3337 1792 3490 1829 PUER·
4361 1790 4370 1797 ’

2605 1842 2699 1908 Et
2739 1840 3004 1925 quidem
3020 1843 3089 1926 ⁵)
3124 1840 3317 1922 adeo,
3364 1850 3441 1908 ut
3481 1843 3652 1909 nihil
3694 1844 3861 1910 velit
3902 1845 4082 1912 aliud
4120 1847 4310 1913 Deus
4353 1867 4395 1912 a

2434 1927 2641 2008 nobis,
2685 1928 2815 1994 nisi
2857 1936 2935 1993 ut
2976 1948 3124 1993 eam
3168 1938 3548 2011 sequamur:
3594 1951 3864 1997 rursum
3906 1953 4083 2013 vero,
4129 1933 4395 1999 irritum

2435 2013 2679 2079 habeat
2721 2034 2796 2079 66
2833 2011 3155 2098 repudiet,
3199 2013 3513 2099 quidquid
3546 2023 3808 2100 praeter
3849 2018 3991 2083 eius
4025 2020 4396 2103 praescrip-

2434 2107 2579 2164 tum
2619 2099 3027 2183 suscipimus.
3115 2097 3349 2183 Neque
3404 2102 3581 2166 enim
3626 2101 3807 2168 aliud
3850 2104 4243 2171 sacrificium
4285 2126 4394 2171 66-

2434 2191 2701 2270 ceptum
2746 2185 2959 2266 habet,
3004 2206 3203 2269 quam
3238 2185 3696 2253 obedientiam.

3283 2308 3540 2343 mmm
3925 2318 3940 2335 “

2608 2354 2947 2436 Quorsum
3010 2357 3213 2440 igitur
3277 2364 3374 2422 tot
3441 2357 3916 2425 admonitiones
3931 2411 3948 2439 ,
4017 2368 4386 2446 praecepta,

2433 2440 2945 2519 exhortationes,
2982 2440 3217 2526 quibus
3250 2444 3493 2526 passim
3529 2452 3810 2510 utuntur
3845 2451 3988 2511 tum
4031 2446 4391 2532 prophetae

2432 2534 2583 2593 tum
2625 2527 2945 2612 apostoli?

3335 2651 3486 2686 rm.

2603 2696 2792 2764 Nihil
2828 2720 3027 2782 quam
3059 2720 3282 2765 merae
3324 2699 3490 2786 legis
3525 2701 3963 2785 expositiones
4002 2711 4178 2784 eunt,
4223 2724 4390 2788 6666

2430 2783 2516 2935 ag
2558 2784 3196 2936 legisbplbedientiam
3239 2808 3359 2853 nos
3402 2787 3873 2869 manuducunt,
3928 2789 4147 2871 potius
4191 2810 4396 2873 quam

2431 2892 2472 2935 a
2558 2890 2636 2936 ea
2678 2890 2718 2934 a
2806 2878 3024 2937 ucant.
3697 2894 3704 2900 ‘

2471 3128 2485 3141 ·
2541 3041 2810 3192 ‘tAthi
2845 3041 2927 3107 de
2969 3042 3233 3126 privata
3266 2994 3579 3129 offagne
3618 3044 3953 3112 vocatione
3997 3045 4165 3111 nihil
4198 3067 4394 3131 prae-

2431 3148 2561 3211 cipi
2591 3178 2607 3193 .

3331 3250 3485 3286 rum.

2600 3296 2827 3380 Quum
2879 3297 3152 3366 reddere
3208 3301 3442 3384 cuique
3500 3300 3675 3385 quod
3729 3323 3925 3368 suum
3976 3309 4107 3381 est,
4176 3300 4380 3383 iubet,

2425 3383 2580 3450 inde
2623 3383 2933 3469 colligere
2971 3392 3351 3469 promptum
3395 3392 3513 3468 est,
3564 3407 3734 3471 quae
3775 3388 3910 3453 sint
3950 3387 4263 3471 privatim
4306 3389 4384 3454 in

2429 3470 2659 3537 ordine
2730 3490 2852 3535 suo
2910 3471 3211 3555 vimque
3276 3492 3519 3556 genere
3587 3473 3697 3540 cui
3819 3493 3904 3538 ue
3963 3478 4203 3558 partes.
4292 3475 4387 3540 Et

2428 3561 2695 3624 exstant
2734 3557 2983 3640 passim
3023 3556 3098 3620 in
3141 3558 3496 3641 scriptura,
3543 3578 3738 3642 quem
3893 3558 4122 3631 6116111,
4135 3558 4387 3627 dictum

2429 3651 2559 3722 est,
2615 3662 2880 3726 sparsae
2923 3642 3026 3708 616
3144 3665 3334 3709 orum
3384 3650 3883 3728 praeceptorum
3926 3646 4384 3728 expositiones.

2427 3727 2604 3794 Nam
2659 3726 2830 3815 quod
2882 3728 2992 3795 hic
3104 3729 3364 3796 ominus
3408 3731 3790 3796 summatim
3838 3730 4218 3815 complexus
4286 3741 4389 3798 est

2425 3814 2654 3898 paucis
2698 3812 2934 3895 verbis,
2978 3813 3132 3880 alibi
3172 3816 3385 3883 fusius
3427 3822 3495 3882 et
3535 3816 3793 3900 plenius
3836 3817 4237 3902 exsequitur.

2923 4159 3097 4240 DE
3160 4159 3899 4243 ORATIONE.

2607 4398 2725 4477 [τοι.
2773 4410 2806 4462 5
2821 4400 2881 4476 1]
2919 4396 3143 4478 Quum
3197 4346 3601 4462 ᾱθῗωῗῗέᾱα
3651 4402 3840 4479 parte
3894 4395 4104 4463 divini
4143 4397 4378 4479 cultus,

2431 4503 2600 4568 quae
2643 4484 2716 4547 in
2769 4483 3096 4567 obsequiis
3150 4482 3644 4566 obedientiaque
3688 4483 3820 4547 sita
3861 4490 3980 4562 est,
4039 4484 4200 4549 satis
4243 4483 4377 4551 dis-

2428 4575 2732 4653 putatum
2773 4568 2990 4648 fuerit,
3033 4570 3168 4633 iam
3212 4567 3294 4633 de
3337 4568 3533 4632 tertia
3564 4573 3754 4651 parte
3789 4567 4203 4636 disseramus.

2599 4739 2910 4805 Diximus
2953 4687 3635 4819 invocationffl‘esse,
3677 4761 3881 4824 quum
3926 4739 4010 4806 ad
4052 4741 4267 4823 ipsum
4309 4741 4384 4808 in

2426 4826 2661 4909 quavis
2703 4824 3091 4891 necessitate
3132 4823 3561 4908 confugimus.

3504 5062 3566 5131 3)
3615 5063 3713 5120 dee
3747 5065 4029 5119 vocatione
4065 5062 4201 5117 1553
4236 5065 4378 5118 suiv.

360 5133 425 5203 4)
463 5138 552 5193 Le
591 5134 680 5192 34.
714 5137 1010 5192 (1161666116.
1048 5165 1114 5176 -
1148 5137 1228 5192 Le
1262 5137 1566 5193 troisiesme
1600 5136 1787 5206 poinct
1822 5136 1889 5192 (16
1923 5136 2048 5192 bien
2080 5136 2355 5191 honnorer
2386 5131 2544 5188 Dieu.
2578 5159 2645 5169 -—
2677 5128 2762 5185 De
2797 5130 3137 5188 l'invocation
3170 5131 3265 5188 1166
3302 5133 3525 5189 sainctz.
3564 5161 3629 5173 —
3665 5132 3825 5202 Sigae
3860 5131 4184 5188 d’infidelite.

688 5203 749 5272 5)
784 5204 1049 5274 Equidem
1089 5205 1232 5261 Gall.
1268 5211 1320 5259 et
1353 5206 1521 5260 Besa.

586 5289 809 5347 Calvina·
826 5306 1009 5360 opera.
1088 5290 1207 5346 Vol.
1248 5290 1342 5345 VI.

3936 5284 3971 5337 6
