4967 5992
361 345 485 430 2'37

361 571 474 619 sae
525 551 856 634 gravitate
913 550 1197 616 alienus:
1257 551 1517 617 etiamsi
1570 550 1715 616 eius
1759 549 2068 634 dignitati
2110 551 2330 617 minus

361 636 797 720 undecunque
839 635 1254 719 respondeat.

539 720 691 804 Quo
748 729 1006 798 tamen,
1064 722 1457 805 comparatis
1499 722 1678 786 inter
1722 741 1794 790 se
1829 722 1996 787 meis
2040 732 2108 786 et
2144 722 2330 787 illius

363 809 662 894 scriptis,
708 807 965 874 facilius
1022 829 1099 874 ac
1155 808 1398 875 certius
1445 806 1763 873 iudicium
1818 807 2032 873 facere
2086 815 2331 892 queant

361 896 672 974 lectores,
718 903 786 959 et
828 893 1016 978 quasi
1057 913 1286 959 rerum
1330 914 1625 960 summas
1667 891 1875 978 digito
1918 899 2148 960 notare
2163 945 2179 970 ,
2222 915 2328 960 or-

365 981 590 1050 dinem
644 1002 721 1047 ac
776 979 1300 1063 dispositionem,
1369 1001 1566 1063 quam
1621 979 1763 1064 ipse
1827 979 2205 1046 observavit
2256 981 2328 1044 in

365 1089 488 1135 suo
543 1087 774 1153 opere,
842 1087 1096 1149 sequar.
1187 1065 1479 1131 Tantum
1531 1065 1658 1130 hoc
1715 1066 1844 1130 erit
1897 1064 2325 1131 discriminis:

362 1153 541 1238 quod
579 1174 783 1238 quum
834 1151 1178 1220 venditare
1221 1173 1293 1217 se
1338 1152 1688 1236 magnifico
1731 1151 2081 1218 verborum
2125 1172 2325 1235 appa-

364 1248 520 1306 ratu
562 1238 877 1317 voluerit,
924 1257 1047 1321 ego
1091 1236 1479 1321 compendio
1523 1257 1597 1302 ac
1641 1235 2065 1320 simplicitati,
2112 1236 2328 1320 quoad

362 1326 603 1405 licebit,
647 1322 949 1391 studebo:
998 1321 1234 1389 deinde
1278 1343 1482 1407 quum
1536 1322 1911 1389 thrasonico
1956 1344 2074 1388 suo
2131 1323 2323 1403 fastu,

366 1432 443 1479 ac
485 1410 834 1478 virulentis
873 1411 946 1475 in
998 1431 1120 1476 nos
1162 1409 1473 1476 conviciis
1528 1407 1773 1474 multas
1814 1430 1860 1493 p
1952 1410 2091 1473 ’nas
2134 1428 2324 1474 occu-

365 1499 659 1583 paverit,
715 1496 790 1562 in
832 1495 957 1562 hoc
1001 1516 1258 1579 quoque
1301 1515 1544 1579 genere
1585 1494 1870 1560 libenter
1910 1494 2009 1559 illi
2058 1499 2207 1573 [pag.
2255 1499 2322 1573 6]

367 1583 615 1651 cedam.
702 1581 892 1648 Nihil
962 1582 1141 1646 enim
1193 1581 1299 1647 vel
1357 1579 1606 1646 Christi
1677 1580 1924 1665 gloriae
1992 1578 2322 1658 decedere,

366 1669 477 1737 vel
518 1668 838 1735 bonorum
892 1667 1366 1733 existimationi
1417 1665 1646 1732 obesse
1688 1672 1879 1749 puto,
1938 1665 1996 1732 si
2039 1664 2324 1751 Pighius

367 1756 656 1822 disertus
696 1753 1097 1820 conviciator
1139 1762 1207 1818 et
1249 1753 1365 1831 sit,
1422 1759 1490 1817 et
1529 1763 1838 1819 vocetur:
1882 1751 2078 1817 modo
2122 1750 2324 1818 simul

367 1862 598 1908 omnes
640 1838 1048 1925 intelligant,
1108 1859 1261 1905 eum
1315 1837 1564 1904 furiosa
1604 1839 1849 1921 partim
1891 1836 2323 1904 maledicendi

366 1927 674 2006 libidine,
885 1927 898 1940 ’
1018 1933 1166 1990 atra
1208 1924 1322 1990 bili
1336 1976 1354 2005 ,
1422 1923 1531 1989 vel
1582 1923 1804 2006 potius
1848 1925 2072 1989 mania
2113 1924 2324 2007 perci·

361 2024 530 2094 tum,
573 2014 709 2080 huc
751 2011 910 2077 illuc
954 2010 1137 2077 nullo
1181 2009 1441 2077 delectu
1484 2010 1756 2093 raptari.

536 2100 638 2166 Ac
693 2098 1012 2184 principio
1064 2118 1230 2180 quae
1280 2098 1356 2161 in
1408 2116 1530 2162 sua
1582 2094 1668 2162 ad
1711 2093 2095 2163 Sadoletum
2152 2098 2324 2178 epis-

361 2187 502 2252 tola
532 2192 791 2260 tractat,
838 2183 1102 2250 tametsi
1133 2205 1270 2248 non
1311 2190 1471 2248 sunt
1501 2182 1698 2247 huius
1734 2182 2136 2266 quaestionis
2173 2203 2323 2264 pro-

362 2273 530 2358 pria,
575 2273 731 2355 quia
765 2278 991 2336 tamen
1021 2268 1105 2335 ad
1124 2265 1698 2353 praegravandum
1726 2275 2019 2333 nostram
2058 2288 2325 2333 causam

363 2381 395 2425 s
516 2365 694 2439 tant,
750 2355 961 2422 obiter
1013 2351 1479 2438 expendamus.
1569 2353 1858 2419 Miratur
1908 2373 1984 2419 ac
2029 2351 2327 2437 deplorat

428 2444 649 2528 ’ghius
707 2442 1108 2510 Germaniae
1166 2460 1327 2506 suae
1383 2451 1750 2523 stuporem,
1810 2458 1978 2522 quae
2031 2441 2324 2522 potuerit

350 2525 447 2594 ‘ad
508 2529 872 2596 doctrinam
923 2535 1221 2595 nostram
1274 2525 1690 2592 commoveri.
1777 2525 1916 2591 Nos
1971 2524 2150 2591 enim
2206 2546 2323 2590 ne-

358 2615 620 2700 gotium
661 2636 744 2699 ag
864 2613 932 2680 di
972 2613 1169 2698 longe
1212 2610 1563 2692 difficilius,
1608 2631 1808 2696 quam
1850 2611 2004 2676 olim
2047 2613 2326 2678 fecerint

359 2722 401 2767 a
489 2700 675 2768 stoli:
773 2699 968 2766 einde
1021 2697 1497 2765 absurdissima
1552 2697 1812 2776 docere,
1882 2705 1949 2763 et
2007 2695 2319 2781 quidquid

361 2809 400 2853 o
431 2787 447 2800 ⁶
566 2787 858 2853 alienum
911 2807 952 2851 a
991 2804 1152 2852 vera
1203 2784 1468 2867 pietatis
1511 2782 1744 2868 regula
1786 2784 2140 2850 commenti
2187 2785 2322 2851 sint

358 2872 691 2952 haeretici,
735 2874 817 2939 ab
860 2872 1089 2937 inferis
1130 2890 1473 2937 revocare:
1517 2870 1650 2935 imo
1692 2889 2006 2953 superare
2028 2870 2322 2936 omnium

362 2958 824 3026 deliramenta:
870 2965 940 3025 et
980 2967 1204 3023 tamen
1249 2955 1435 3035 nihil,
1484 2953 1589 3022 vel
1631 2956 1704 3020 in
1728 2955 2012 3039 speciem
2055 2955 2319 3037 habere,

360 3044 533 3128 quod
572 3045 738 3111 falso
786 3044 1023 3111 saltem
1074 3041 1423 3127 splendore
1467 3041 1771 3107 homines
1817 3041 2026 3125 possit
2066 3041 2317 3109 fallere.

358 3129 591 3214 Neque
628 3131 805 3197 enim
828 3130 938 3197 vel
963 3125 1279 3206 doctrina,
1326 3127 1435 3193 vel
1467 3127 1795 3206 facundia,
1837 3127 1949 3193 vel
1972 3129 2322 3195 sanctitate

358 3217 537 3284 vitae
573 3216 926 3297 excellere,
969 3235 1137 3299 quae
1182 3213 1527 3280 hominum
1556 3215 1992 3280 attentionem
2035 3216 2322 3281 excitare

358 3302 612 3370 debeat.
665 3303 888 3387 Atque
909 3310 986 3367 ut
1004 3301 1129 3367 hoc
1151 3299 1387 3366 melius
1409 3298 1786 3383 amplificet,
1811 3295 2102 3366 ostendit
2123 3321 2321 3384 quam

356 3391 587 3474 inepta
628 3390 718 3455 sit
759 3409 835 3456 ac
876 3397 1302 3472 praepostera
1344 3393 1572 3451 nostra
1614 3384 1851 3470 agendi
1896 3387 2084 3452 ratio.
2181 3387 2317 3453 Re·

355 3473 654 3557 sponQo
695 3473 1003 3552 breviter,
1049 3473 1249 3538 nimis
1284 3470 1620 3555 stupidum
1656 3492 1800 3538 eme
1825 3471 2161 3556 Pighium,
2207 3475 2320 3557 qui

355 3579 499 3626 non
551 3568 869 3646 agnoscat
918 3559 1177 3626 illustre
1230 3580 1306 3625 ac
1360 3557 1786 3624 manifestum
1857 3578 2001 3624 esse
2055 3555 2320 3626 divinae

351 3647 690 3730 potentiae
732 3644 1146 3726 miraculum,
1200 3642 1393 3728 quod,
1438 3642 1600 3709 velit
1640 3643 1828 3722 nolit,
1872 3645 2102 3710 mirari
2143 3647 2320 3730 cogi-

353 3742 489 3800 tur.
575 3731 750 3800 Nam
804 3754 934 3817 quo
976 3753 1099 3798 nos
1149 3730 1372 3796 minus
1413 3727 1580 3795 bene
1633 3730 1995 3814 comparati
2036 3732 2320 3798 instruc-

351 3819 543 3901 tique
600 3839 834 3884 sumus
889 3818 974 3885 ad
1016 3823 1282 3883 tantum
1331 3823 1598 3899 tamque
1655 3815 1935 3882 arduum
1991 3835 2187 3899 opus,
2245 3840 2322 3885 eo

349 3903 574 3989 magis
604 3905 957 3990 perspicua
990 3902 1207 3969 elucet
1236 3901 1370 3967 Dei
1403 3902 1637 3981 virtus,
1673 3922 1840 3985 quae
1871 3922 1993 3985 per
2029 3912 2321 3972 nostram

348 3990 814 4060 infirmitatem
860 3997 1074 4056 totum
1127 3987 1354 4054 orbem
1407 3987 1713 4053 concutit.
1806 3986 2000 4069 Quod
2057 3989 2116 4055 si
2157 3991 2322 4058 istae

350 4074 585 4161 Pighii
645 4077 1091 4158 querimoniae
1144 4076 1217 4139 in
1272 4072 1720 4157 apostolorum
1784 4082 2045 4158 tempus
2100 4078 2322 4142 confe-

348 4171 625 4239 rantur,
692 4160 874 4229 dicas
937 4159 1416 4246 Porphyrium,
1495 4167 1612 4224 aut
1678 4159 1966 4243 aliquem
2037 4160 2244 4228 alium
2268 4164 2319 4239 ¹)

351 4268 447 4324 ex
501 4246 621 4312 illa
670 4248 937 4315 cohorte
985 4246 1183 4331 loqui.
1270 4243 1506 4329 Itaque
1558 4266 1645 4311 ne
1699 4245 1809 4312 hic
1861 4245 2122 4331 longior
2173 4248 2319 4329 sim,

348 4332 768 4417 respondebo
810 4355 896 4399 ex
937 4353 1051 4399 ore
1085 4331 1313 4399 Pauli:
1361 4352 1483 4398 nos
1524 4330 1808 4399 libenter
1846 4333 2058 4414 fateri,
2106 4339 2203 4398 tot
2244 4356 2321 4401 ac
2367 4359 2368 4362 ¹

347 4427 550 4486 tanta
589 4419 922 4502 praesidia
953 4419 1143 4485 nobis
1176 4419 1451 4483 minime
1484 4429 1854 4501 suppetere,
1920 4440 2046 4485 uae
2066 4419 2151 4485 ad
2171 4430 2321 4485 tan-

353 4513 507 4571 tam
548 4504 789 4574 molem
834 4504 1292 4572 sustinendam
1334 4503 1699 4571 sufficiant:
1754 4525 1883 4588 quo
1986 4504 2322 4573 doctrinae

343 4598 627 4657 nostrae
679 4590 928 4665 veritas
969 4614 1047 4659 ac
1089 4590 1255 4657 fides
1296 4610 1430 4656 non
1473 4588 1847 4673 eloquentia
1860 4641 1876 4669 ,
1933 4599 2050 4657 aut
2099 4591 2321 4659 erudi-

346 4676 538 4742 tione
578 4678 865 4762 propria,
924 4677 1043 4745 sed
1084 4675 1414 4760 spirituali
1454 4675 1585 4740 Dei
1627 4677 1878 4741 virtute
1921 4678 2195 4745 fundata
2235 4680 2325 4747 sit

344 4764 433 4840 (2
471 4759 620 4829 Cor.
659 4767 717 4842 2,
761 4768 871 4846 16;
927 4770 955 4828 l
997 4763 1157 4830 Cor.
1190 4765 1250 4843 2,
1295 4764 1387 4847 4).
1477 4760 1766 4828 eausam
1808 4771 1986 4829 certe
2032 4763 2316 4832 validam

341 4869 437 4914 ac
489 4848 727 4916 fortem
779 4870 924 4918 esse
967 4855 1227 4934 oportet
1241 4900 1260 4928 ,
1314 4867 1481 4931 quae
1525 4866 1661 4912 non
1705 4846 2050 4915 hominum

341 4934 564 5015 cinit),
616 4955 754 5001 non
794 4938 1092 5002 externis
1135 4931 1537 5019 quibuslibet
1578 4938 1728 5014 [pag.
1770 4939 1835 5015 7]
1880 4932 2317 5015 adminiculis,

335 5018 476 5089 sed
511 5019 654 5086 sola
694 5041 818 5088 sua
856 5022 1149 5090 bonitate
1189 5019 1465 5088 suffulta
1505 5018 1836 5087 consistat.

495 5293 556 5364 1)
593 5296 776 5366 alium,
809 5312 914 5351 om.
949 5296 1032 5351 ed.
1071 5296 1252 5353 Besae
1287 5294 1426 5352 1576
1459 5302 1508 5351 et
1543 5311 1685 5367 seqq.

1864 363 1990 428 DE
2034 361 2392 429 LIBERO
2435 363 2910 431 ARBITRIO.
2984 407 2991 418 ·

2096 4860 2338 4934 pam.

4271 374 4397 435 238

2609 552 2892 618 Desinat
2931 574 3089 637 ergo
3133 562 3402 637 stupere
3444 554 3746 640 Pighius,
3792 556 3973 621 unde
4017 557 4184 622 haec
4225 579 4401 624 nova

2436 645 2505 703 et
2550 636 2851 704 inaudita
2905 637 3242 705 doctrinae
3298 648 3562 706 nostrae
3606 642 3927 709 efficacia:
3983 642 4248 726 quando
4289 665 4398 712 res

2433 724 2579 806 ipsa
2637 723 2908 802 clamat,
2975 744 3112 790 non
3154 725 3532 792 Lutherum
3576 728 3768 793 initio
3827 727 4207 812 loquutum‚
4272 731 4390 795 sed

2432 807 2655 874 Deum
2692 830 2814 893 per
2854 831 2927 876 os
2971 812 3112 877 eius
3154 811 3543 878 fulminasse
3554 836 3574 892 3
3630 834 3843 895 neque
3888 834 4007 880 nos
4062 813 4256 881 hodie
4298 814 4398 881 lo-
4494 855 4501 862 ·

2433 896 2573 977 qui,
2641 894 2757 961 sed
2812 896 3035 960 Deum
3092 919 3128 961 e
3197 898 3375 962 coelo
3444 900 3760 964 virtutem
3829 920 4018 964 suam
4071 921 4394 966 exserere.

2432 979 2643 1063 Atqui
2687 1002 2770 1045 ex
2814 982 3024 1048 altera
3057 991 3247 1065 parte
3287 983 3710 1062 demonstrat,
3756 995 4080 1068 quantum
4115 987 4196 1052 ab
4241 1007 4397 1070 apo-

2432 1065 2618 1130 stolis
2664 1065 3067 1134 differamus.
3158 1069 3489 1152 Equidem
3547 1071 3604 1135 si
3661 1069 3743 1136 de
3797 1072 4097 1154 personis
4152 1074 4397 1157 agitur,

2430 1150 2638 1217 nullis
2681 1151 2901 1218 verbis
2944 1155 3103 1218 satis
3149 1156 3431 1237 exprimi
3474 1164 3705 1239 potest,
3753 1163 4000 1240 quanto
4043 1158 4397 1224 intervallo

2431 1258 2554 1303 nos
2605 1236 2708 1301 illi
2761 1239 3199 1321 praecellant:
3265 1241 3377 1306 sed
3431 1243 3504 1306 in
3569 1243 3804 1325 quibus
3864 1264 3983 1309 nos
4041 1243 4397 1310 dissimiles

2429 1323 2587 1389 facit
2627 1322 2928 1409 Pighius,
2972 1333 3292 1408 quantum
3338 1326 3423 1392 ad
3464 1326 3857 1407 doctrinam,
3903 1327 4047 1396 dico
4086 1350 4208 1395 nos
4253 1352 4397 1396 esse

2429 1407 2818 1475 simillimos.
2907 1410 3036 1489 Illi,
3072 1412 3307 1496 inquit,
3354 1433 3433 1478 ea
3473 1414 3836 1479 narrabant
3877 1435 4044 1496 quae
4087 1413 4397 1481 viderant

2429 1495 2666 1574 oculis,
2712 1515 2880 1578 quae
2923 1497 3191 1563 auribus
3226 1499 3615 1577 hauserant,
3658 1520 3826 1583 quae
3868 1501 4205 1582 praedicta
4248 1503 4393 1566 fue-

2428 1589 2613 1659 rant,
2680 1603 2849 1663 quae
2902 1583 3139 1666 figuris
3209 1582 3620 1652 adumbrata.
3711 1584 3852 1650 Nos
3907 1594 4125 1652 autem
4184 1586 4388 1669 quid?

2429 1666 2541 1731 An
2600 1687 2851 1734 novum
2904 1669 3321 1752 evangelium
3366 1670 3784 1750 excudimus,
3841 1672 3945 1735 cui
3988 1672 4394 1755 postulemus

2429 1751 2657 1817 haberi
2701 1750 2931 1832 fidem,
2991 1753 3106 1818 illo
3148 1755 3372 1821 valere
3416 1758 3597 1822 iusso
3640 1756 3816 1839 quod
3855 1757 4130 1840 apostoli
4169 1758 4392 1841 prodi-

2429 1836 2713 1902 derunt?
2774 1837 3027 1904 Multas
3065 1849 3133 1906 et
3157 1839 3239 1905 de
3273 1842 3471 1908 rebus
3512 1843 3717 1909 variis
3749 1845 4224 1909 controversias
4272 1844 4392 1908 ha-

2427 1923 2660 1989 bemus
2718 1945 2871 1989 cum
2935 1946 3140 2010 regno
3190 1929 3449 1992 romani
3492 1929 3921 2007 Antichristi,
3992 1928 4108 1994 sed
4162 1950 4394 1995 omnes

2429 2009 2900 2093 propemodum
2967 2035 3053 2078 ex
3119 2011 3243 2079 hoc
3308 2014 3487 2078 fonte
3555 2015 3803 2092 fluunt,
3873 2014 4049 2097 quod
4105 2013 4391 2094 Christo,

2427 2096 2769 2177 prophetis
2810 2105 2877 2161 et
2919 2098 3233 2181 apostolis
3267 2098 3675 2164 audientiam
3713 2098 3856 2165 dari
3902 2101 4227 2178 volumus,
4273 2100 4393 2166 ad-

2430 2182 2732 2259 versarii,
2789 2182 2944 2266 quia
2996 2182 3334 2250 silentium
3392 2185 3613 2267 palam
3668 2186 4021 2270 iniungere
4076 2186 4212 2251 illis
4256 2207 4395 2252 non

2430 2264 2712 2347 audent,
2772 2268 2912 2335 suis
2952 2271 3292 2353 figmentis
3340 2270 3555 2336 locum
3598 2270 3833 2336 iubent
3874 2271 4050 2336 dare.
4144 2271 4408 2352 Mirus,'

2427 2352 2670 2435 inquit,
2749 2355 3192 2437 apostolorum
3269 2375 3624 2422 consensus
3692 2365 3837 2422 erat
3910 2357 3983 2422 in
4066 2357 4386 2424 doctrina.

2428 2435 2641 2518 Quasi
2683 2460 2839 2505 vero
2883 2461 3018 2506 non
3060 2441 3240 2508 hunc
3280 2462 3534 2525 quoque
3577 2463 3970 2508 consensum
4011 2443 4267 2508 dederit
4306 2443 4393 2508 iis

2423 2523 2776 2605 Dominus,
2813 2527 2927 2609 qui
2960 2527 3284 2611 evangelii
3307 2526 3675 2594 doctrinam
3709 2530 3781 2593 in
3805 2529 4162 2612 pristinum
4196 2550 4391 2594 suum

2421 2608 2645 2676 locum
2679 2612 3031 2679 restituere
3074 2611 3272 2680 hodie
3307 2623 3644 2680 conantur.
3701 2613 3972 2691 Aderat,
4009 2615 4242 2699 inquit,
4290 2614 4391 2680 di-

2425 2696 2620 2762 vinae
2670 2698 3063 2781 operationis
3116 2699 3220 2766 vis
3273 2707 3777 2782 praesentanea:
3833 2699 4061 2766 aderat
4117 2700 4391 2783 spiritus

2422 2781 2537 2847 ille
2578 2783 2848 2867 igneus,
2908 2786 3024 2868 qui
3069 2806 3142 2851 se
3196 2784 3459 2851 illorum
3513 2785 3835 2863 moribus,
3911 2785 4105 2852 vultu
4153 2786 4391 2852 oculis-

2424 2888 2553 2951 que
2610 2871 2971 2952 promebat.
3062 2869 3200 2938 Sed
3242 2873 3420 2936 enim
3465 2870 3630 2938 haec
3686 2877 3754 2936 et
3795 2892 4221 2955 quaecunque
4257 2872 4388 2938 alia

2425 2964 2901 3023 commemorat
2940 2957 3249 3042 Pighius,
3309 2959 3381 3023 in
3434 2957 3829 3040 apostolicae
3874 2956 4237 3038 doctrinae,
4283 2958 4391 3025 vel

2424 3042 3058 3110 commendationem
3072 3095 3089 3122 ‚
3148 3043 3252 3110 vel
3308 3043 3844 3126 approbationem
3864 3096 3880 3122 ,
3934 3063 4127 3109 arma
4163 3054 4392 3110 nostra

2425 3139 2600 3193 sunt.
2693 3126 3035 3212 Quidquid
3077 3130 3256 3194 enim
3303 3129 3647 3207 docemus,
3702 3131 3777 3194 in
3831 3130 4002 3195 hanc
4059 3150 4391 3196 summam

2425 3213 2618 3292 redit,
2647 3223 2722 3278 ut
2743 3215 3165 3299 evangelium
3205 3214 3392 3292 illud,
3440 3214 3615 3298 quod
3650 3224 3750 3279 tot
3781 3237 3822 3280 a
3857 3215 4211 3298 praeclaris
4256 3225 4388 3282 tes-

2425 3301 2719 3366 timoniis
2772 3302 3235 3366 confirmatum
3288 3302 3495 3368 fuisse
3551 3302 3978 3385 pronunciat,
4050 3322 4091 3366 a
4140 3301 4390 3366 mundo

2424 3385 2748 3452 audiatur.
2843 3384 3197 3469 Sepultum
3232 3388 3413 3452 enim
3453 3387 3677 3464 fixisse,
3724 3397 3793 3450 'et
3834 3387 4026 3469 quasi
4069 3385 4390 3451 abolitum

2423 3493 2509 3537 ex
2563 3472 2907 3537 hominum
2951 3473 3270 3538 memoria
3286 3522 3303 3551 ,
3348 3473 3837 3554 conquerimur,
3897 3492 4113 3553 neque
4155 3473 4389 3537 iinme-

2423 3557 2571 3622 rit0.
2661 3557 2801 3624 Nec
2844 3557 3024 3623 aliud
3057 3558 3429 3642 quaesitum
3474 3566 3577 3622 est
3609 3579 3650 3621 a
3691 3558 3938 3623 nostris
3970 3577 4092 3640 per
4133 3557 4254 3622 hos
4289 3559 4389 3623 vi-

2425 3644 2591 3728 ginti
2636 3643 2922 3727 quinque
2958 3664 3194 3721 annos,
3236 3664 3435 3726 quam
3480 3652 3558 3708 ut
3599 3651 3738 3709 tota
3781 3644 4113 3709 contentio
4151 3645 4246 3709 sic
4290 3641 4391 3708 di-

2425 3730 2779 3795 rimeretur
2793 3780 2810 3808 ,
2867 3749 2950 3794 ne
3006 3729 3383 3798 hominibus
3446 3734 3595 3809 [pag.
3650 3732 3715 3808 8]
3773 3728 4039 3796 cederet
4091 3730 4387 3808 victoria,

2425 3814 2543 3881 sed
2598 3836 2800 3898 penes
2870 3815 3239 3881 doctrinam
3289 3816 3477 3882 illam
3529 3837 3572 3882 a
3623 3813 3894 3881 Christo
3957 3823 4025 3880 et
4079 3817 4393 3899 apostolis

2424 3901 2755 3986 proditam
2768 3954 2787 3981 ,
2831 3910 2910 3966 ut
2949 3923 3072 3985 par
3115 3911 3286 3981 erat,
3333 3901 3551 3969 solum
3586 3909 3902 3974 maneret.
3991 3902 4188 3967 Nunc
4227 3921 4388 3984 quo-

2427 4008 2586 4071 que,
2645 3988 2704 4053 si
2745 3988 3029 4055 convicti
3085 3987 3433 4067 fuerimus,
3487 3987 3735 4072 aliquid
3776 3997 4041 4070 praeter
4084 4009 4227 4053 eam
4274 3984 4388 4053 do-

2426 4093 2603 4153 cere,
2662 4093 2793 4138 non
2850 4075 3046 4140 modo
3100 4092 3443 4141 recantare
3485 4075 3697 4157 parati
3733 4094 3989 4151 sumus,
4048 4073 4165 4139 sed
4208 4072 4389 4137 omni

2432 4159 2651 4225 studio
2703 4160 3114 4244 impugnare.
3200 4160 3262 4226 Ε
3443 4182 3647 4243 quum
3718 4180 3759 4224 a
3811 4159 3964 4225 nobi
4069 4157 4390 4224 miracula

2424 4245 2838 4331 flagitantur,
2899 4254 2967 4311 et
3025 4246 3154 4312 alia
3195 4247 3310 4329 qui
3356 4269 3435 4313 us
3491 4246 3649 4311 olim
3706 4254 3959 4329 evan'ge
4009 4245 4034 4309 i
4077 4244 4388 4312 maiestas

2426 4333 2682 4400 sancita
2722 4333 2868 4410 fuit,
2914 4353 3047 4397 non
3092 4333 3223 4399 alia
3274 4330 3668 4417 proterenda
3722 4343 3906 4409 sunt,
3966 4351 4164 4413 quam
4219 4351 4388 4412 quae

2426 4426 2587 4485 tunc
2633 4439 2754 4503 per
2797 4439 3033 4484 manus
3076 4419 3520 4503 apostolorum
3563 4418 3836 4482 fuerunt
3876 4415 4069 4482 edita.
4160 4414 4389 4482 Semel

2425 4507 2607 4571 enim
2649 4506 3075 4585 exstiterunt,
3133 4504 3248 4570 sed
3303 4506 3376 4569 in
3428 4512 3818 4587 perpetuam
3862 4502 4190 4587 evangelii
4233 4523 4387 4567 con·
4437 4579 4455 4585 ,

2423 4592 2883 4657 firmationem.
2972 4592 3193 4674 Atque
3252 4590 3362 4657 hic
3424 4589 3593 4655 mihi
3647 4610 3845 4672 quam
3914 4589 4242 4671 spatiosus
4287 4587 4387 4653 di-

2424 4676 2620 4744 cendi
2675 4697 2946 4760 campus
3009 4684 3297 4758 pateret,
3360 4697 3569 4760 quum
3633 4674 3717 4740 de
3780 4673 4261 4759 ingratitudine
4311 4695 4386 4741 ac

2423 4762 2711 4842 malitia,
2769 4773 2916 4827 tum
2959 4763 3159 4828 etiam
3203 4761 3285 4828 de
3325 4759 3741 4846 impudentia
3782 4780 4042 4840 eorum,
4100 4763 4214 4845 qui
4250 4781 4389 4826 non

2424 4847 2618 4914 modo
2662 4848 3085 4932 evangelium
3128 4846 3384 4914 Christi
3399 4899 3415 4926 ,
3471 4846 3748 4932 perinde
3792 4867 3870 4913 ac
3912 4847 3969 4911 si
4013 4867 4265 4914 novum
4289 4847 4388 4911 fo-

2424 4942 2533 5000 ret
2573 4954 2650 5000 ac
2693 4954 2909 5018 nuper
2950 4942 3205 5014 natum,
3250 4935 3443 5002 novis
3484 4935 3730 4999 iterum
3776 4933 3985 5018 signis
4030 4930 4388 5017 approbari

2423 5020 2763 5104 post-issant
2776 5072 2793 5099 ,
2848 5019 2965 5087 sod
3008 5019 3127 5087 illa
3168 5022 3315 5104 ipsa
3354 5019 3694 5099 miracula,
3740 5039 3911 5103 quae
3952 5019 4095 5084 eius
4139 5018 4389 5103 gloriae

2422 5107 2675 5173 servire
2719 5106 2993 5186 debent,
3049 5107 3120 5172 in
3164 5106 3634 5174 contumeliam
3691 5113 4004 5189 torquent
4043 5112 4239 5187 atque
4280 5104 4386 5170 lu-

2421 5191 2725 5259 dibrium.
2829 5189 2965 5259 Sed
3009 5194 3319 5277 quoniam
3372 5191 3457 5259 ad
3490 5193 3665 5259 hanc
3709 5212 3851 5257 rem
3896 5190 4180 5256 alterum
4222 5210 4409 5273 opus-

2420 5278 2769 5359 destinavi,
2790 5280 2863 5344 in
2886 5279 3264 5362 praesentia
3281 5278 3692 5364 supersedeo.
3748 5280 3844 5343 At
3863 5276 4084 5360 pergit
4102 5276 4386 5360 Pighius
