4967 5992
414 396 489 462 x
812 417 823 428 ·
954 355 963 364 ’
1594 367 2141 461 1111611166
2186 379 2777 500 1666166161
2817 389 3263 460 monas.

416 583 713 651 iudicare
767 583 997 668 possis.
1101 580 1347 666 Accipe
1396 582 1535 648 iam
1578 582 1816 666 quibus
1870 579 2181 648 subsidiis
2235 580 2547 647 instructi
2600 579 2726 648 hac
2779 579 3024 646 laboris
3067 580 3278 647 nostri
3321 588 3507 668 parte
3551 579 3841 700 defuncti
3885 595 4134 650 sumus.
4224 585 4440 670 Atque

419 697 711 779 primum
753 692 835 760 de
881 693 1168 760 editione
1210 694 1451 779 gallica
1491 691 1802 758 dicemus.

733 916 1290 1001 Antiquissimum
1331 914 1669 998 exemplar
1712 913 2091 980 catechismi
2133 913 2514 997 posterioris
2557 910 2781 997 gallici
2825 911 2996 996 quod
3039 914 3330 980 nancisci
3373 915 3735 996 potuimus,
3781 924 3850 981 et
3893 916 3977 982 ad
4021 919 4205 985 cuius
4244 920 4444 988 fidem

423 1035 688 1094 textum
730 1027 956 1094 recudi
1000 1021 1375 1094 curabimus
1389 1077 1407 1103 ,
1461 1026 1732 1091 unicum
1776 1031 2040 1091 exstare
2082 1024 2349 1091 videtur
2401 1024 2475 1088 in
2521 1023 2914 1090 bibliotheca
2955 1023 3173 1091 ducali
3217 1023 3557 1104 Gothana,
3613 1027 3686 1090 in
3728 1026 3959 1093 eodem
3995 1028 4330 1099 volumine
4370 1034 4443 1098 in

424 1159 556 1222 quo
601 1139 804 1205 etiam
849 1144 1204 1203 tractatum
1249 1135 1564 1222 gallicum
1607 1136 1690 1201 de
1733 1134 1960 1202 Coena
2003 1155 2058 1200 a.
2112 1139 2274 1198 1542
2321 1154 2523 1217 supra
2563 1133 2908 1200 laudatum
2953 1134 3345 1201 invenimus.
3437 1135 3701 1202 'l'itulus
3740 1136 3850 1204 hic
3894 1145 4020 1204 est:

734 1236 862 1320 Le
926 1236 1434 1320 catechismo
1497 1235 1603 1317 de
1636 1231 1644 1346 Ι
1672 1243 2118 1330 ,L’EGLISE
2176 1246 2306 1311 DE
2353 1245 2640 1312 GENE-
2666 1246 2678 1331 ι
2701 1266 2811 1311 ue:
2870 1244 3032 1312 &est
3082 1253 3125 1311 a
3177 1245 3350 1326 dire,
3404 1245 3468 1313 10
3510 1247 3930 1314 Formmaire
3972 1249 4173 1335 dan-1
4200 1254 4441 1320 struite

420 1361 521 1428 les
564 1362 798 1427 enfans
838 1381 924 1426 en
967 1358 1035 1425 la
1077 1358 1529 1427 Ohrestiente:
1584 1356 1594 1441 Ι
1643 1358 1803 1423 faict
1843 1378 1929 1422 en
1971 1356 2264 1422 muniere
2310 1356 2391 1422 de
2434 1355 2739 1441 dialogue
2782 1378 2870 1422 611
2910 1356 2974 1422 16
3017 1355 3405 1439 Mi-lnistre
3442 1358 3852 1443 interrogue,
3911 1368 3980 1425 et
4022 1360 4296 1429 l’enfant
4338 1388 4441 1432 re-

423 1471 651 1555 spond.
705 1471 716 1555 Ι
1094 1469 1106 1554 1
1162 1469 1299 1535 Par
1355 1467 1413 1534 I.
1462 1464 1708 1533 Calain.
1763 1469 1772 1552 Ι
1818 1477 2119 1544 (emblema
2151 1475 2513 1548 typographi.)
2562 1476 2573 1544 ι
2619 1476 2876 1532 npnns
2915 1477 2986 1531 11
3039 1475 3050 1543 ι
3098 1477 3178 1532 Le
3224 1476 3533 1533 fondement
3575 1478 3644 1533 «ιο
3695 1477 3916 1548 raguse
3968 1487 4052 1536 est
4096 1483 4153 1537 12
4198 1485 4440 1543 coemo

421 1592 518 1647 des
562 1581 574 1682 Ι
626 1591 928 1661 Prophetes
964 1596 1020 1645 et
1061 1590 1158 1645 des
1193 1590 1475 1659 Apostres.
1526 1577 1536 1665 Ι
1590 1583 1773 1643 1545.

316 1683 325 1690 ⁰
728 1691 1080 1758 Emblema
1131 1690 1533 1776 typographi
1589 1696 2046 1772 repraesentat
2099 1710 2377 1755 manum
2433 1687 2728 1775 gladium
2784 1697 3079 1756 erectum
3130 1695 3501 1770 tenentem,
3560 1690 3702 1757 sine
3755 1693 4053 1775 flamma,
4107 1716 4260 1762 cum
4285 1699 4441 1781 epi-

421 1801 699 1888 grapho:
747 1811 901 1866 NON
935 1812 1118 1866 VENI
1152 1813 1271 1867 PA-
1286 1801 1465 1889 ΙΟΕΜ
1497 1809 1850 1880 ΜΙΤΤΕΒΕ,
1899 1809 1910 1877 Ι
1960 1810 2099 1865 SED
2136 1809 2494 1866 GLADIVM.
2578 1801 2689 1866 Ex
2733 1799 2839 1866 his
2881 1798 2978 1864 Io.
3006 1799 3294 1865 Gerardi
3336 1801 3666 1867 officinam
3721 1801 3925 1868 libelli
3969 1808 4180 1872 nostri
4235 1830 4438 1878 cunas

420 1914 639 1996 fnisse,
672 1913 1101 1998 suspicamur.
1162 1911 1653 1994 Quaterniones
1696 1918 1857 1978 sunt
1898 1933 2137 1978 novem
2180 1911 2429 1996 (A-I)
2472 1913 2723 1976 formae
2761 1911 3136 1977 octonariae
3170 1911 3505 1991 minimae,
3550 1912 3706 1978 folia
3746 1924 4096 1981 numerata
4146 1922 4245 2000 68,
4294 1922 4437 2005 qui-

422 2026 545 2092 bus
590 2025 909 2093 accedunt
950 2030 1229 2107 quatuor
1270 2024 1415 2089 sine
1455 2022 1659 2107 siglis.
1841 2008 1845 2011 ’

731 2136 1078 2203 Continet:
1132 2135 1197 2220 1)
1239 2136 1311 2201 in
1351 2134 1505 2200 folio
1546 2133 1733 2199 tituli
1774 2153 1966 2200 verso
2008 2132 2605 2217 praefatiunculam
2615 2155 2632 2212 ;
2679 2132 2750 2227 2)
2792 2131 2899 2198 fol.
2935 2134 3151 2197 2-68
3186 2130 3682 2200 Oatechismum
3724 2136 3944 2218 ipsum
3977 2158 4130 2204 cum
4166 2140 4439 2207 rubricis
4539 2175 4546 2180 ·

421 2254 490 2313 et
531 2247 832 2332 allegatis
884 2246 1141 2313 biblicis
1198 2245 1483 2329 margini
1536 2244 1867 2327 incriptis3
1937 2245 2003 2327 3)
2049 2245 2119 2308 111
2175 2243 2349 2309 foliis
2406 2250 2687 2326 quatuor
2744 2244 3341 2326 supernumerariis
3401 2245 3809 2327 precationes
3862 2247 4115 2332 aliquot
4166 2250 4311 2333 pias
4367 2252 4437 2316 in

418 2380 614 2426 usum
669 2357 1123 2425 domesticum.
1220 2356 1373 2440 Ipse
1417 2354 1877 2424 Oatechismus
1936 2355 2019 2420 ab
2072 2354 2264 2420 initio
2312 2352 2398 2419 ad
2451 2355 2656 2420 finem
2697 2353 3068 2421 doctrinam
3121 2354 3554 2454 christianam
3596 2376 3728 2421 uno
3774 2364 4001 2425 tenore
4053 2367 4431 2443 pertractat,

417 2472 601 2538 nulla
641 2471 1070 2536 materiarum
1114 2467 1434 2537 divisione
1476 2467 1665 2533 facta.
1755 2466 2045 2531 Tantum
2082 2466 2155 2530 in
2198 2465 2656 2531 columnarum
2700 2466 2926 2545 titulis,
2971 2486 3135 2550 quos
3176 2465 3406 2533 dicunt
3447 2467 3877 2552 typographi,
3936 2472 4290 2554 praecipua
4332 2495 4435 2539 re·

417 2603 570 2649 rum
621 2583 840 2665 capita
896 2579 1430 2664 distinguuntur,
1486 2582 1555 2640 ct
1604 2576 1871 2660 quidem
1915 2575 2022 2641 fol.
2070 2580 2332 2640 2—24:
2386 2576 2555 2641 Des
2607 2576 2949 2643 articles
2993 2576 3085 2641 de
3128 2577 3207 2642 la
3248 2578 3416 2662 foy,
3476 2578 3583 2643 fol.
3631 2583 3904 2644 25—41
3954 2601 4037 2645 r.:
4095 2582 4258 2648 Des
4302 2584 4436 2650 dix

419 2691 1152 2768 commendemens,
1196 2689 1305 2754 fol.
1345 2692 1422 2752 41
1464 2691 1811 2752 v.—-54r.:
1856 2686 2318 2766 D’oraison,
2364 2686 2469 2753 fol.
2513 2691 2594 2751 54
2629 2692 2912 2753 v.—68:
2956 2688 3118 2755 Des
3161 2686 3664 2755 Sacramens.
3755 2688 3943 2771 Quae
3986 2689 4241 2773 divisio,
4286 2714 4435 2777 pos-

417 2813 528 2870 tea
566 2802 767 2868 etiam
808 2801 1020 2866 multo
1062 2801 1276 2884 magis
1317 2800 1662 2882 perspicue
1705 2797 2024 2876 indicata,
2082 2800 2224 2865 sine
2267 2797 2465 2866 dubio
2520 2800 2600 2866 ab
2658 2800 2801 2882 ipso
2846 2807 3074 2865 autore
3128 2800 3419 2883 profecta
3461 2807 3578 2867 est.
3669 2800 3860 2883 Quae
3897 2804 4180 2887 margini
4224 2804 4332 2871 hic
4371 2813 4438 2870 et

418 2916 493 2980 in
536 2913 956 2997 sequentibus
999 2911 1391 2978 editionibus
1435 2909 1899 2977 adscribuntur
1952 2909 2251 2978 rubricae
2302 2912 2592 2978 minores
2649 2912 2789 2978 sive
2849 2910 3220 2977 summulae
3272 2913 3702 2978 materiarum
3717 2963 3732 2993 ,
3784 2934 3905 2979 nos
3957 2934 4079 2997 pro
4131 2935 4314 2981 more
4363 2916 4434 2982 in

420 3032 610 3092 notas
666 3024 1045 3090 referemus.
1135 3024 1559 3088 Precationes
1615 3029 1774 3089 sunt
1828 3042 2107 3088 numero
2164 3023 2484 3107 quinque:
2538 3024 2864 3089 matutina
2877 3074 2893 3101 ,
2952 3021 3342 3089 scholastica
3356 3075 3372 3102 ,
3436 3030 3594 3089 ante
3648 3030 3716 3090 et
3772 3032 3920 3108 post
3960 3045 4231 3092 coenam
4271 3028 4436 3093 reci·

416 3136 678 3215 tantiae,
722 3136 1122 3219 vespertina.

727 3246 1092 3326 Secundae,
1138 3266 1307 3331 quae
1350 3246 1538 3311 nobis
1582 3246 1893 3323 innotuit,
1940 3244 2245 3312 'editionis
2288 3244 2415 3328 ipsi
2457 3243 2870 3329 possidemus
2912 3244 3252 3328 exemplar
3293 3266 3414 3329 pro
3458 3253 3751 3330 tempore
3786 3248 4070 3314 unicum.
4137 3249 4434 3319 Libellus

417 3365 519 3426 est
556 3359 808 3425 formae
849 3358 1177 3438 minimae,
1222 3359 1368 3442 ipsa
1409 3356 1527 3423 illa
1568 3377 1765 3441 quam
1802 3377 1922 3422 nos
1964 3357 2038 3421 in
2082 3376 2114 3421 s
2128 3376 2166 3421 e
2180 3355 2483 3422 decimo
2519 3353 2796 3422 dicimus
2830 3357 3121 3422 minoris.
3183 3355 3669 3438 Quaterniones
3702 3365 3857 3423 sunt
3891 3379 4132 3427 novem
4167 3359 4432 3444 (A—I),

416 3470 701 3557 paginae
749 3473 868 3535 133
914 3476 1319 3551 numeratae,
1366 3475 1436 3535 et
1477 3466 1782 3533 undecim
1827 3467 2010 3534 aliae.
2101 3467 2182 3533 In
2226 3466 2422 3533 titulo
2465 3488 2708 3533 nomen
2751 3466 3155 3535 Gatechismi
3197 3469 3601 3535 ornamentis
3645 3467 4121 3536 circumdatum
4157 3481 4260 3540 est
4297 3474 4437 3541 eius

418 3583 679 3667 generis
722 3579 898 3666 quod
940 3581 1277 3647 arabicum
1319 3580 1540 3646 vocari
1585 3578 1767 3645 solet.
1858 3577 2215 3645 Caeterum
2258 3579 2353 3644 sic
2396 3600 2468 3645 se
2512 3578 2738 3644 habet:

727 3693 852 3758 LE
896 3690 1572 3778 ΟΑΤΕ-ΙΟΗῙΒΜΕ
1618 3691 1632 3776 Ι
1682 3691 1789 3756 De
1833 3689 2135 3756 Geneue:
2194 3689 2354 3756 c’est
2405 3712 2446 3756 a
2501 3689 2670 3769 dire,
2728 3690 2793 3757 le
2834 3689 3253 3756 Formulaire
3299 3689 3308 3776 1
3362 3689 3742 3756 d’instruire
3795 3691 3893 3757 les
3947 3694 4178 3759 enfans
4232 3716 4317 3761 en
4371 3698 4440 3762 la

418 3803 909 3890 Chre-lstiente
960 3803 1084 3868 fait
1120 3824 1207 3868 en
1248 3803 1542 3868 maniere
1586 3800 1667 3866 de
1717 3801 1727 3884 Ι
1775 3800 2108 3886 dialogue,
2166 3822 2250 3867 611
2292 3800 2355 3865 16
2399 3800 2709 3867 Ministro
2757 3801 2767 3887 Ι
2815 3802 3226 3886 interrogue,
3283 3808 3353 3866 et
3393 3800 3741 3890 l’en-lfant
3782 3803 4082 3888 respond.
4125 3803 4138 3891 Ι
4301 3807 4439 3873 Par

418 3916 585 3982 Iean
642 3912 901 3979 Caluin.
952 3915 962 3999 1
1010 3924 1213 3993 Ephes.
1253 3927 1306 3978 2.
1359 3913 1370 3998 Ι
1423 3914 1526 3979 Le
1578 3910 1961 3978 fondament
2022 3911 2103 3979 de
2155 3911 2428 3996 l’Eglise
2482 3919 2587 3979 est
2642 3912 2710 3978 la
2769 3910 3064 3979 doctrine
3111 3913 3122 3996 Ι
3171 3912 3287 3980 1166
3341 3912 3711 3997 Prophetes
3779 3920 3848 3980 et
3900 3912 4015 3981 des
4073 3917 4434 4005 Apostreal

424 4038 475 4091 A
519 4034 824 4092 GENEVE
858 4035 1005 4090 PAR
1054 4025 1062 4110 Ι
1109 4024 1275 4091 Iean
1318 4025 1584 4091 Girard.
1634 4024 1643 4111 1
1702 4030 1884 4094 1548.

732 4137 1012 4203 Praeter
1051 4136 1234 4202 illam
1278 4135 1667 4202 divisionem
1710 4138 1784 4202 in
1825 4144 2106 4221 quatuor
2149 4137 2390 4221 capita,
2436 4157 2602 4221 quae
2646 4136 2876 4203 eodem
2915 4135 3106 4201 modo
3150 4141 3349 4218 atque
3390 4136 3464 4200 in
3506 4136 3938 4218 praecedente
3982 4136 4264 4205 editione
4305 4162 4439 4206 non

423 4250 552 4315 nisi
592 4251 665 4315 in
706 4248 1163 4315 columnarum
1218 4247 1755 4331 inscriptionibus
1799 4248 2236 4333 significatur,
2294 4248 2457 4315 haec
2499 4268 2743 4315 novam
2786 4248 3056 4315 exhibet
3097 4247 3406 4330 deinceps
3459 4248 3530 4311 in
3574 4247 3879 4318 omnibus
3923 4248 4177 4332 gallicis
4218 4270 4440 4316 exem-

423 4360 719 4444 plaribus
766 4367 1118 4425 servatam.
1209 4357 1480 4426 Scilicet
1532 4366 1677 4424 tota
1717 4360 2174 4442 quaestionum
2216 4366 2285 4425 et
2320 4360 2821 4443 responsionum
2864 4358 3096 4438 series,
3155 4379 3287 4443 qua
3329 4359 3437 4425 hic
3482 4358 3780 4425 doctrina
3823 4358 4184 4425 christiana
4229 4361 4439 4428 absol-

423 4470 638 4547 vitur,
680 4469 751 4534 in
795 4471 1275 4555 quinquaginta
1325 4471 1614 4555 quinque
1656 4468 1972 4537 lectiones
2015 4469 2408 4554 dispescitur
2460 4470 2736 4536 totidem
2779 4469 3011 4536 diebus
3056 4469 3399 4536 dominicis
3444 4492 3485 4537 a
3536 4470 3761 4553 pueris
3806 4469 4190 4537 ediscendas
4233 4479 4301 4538 et
4338 4494 4443 4539 re-

424 4578 750 4659 citandas,
805 4579 901 4644 ita
957 4588 1033 4645 ut
1087 4581 1381 4648 eiusdem
1437 4580 1828 4647 scholastica
1877 4581 2180 4647 tractatio
2234 4582 2435 4648 unius
2476 4583 2633 4647 anni
2679 4581 2894 4665 spatio
2939 4580 3412 4665 comprehensa
3451 4581 3537 4647 ad
3577 4583 3782 4646 finem
3823 4580 4094 4664 perduci
4135 4584 4440 4666 potuerit.

422 4691 924 4757 Dominicarum
967 4713 1277 4758 numeros
1319 4693 1605 4778 margini
1646 4693 2013 4776 inscriptos,
2058 4714 2145 4758 ne
2187 4692 2361 4777 quod
2405 4692 2670 4760 Calvini
2714 4693 2926 4759 nostri
2965 4692 3348 4759 institutum
3389 4687 3797 4778 negligatur,
3838 4713 3959 4758 nos
4002 4713 4258 4776 quoque
4299 4702 4443 4759 tex—

423 4803 522 4869 tui
564 4800 1002 4868 subiiciemus.
1094 4803 1366 4869 Accedit
1415 4804 1490 4868 in
1542 4804 1718 4871 calce
1772 4803 1975 4870 libelli
2030 4802 2232 4869 index
2286 4802 2766 4871 dominicarum
2822 4804 2906 4869 ad
2950 4824 3103 4871 suas
3153 4805 3429 4890 paginas
3471 4803 3863 4870 relatarum:
3953 4803 4196 4869 Table
4237 4824 4440 4889 pour

425 4929 760 4981 trouver
803 4914 876 4978 le
919 4913 1088 4979 lieu
1133 4913 1232 4980 du
1276 4912 1791 4981 Oatechisme
1837 4937 1983 5000 que
2026 4915 2101 4981 16
2141 4916 2528 4982 Ministro
2573 4915 2965 5000 explique
3010 4938 3117 4981 un
3161 4915 3520 4982 chascun
3566 4915 4039 4983 Dimanche.
4128 4917 4235 4983 De
4275 4918 4442 4984 Pre-

426 5025 795 5093 cationibus
839 5025 1112 5092 adiectis
1157 5032 1225 5092 et
1265 5025 1688 5092 Praefatione
1730 5047 1867 5092 non
1909 5035 2012 5094 est
2049 5026 2224 5111 quod
2271 5027 2488 5093 denuo
2534 5028 2848 5095 dicamus.
3113 5017 3114 5020 ¹

734 5138 1026 5202 Tertiam
1070 5135 1425 5202 editionem
1472 5155 1646 5201 anno
1674 5140 1835 5202 1549
1884 5139 2200 5207 Genevae
2244 5141 2637 5223 impressam
2682 5160 2812 5204 non
2856 5138 3164 5205 vidimus.
3222 5137 3431 5205 Ouius
3469 5139 3812 5221 exemplar
3847 5139 4136 5222 unicum,
4163 5162 4214 5206 s.
4245 5138 4331 5205 D.
4357 5160 4439 5222 p.,

414 5248 491 5313 in
535 5247 928 5314 bibliotheca
967 5249 1355 5316 Monacensi
1399 5248 1723 5316 asservari
1765 5251 2171 5320 rescivimus.
