4967 5992
158 5331 205 5786 2**=2‘-·1·‡·1'-·:.e
132 5289 147 5304 ⁴
126 5099 185 5176 {²³
116 5029 147 5060 ς’
148 4981 157 4996 ‘

208 5739 225 5758 a*
206 5611 223 5628 .·
222 5523 235 5550 ,Ἰ

645 389 766 450 371
1949 373 2481 445 RESPONSIO
2525 373 2904 444 comas
2943 371 3360 439 1101111111
3457 341 3466 348 ’
4021 463 4030 474 .
4539 375 4657 436 372

646 568 917 635 dederat
973 574 1195 653 partes
1208 619 1223 646 ,
1282 572 1617 648 totamque
1659 566 1795 632 fere
1838 565 2100 632 laudem
2145 553 2606 647 adscripserat.

650 654 787 722 Sed
831 654 985 737 quia
1026 652 1395 737 periculum
1439 661 1610 730 erat,
1654 673 1741 717 ne
1782 652 1958 717 tacta
2000 652 2299 717 laborum
2343 671 2611 716 suorum

649 740 978 805 mentione
1036 758 1173 803 uno
1224 737 1338 803 illo
1383 735 1707 802 duntaxat
1764 736 1963 803 verbo
2006 758 2166 821 prae
2210 758 2281 802 se
2322 737 2496 801 ferre
2539 735 2612 800 in

649 826 932 908 speciem
994 824 1331 890 videretur
1346 875 1360 901 ,
1419 822 1708 905 aliquam
1769 823 2004 889 salt'em
2068 822 2435 906 portionem
2490 819 2614 886 sibi

653 910 875 976 deberi
892 960 906 985 ,
962 909 1186 975 addita
1238 910 1636 975 correctione
1692 909 2127 992 suspicionem
2187 907 2389 984 tollit,
2451 905 2614 971 dum

652 1018 725 1062 se
778 996 981 1061 fuisse
1035 1002 1237 1078 negat
1278 994 1389 1076 qui
1446 993 1877 1076 laboraverit,
1933 993 2047 1059 sed
2105 993 2231 1059 hoc
2273 1001 2486 1057 totum
2533 1014 2617 1056 ex

656 1082 785 1147 Dei
950 1081 1042 1146 tia
1085 1083 1303 1163 pot-ius
1345 1080 1693 1145 exstitisse.

893 1166 1031 1231 ulla
1082 1186 1296 1248 neque
1340 1165 1607 1231 veritati
1661 1166 1871 1249 magis
1910 1164 2219 1241 adversa,
2276 1183 2490 1246 neque
2533 1160 2617 1226 ad

661 1249 1146 1318 excaecandum
1205 1251 1541 1315 hominem
1594 1250 1935 1333 capitalior
1979 1259 2080 1315 est
2122 1249 2326 1331 pestis
2345 1301 2360 1326 ,
2418 1269 2616 1331 quam

659 1347 1084 1420 praesumpta
1124 1337 1291 1402 falsa
1334 1337 1579 1419 opinio:
1627 1336 2015 1418 praesertim
2062 1337 2171 1399 ubi
2207 1335 2426 1399 animo
2466 1353 2618 1416 per-

658 1424 964 1488 tinaciter
1020 1422 1281 1488 insidet.
1370 1422 1523 1486 Duo
1582 1422 1745 1488 haec
1800 1421 1948 1486 vult
2003 1421 2180 1484 inter
2233 1442 2303 1485 se
2347 1421 2619 1485 coniun-

660 1529 815 1593 gere
857 1507 1170 1592 Pighius:
1215 1507 1572 1573 Hominem
1619 1506 2013 1572 naturaliter
2056 1527 2198 1571 esse
2243 1505 2370 1571 hac
2415 1504 2620 1569 facul-

660 1603 792 1657 tate
837 1591 1240 1677 praeditum,
1296 1603 1372 1656 ut
1416 1601 1553 1656 tam
1603 1593 1990 1675 praevenire
2047 1592 2218 1656 bono
2260 1599 2443 1655 motu
2488 1590 2621 1655 Dei

663 1679 945 1764 gratiam
984 1699 1183 1762 quam
1219 1677 1528 1762 subsequi
1563 1679 1796 1760 possit,
1842 1699 1961 1743 nec
1996 1676 2207 1755 aliter,
2246 1687 2363 1741 aut
2397 1676 2621 1741 offerri

665 1765 850 1830 nobis
903 1765 1033 1829 Dei
1091 1764 1402 1847 gratiam,
1462 1764 1591 1828 nisi
1650 1773 1803 1829 ante
1852 1782 2125 1827 manum
2185 1763 2619 1847 porrigamus,

662 1858 781 1915 aut
816 1850 1145 1915 efficacem
1189 1870 1329 1913 esse
1372 1850 1445 1912 in
1480 1849 1684 1926 nobis,
1730 1850 1857 1914 nisi
1893 1849 2157 1932 propria
2194 1848 2439 1913 virtute
2475 1867 2618 1911 eam

664 1934 1082 2000 adiuvemus:
1131 1940 1199 1999 et
1238 1941 1460 1998 tamen
1504 1954 1758 1999 merum
1803 1955 1947 1999 esse
1982 1943 2050 1997 et
2084 1935 2452 2020 gratuitum
2490 1934 2617 1997 Dei

665 2018 939 2097 donum,
996 2018 1311 2102 quidquid
1376 2021 1626 2103 gratiae
1692 2018 1876 2085 nobis
1932 2020 2208 2085 confert:
2267 2041 2417 2085 eum
2476 2040 2620 2084 0880

612 2111 619 2118 ’
665 2105 874 2169 solum
917 2106 1028 2189 qui
1082 2106 1154 2169 in
1208 2103 1398 2172 nobis
1451 2105 1624 2171 bona
1665 2126 1862 2188 opera
1918 2117 1985 2169 et
2039 2106 2271 2189 incipit
2312 2114 2379 2170 et
2423 2106 2618 2188 perfi-

666 2192 784 2255 cit:
843 2191 925 2256 ab
970 2211 1046 2255 eo
1089 2211 1209 2254 nos
1262 2192 1661 2272 praeveniri,
1720 2191 1801 2257 ab
1842 2212 1918 2256 00
1973 2193 2353 2256 confirmari
2410 2211 2618 2272 usque

668 2278 738 2340 in
791 2277 1008 2340 finem.
1109 2275 1322 2356 Haec,
1379 2279 1675 2360 inquam,
1734 2274 2007 2359 perinde
2062 2296 2139 2341 ac
2195 2278 2250 2342 si
2294 2279 2421 2342 rite
2464 2297 2621 2342 con-

664 2372 1009 2445 gruerent,
1066 2362 1188 2426 sub
1232 2383 1366 2426 uno
1424 2363 1578 2445 iugo
1621 2362 1952 2445 componit
2004 2362 2303 2447 Pighius.
2392 2364 2486 2426 At
2527 2362 2623 2425 fa-

664 2447 854 2513 cilius
897 2446 1147 2512 0001001
1195 2457 1410 2511 terrae
1450 2448 1748 2514 misceas.
1817 2446 1995 2528 Quid
2040 2469 2076 2512 e
2232 2469 2468 2513 causae
2504 2456 2621 2525 est,

664 2549 783 2598 001
835 2534 906 2597 10
960 2540 1214 2598 10010111
1286 2531 1785 2608 absurditatem,
1843 2532 2031 2599 velut
2092 2555 2128 2599 0
2155 2534 2334 2599 00818
2395 2533 2620 2610 000118,

664 2638 977 2702 praeceps
1029 2617 1220 2682 ruat?
1309 2616 1495 2684 Haec
1538 2639 1673 2683 una
1714 2617 1990 2696 scilicet,
2045 2619 2220 2702 quod
2260 2619 2375 2685 ubi
2420 2620 2623 2684 semel

666 2703 886 2769 animo
928 2704 1247 2784 concepit,
1291 2703 1654 2784 aequaliter
1695 2705 2001 2770 omnibus
2043 2705 2267 2771 offerri
2308 2704 2437 2769 Dei
2472 2724 2624 2789 gra-

668 2791 857 2868 tiam,
917 2789 1030 2872 qui
1085 2809 1156 2853 se
1209 2788 1405 2852 modo
1461 2787 1695 2872 dignos
1738 2789 2127 2867 exhibeant,
2183 2789 2309 2856 1100
2348 2811 2624 2873 0000οΡ-

667 2874 847 2939 tione
891 2872 1247 2956 impeditus
1284 2880 1563 2951 tenetur,
1608 2895 1695 2939 ne
1736 2874 1894 2956 quid
1929 2876 2212 2957 amplius
2245 2889 2473 2941 cernat
2512 2883 2629 2940 aut

667 2958 928 3024 iudicet.
996 2959 1232 3040 Itaque
1271 2967 1617 3043 postquam
1654 2961 1790 3026 suis
1826 2962 2138 3027 encomiis
2174 2961 2467 3027 ornando
2503 2961 2624 3026 ho-

668 3045 868 3109 minis
911 3053 1236 3123 naturam,
1282 3046 1411 3110 Dei
1454 3046 1736 3128 gratiam
1779 3055 2100 3130 quantum
2144 3055 2403 3131 poterat
2443 3057 2626 3113 exte-

672 3129 930 3195 nuavit:
987 3150 1144 3195 mox
1196 3128 1445 3213 pudore
1500 3139 1746 3210 tactus,
1806 3153 1953 3197 eam
2006 3134 2072 3198 in
2119 3134 2374 3199 coelum
2420 3153 2626 3216 usque

671 3215 907 3294 evehit,
950 3216 1066 3282 sed
1109 3216 1458 3281 manifesta
1496 3218 1966 3301 repugnantia;
2010 3239 2222 3302 neque
2255 3219 2448 3283 aliter
2482 3221 2626 3285 Au-

669 3303 1008 3386 gustinum
1053 3301 1161 3366 hic
1202 3301 1589 3381 aemulatur,
1634 3324 1830 3386 quam
1866 3305 2056 3369 simia
2088 3304 2443 3370 hominem.
2490 3305 2626 3369 Ve-

667 3408 819 3452 rum
898 3407 985 3452 ua
1018 3387 1406 3452 necessitate
1439 3389 1935 3473 constringitur,
1980 3398 2058 3455 ut
2100 3390 2440 3473 aequalem
2474 3410 2626 3475 gra-

667 3474 799 3538 tiae
892 3473 1402 3557 ‘sponsationem
1445 3474 1684 3539 faciat?
1776 3473 1953 3555 Quia
1993 3478 2379 3558 pronunciet
2417 3476 2625 3554 Deus,

2657 1479 2669 1528 -ι-

670 3558 845 3624 00110
889 3579 961 3624 80
1004 3567 1283 3623 01011010
1326 3561 1686 3639 0101100118,
1731 3560 1847 3627 8οᾶ
1892 3571 1969 3625 01
2001 3571 2374 3627 revertatur
2417 3571 2484 3627 et
2523 3564 2664 3628 .vi--

674 3653 787 3708 vat
831 3644 975 3726 (Ez.
1020 3649 1117 3722 18,
1158 3649 1238 3706 23
1276 3653 1341 3709 et
1379 3649 1480 3722 33,
1526 3648 1652 3730 ll).
1741 3648 1835 3711 At
1879 3648 1935 3712 si
1971 3669 2054 3712 ex
2091 3648 2230 3712 eius
2266 3670 2465 3714 sensu
2504 3649 2626 3715 1100

672 3732 1211 3812 interpretamur,
1270 3752 1388 3795 cur
1426 3752 1584 3814 ergo
1624 3732 1936 3810 moritur,
1983 3754 2179 3816 quem
2222 3734 2411 3799 Deus
2455 3735 2628 3798 mori

673 3836 805 3879 non
851 3819 998 3894 [pag.
1043 3821 1190 3894 193]
1240 3816 1425 3881 vult?
1481 3837 1685 3898 quum
1741 3819 2060 3901 scriptum
2107 3820 2220 3884 sit:
2277 3818 2463 3885 Deus
2508 3841 2625 3884 au-

670 3917 805 3964 tem
851 3908 1073 3965 noster
1115 3901 1184 3964 in
1229 3901 1426 3979 coelo,
1486 3904 1706 3967 omnia
1749 3919 2174 3987 quaecunque
2216 3905 2428 3970 voluit
2469 3906 2626 3970 fecit

669 3986 873 4069 (Psal.
922 3991 1058 4065 115,
1104 3985 1192 4067 3).
1291 3987 1422 4052 Hie
1466 3995 1642 4053 certe
1698 3989 1908 4054 nodus
1950 3990 2077 4055 erit
2132 3990 2519 4075 gordianus,
2567 3991 2623 4056 si

666 4072 829 4137 illud
874 4071 1270 4151 Ezechielis,
1329 4072 1550 4137 Deum
1595 4074 1767 4139 nolle
1810 4084 2087 4140 mortem
2131 4079 2495 4155 morientis,
2543 4077 2623 4142 (10

666 4178 908 4222 arcano
961 4158 1100 4223 0108
1156 4158 1425 4243 consilio
1480 4159 1776 4242 accipias.
1879 4159 2320 4241 Quamobrem
2374 4164 2467 4229 sic
2521 4165 2624 4227 in-

668 4243 876 4328 telligi
921 4262 1190 4310 necesse
1233 4251 1363 4321 est,
1409 4244 1581 4310 sicut
1623 4255 1691 4309 et
1735 4246 2152 4330 Augustinus
2193 4248 2421 4326 multis
2466 4249 2623 4315 loeis

670 4329 997 4408 disseruit,
1039 4329 1206 4394 nihil
1250 4330 1468 4396 Deum
1512 4331 1829 4408 omittere,
1875 4330 2051 4414 quod
2092 4332 2176 4396 ad
2220 4332 2624 4401 reducendos

668 4415 740 4479 in
806 4415 1039 4481 salutis
1102 4417 1285 4480 viam
1351 4417 1648 4481 homines
1700 4417 2055 4500 pertineat,
2112 4420 2167 4483 si
2221 4422 2413 4484 modo
2478 4420 2623 4486 sani

668 4502 911 4564 forent:
970 4500 1142 4584 quod
1197 4510 1415 4567 autem
1474 4517 1604 4567 non
1666 4500 1937 4568 redeant
1978 4506 2224 4583 vocati,
2274 4506 2441 4588 ipsis
2489 4528 2624 4571 non

672 4584 849 4649 aliud
912 4606 1109 4667 quam
1172 4589 1524 4671 pravitatis
1602 4590 1904 4673 propriae
1970 4591 2274 4656 morbum
2310 4591 2618 4657 obstare.

618 4697 623 4702 ·
681 4668 839 4734 Vult
881 4691 1036 4754 ergo
1090 4670 1276 4737 Deus
1328 4675 1715 4739 morientem
1776 4676 2029 4752 vivere,
2087 4677 2279 4742 sicuti
2325 4679 2466 4742 eius
2509 4700 2621 4743 vo-

672 4754 997 4819 luntatem
1051 4758 1242 4822 nobis
1296 4760 1645 4824 aestimare
1698 4762 1796 4826 fas
1841 4771 1974 4838 est,
2029 4762 2333 4828 omnibus
2373 4764 2623 4829 scilicet

671 4839 1086 4905 adminiculis
1150 4841 1480 4909 hominem
1563 4848 1777 4928 ipsum
1831 4847 2233 4914 adiuvando:
2316 4870 2400 4914 00
2463 4850 2617 4933 quid

669 4925 1176 5006 sibi-obstitisse,
1211 4948 1403 5010 quam
1439 4933 1773 5012 propriam
1805 4933 2084 5015 culpam,
2111 4936 2365 5001 causari
2444 4943 2618 5001 ueat.

548 5063 559 5072 .
670 5012 904 5077 Manet
936 5019 1162 5084 tamen
1196 5014 1451 5079 interea
1482 5016 1629 5080 Deo
1664 5038 1978 5083 arcanum
2022 5039 2213 5084 suum
2248 5021 2431 5087 consi
2461 5022 2614 5100 ‘um,

670 5118 795 5181 quo
854 5097 1034 5164 hunc
1086 5100 1432 5181 praeterit,
1492 5100 1678 5166 illum
1721 5103 1931 5187 eligit:
1979 5103 2060 5169 de
2104 5125 2232 5187 quo
2277 5127 2360 5170 ne
2403 5109 2619 5173 curio-

668 5184 808 5249 sius
854 5185 1161 5268 vestiget,
1216 5186 1329 5266 qui
1370 5199 1506 5249 non
1549 5185 1697 5251 vult
1739 5189 2021 5272 opprimi
2063 5208 2104 5253 a
2154 5191 2380 5275 gloria.
2469 5193 2620 5257 Hoc

662 5270 722 5336 si
764 5280 1028 5354 caperet
1078 5270 1390 5354 Pighius,
1442 5271 1685 5368 falsum
1734 5274 1897 5339 illud
1930 5273 2024 5339 -de
2066 5276 2324 5358 aequali
2368 5279 2619 5362 gratiae

2715 559 3200 646 dispensatione
3254 560 3652 643 principium
3698 580 3830 625 non
3885 560 3981 624 ita
4020 558 4349 626 mordicus
4373 566 4659 625 ·teneret.

2718 647 2941 729 Quum
2985 647 3164 711 enim
3199 644 3370 710 dixit
3401 646 3643 726 omnia,
3687 646 3756 708 in
3794 644 3968 710 hanc
4002 644 4270 710 tandem
4305 644 4662 711 clausulam

2717 732 3081 809 descendit,
3142 740 3219 797 ut
3259 750 3410 796 cum
3454 730 3834 816 Pelafflanis
3879 738 4159 808 asserat,
4217 731 4344 795 Dei
4391 731 4664 816 gratiam

2717 815 3075 885 secundum
3121 817 3431 882 meritum
3474 825 3772 882 nostrum
3816 815 3978 895 dari,
4017 822 4096 880 ut
4138 817 4226 881 sit
4264 817 4409 900 ipse
4452 815 4664 882 nobis-

2718 922 2902 982 cum;
2947 904 3256 968 meritum
3304 923 3459 967 vero
3502 910 3801 966 nostrum
3846 903 3917 966 in
3963 922 4039 966 eo
4082 922 4252 979 0880,
4308 901 4482 986 quod
4525 923 4666 967 cum

2718 991 2864 1055 Deo
2919 990 3142 1054 simus.
3240 987 3487 1052 Nostra
3541 1009 3773 1053 rursus
3827 988 4051 1052 omnia
4100 989 4170 1052 10
4226 987 4400 1054 11000
4444 990 4666 1071 Augu·

2721 1075 2877 1141 stiui
2944 1074 3342 1139 sententiam
3397 1071 3708 1138 redeunt:
3776 1071 4010 1157 quibus
4078 1093 4213 1137 non
4268 1083 4372 1139 est
4427 1072 4665 1151 datum,

2722 1170 2840 1227 aut
2882 1160 3075 1238 nolle,
3122 1166 3239 1224 aut
3280 1180 3416 1224 non
3457 1160 3549 1223 im
3599 1157 3732 1224 lere
3766 1158 3941 1242 quod
3977 1158 4232 1236 volunt;
4277 1158 4517 1241 quibus
4560 1180 4668 1223 au·

2722 1256 2858 1311 tem
2904 1246 3130 1311 datum
3177 1253 3295 1322 est,
3343 1246 3438 1309 sic
3481 1266 3562 1311 ve
3616 1267 3670 1324 e,
3717 1253 3795 1308 ut
3835 1242 4173 1326 impleant.
4204 1247 4249 1324 ¹)

2895 1332 3105 1416 Ergo,
3151 1339 3228 1395 ut
3270 1328 3617 1414 aliquando
3662 1329 4006 1394 claudatur
4047 1330 4157 1394 1110
4196 1329 4380 1407 111101,
4427 1330 4665 1394 frustra

2721 1426 2836 1483 aut
2879 1438 2951 1483 se
2995 1439 3034 1482 a
3076 1417 3348 1501 Pelagio
3390 1417 3767 1500 disiungere
3809 1425 4086 1481 conatur
4127 1416 4434 1499 Pighius,
4493 1417 4669 1480 euius

2721 1505 3030 1569 societate
3074 1523 3226 1567 eum
3270 1504 3480 1567 teneri
3524 1501 3914 1585 implicitum
3961 1510 4101 1566 tam
4146 1510 4372 1584 aperte
4409 1501 4670 1567 demon·

2723 1591 3076 1656 stravimus
3087 1612 3103 1668 ;
3160 1597 3275 1652 aut
3337 1608 3460 1652 nos
3526 1587 3919 1653 Manichaeo
3986 1587 4260 1671 aliisque
4331 1587 4668 1652 haereticis

2724 1675 3116 1758 adiungere,
3170 1694 3211 1737 a
3307 1674 3502 1739 uibus
3560 1694 3690 1737 000
3736 1673 3958 1738 minus
4001 1671 4422 1751 dissidemus,
4481 1694 4668 1756 quam

2722 1762 2863 1844 ipse
2928 1761 3010 1824 ab
3073 1759 3264 1825 ortho
3310 1781 3435 1824 exo
3490 1759 3799 1825 eeclesiae
3868 1779 4096 1836 sensu,
4162 1759 4349 1825 euius
4410 1759 4669 1823 inanem

2723 1847 3028 1912 umbram
3084 1846 3343 1911 tametsi
3398 1865 3557 1910 suae
3610 1845 3932 1929 impietati
3987 1843 4264 1910 subinde
4331 1846 4667 1927 praetexit,

2723 1933 2933 1997 nihilo
2978 1940 3200 1997 tamen
3244 1930 3398 1996 inde
3442 1929 3590 2015 plus
3635 1928 3810 2013 apud
3851 1930 3994 2014 pios
4037 1938 4105 1996 01
4146 1930 4510 2016 prudentes
4551 1930 4667 1996 leo-

2722 2029 2901 2084 tores
2957 2018 3279 2101 proficiet,
3336 2036 3533 2099 quam
3591 2019 3647 2081 si
3715 2016 4099 2100 simpliciter
4153 2015 4323 2080 nihil
4392 2014 4515 2082 sibi
4561 2037 4667 2081 000

2723 2126 2871 2169 cum
2919 2103 3217 2182 Christo,
3283 2123 3402 2168 nec
3444 2121 3594 2166 cum
3650 2103 3791 2167 eius
3845 2102 4163 2168 membris
4224 2123 4369 2167 esse
4414 2104 4669 2168 confite-

2722 2198 2924 2254 retur.
3014 2190 3298 2254 Frustra
3342 2197 3410 2253 et
3450 2187 3521 2252 in
3566 2208 3644 2252 eo
3698 2187 4217 2253 mediocritatem
4307 2189 4555 2266 uaerit,
4605 2199 4668 2252 ut

2722 2297 2830 2341 res
2871 2276 3029 2360 igne
3072 2283 3139 2339 01
3192 2296 3362 2357 aqua
3416 2295 3483 2338 m
3576 2274 3627 2339 's
3685 2274 4047 2339 contrarias
4102 2275 4226 2338 sim
4355 2274 4665 2339 conciliet:

2723 2358 2980 2445 nempe,
3028 2364 3175 2440 [pag.
3220 2365 3366 2440 194]
3413 2361 3523 2442 qui
3570 2358 3727 2442 quid
3770 2368 3872 2424 est
3914 2361 3983 2424 10
4030 2359 4295 2424 homine
4339 2358 4663 2435 bonorum,

2723 2467 2986 2512 merum
3030 2467 3172 2511 esse
3214 2466 3584 2530 purumque
3629 2444 3758 2509 Dei
3800 2465 3997 2528 opus3
4042 2454 4108 2510 et
4150 2453 4374 2510 tamen
4419 2445 4544 2511 hac
4583 2445 4666 2509 fa-

2725 2532 2969 2599 cultate
3014 2532 3261 2615 pollere
3307 2531 3638 2608 homines,
3696 2542 3770 2595 ut
3812 2551 3897 2595 ex
3941 2550 4011 2596 se
4055 2531 4214 2614 ipsis
4255 2531 4482 2596 Deum
4533 2550 4664 2613 pro-

2726 2626 2965 2685 vocent
3005 2617 3088 2683 ad
3132 2615 3596 2683 conferendam
3636 2614 3760 2681 sibi
3816 2618 4127 2701 gratiam;
4187 2623 4256 2681 et
4300 2614 4415 2681 ubi
4457 2627 4662 2682 contu·

2726 2705 2906 2780 lerit,
2952 2724 3095 2769 eam
3155 2703 3420 2786 propria
3462 2709 3889 2785 separataque
3935 2703 4179 2768 virtute
4218 2702 4577 2778 efficacem,
4618 2702 4664 2764 si

2724 2789 2946 2868 libeat,
2991 2788 3286 2854 reddant.
3362 2788 3529 2866 Hoc,
3574 2788 3860 2871 inquam,
3908 2787 4190 2852 mediam
4233 2795 4457 2853 tenere
4501 2788 4665 2851 viam

2728 2897 2864 2940 non
2903 2883 3022 2952 est,
3070 2873 3184 2940 scd
3228 2876 3296 2939 in
3338 2873 3794 2958 labyrinthum
3838 2875 4057 2957 potius
4101 2894 4172 2940 se
4210 2883 4282 2938 et
4324 2873 4482 2938 alios
4523 2893 4664 2937 eon-

2728 2962 2956 3038 110010,
3014 2959 3192 3025 unde
3245 2959 3470 3025 nullus
3525 2967 3748 3045 postea
3800 2959 4017 3025 exitus
4070 2967 4310 3043 pateat.
4401 2958 4664 3024 Frustra

2729 3046 3073 3113 corradere
3131 3046 3287 3112 hinc
3350 3044 3506 3110 inde
3572 3045 3794 3111 studet
3860 3046 4240 3111 testimonia
4293 3046 4662 3128 scripturae,

2730 3153 2896 3216 quae
2938 3132 3168 3210 fldem,
3227 3141 3294 3196 et
3336 3152 3503 3214 quae
3546 3132 3628 3197 ab
3686 3153 3763 3198 ea
3817 3132 4184 3216 gignuntur
4236 3129 4411 3195 bona
4464 3150 4660 3214 opera,

2729 3220 2906 3283 inter
2968 3217 3188 3283 Deum
3253 3225 3322 3282 01
3386 3217 3721 3282 hominem
3795 3219 4198 3299 partiantur,
4278 3238 4482 3301 quum
4545 3223 4661 3280 tots

2729 3305 3054 3388 scriptura
3091 3310 3159 3369 ot
3200 3302 3436 3367 radicis
3475 3311 3543 3367 01
3584 3305 3916 3369 fructuum
3976 3301 4332 3368 bonitatem
4379 3302 4495 3367 uni
4537 3300 4663 3366 Deo

2730 3391 2801 3454 in
2858 3388 3134 3455 solidum
3196 3390 3641 3455 transscribat.
3732 3390 3902 3454 Nam
3959 3397 4035 3454 ut
4088 3390 4230 3472 pios
4287 3397 4428 3453 tam
4471 3410 4510 3452 a
4551 3386 4660 3452 fide

2730 3497 2926 3558 qnam
2974 3498 3014 3540 a
3055 3469 3244 3539 bonis
3285 3475 3592 3558 operibus
3639 3475 4082 3552 commendat,
4125 3484 4444 3558 tanquam
4490 3471 4660 3538 laude

2729 3570 3081 3644 propterea
3125 3560 3384 3645 dignos:
3426 3562 3519 3626 ita
3561 3563 3809 3644 quoties
3853 3571 3893 3623 a
3928 3562 4071 3626 Deo
4115 3560 4432 3627 discernit
4473 3559 4661 3624 homi·

2731 3669 2902 3722 nem,
2949 3648 3018 3712 in
3063 3647 3251 3711 illum
3290 3646 3573 3728 quidem,
3622 3656 3934 3729 tanquam
3971 3648 4187 3712 omnis
4224 3646 4529 3724 iustitiae,
4571 3665 4660 3710 sa·

2728 3733 3035 3816 pientiae,
3081 3731 3496 3798 rectitudinis
3537 3734 3815 3810 fontem,
3870 3732 4297 3816 principium,
4345 3731 4661 3815 perfectio-

2728 3838 2912 3896 nem,
2974 3819 3286 3885 bonorum
3346 3818 3643 3883 omnium
3699 3819 3976 3903 gloriam
4022 3818 4302 3897 confert,
4360 3838 4565 3900 neque
4603 3812 4660 3880 id

2729 3926 2813 3969 ex
2857 3915 3062 3988 parte,
3104 3905 3218 3970 sed
3263 3913 3335 3969 ut
3377 3913 3580 3968 totam
3625 3904 3801 3970 solus
3837 3904 4193 3988 possideat:
4240 3904 4421 3970 hune
4460 3913 4660 3968 autem

2729 3991 2823 4055 810
2874 3991 3054 4055 omni
3110 3990 3319 4074 gloria
3375 3990 3641 4072 spoliat,
3700 3999 4016 4074 tanquam
4073 3991 4251 4055 omni
4308 3988 4556 4055 iustitia
4603 3997 4660 4051 et

2731 4074 3120 4141 rectitudine
3186 4075 3605 4152 destitutum,
3696 4078 3908 4142 omnis
3974 4077 4338 4160 sapientiae
4400 4076 4658 4157 inopem,

2728 4164 2908 4227 omni
2954 4163 3194 4227 virtute
3230 4161 3480 4226 nudum
3527 4185 3601 4227 ae
3641 4162 4066 4246 indigentem,
4112 4170 4190 4226 ut
4233 4160 4401 4230 nihil
4440 4160 4528 4225 illi
4566 4180 4661 4223 re-

2728 4247 2982 4398 Liguum
3027 4249 3239 4326 faciat,
3284 4255 3547 4331 praeter
3581 4256 3948 4313 extremam
3982 4248 4333 4313 miseriam.
4424 4247 4512 4313 Ut
4547 4264 4658 4309 nos

2847 4335 3177 4417 pietatem,
3213 4335 3512 4398 timorem
3550 4332 3697 4412 Dei,
3736 4336 4041 4418 vitaeque
4077 4333 4492 4399 sanctitatem
4522 4331 4660 4395 hor-

2729 4427 2936 4499 tatur,
2995 4421 3086 4483 ita
3129 4441 3246 4484 nos
3290 4419 3373 4483 ad
3418 4420 3545 4484 ista
3579 4421 3822 4485 omnia‘
3845 4421 4194 4503 pervenire
4235 4439 4428 4502 posse
4470 4418 4656 4490 docet,

2728 4505 2785 4569 si
2829 4505 3056 4569 datum
3101 4506 3286 4571 nobis
3345 4527 3384 4570 a
3427 4504 3574 4569 Deo
3632 4506 3844 4571 fuerit.
3934 4506 4214 4570 Frustra
4257 4525 4515 4569 rursum
4555 4503 4660 4566 Pi·

2726 4591 2927 4675 ghius
2981 4591 3136 4655 hinc
3194 4590 3381 4664 nobis
3436 4592 3723 4656 conflare
3778 4591 4094 4656 invidiam
4152 4590 4450 4676 molitur,
4503 4583 4659 4671 quod

2727 4677 3030 4741 homines
3085 4677 3371 4760 lapidum
3391 4680 3445 4758 ³)
3503 4677 3749 4741 similes
3803 4678 3996 4755 fiant,
4053 4678 4109 4742 si
4165 4676 4387 4741 nullae
4436 4675 4558 4739 illis
4595 4674 4657 4735 in

2724 4761 2890 4828 bene
2936 4762 3191 4846 agendo
3236 4771 3454 4846 partes
3499 4762 3974 4845 relinquantur.
4047 4762 4128 4828 Id
4176 4762 4354 4827 enim
4400 4783 4483 4826 ex
4524 4758 4659 4823 (100-

2727 4849 2900 4914 trina
2943 4859 3170 4915 nostra
3211 4869 3553 4931 perperam
3611 4849 3843 4926 infert,
3903 4850 4012 4932 qui
4055 4858 4346 4913 mentem
4393 4844 4658 4912 hominis

2723 4934 3009 5000 fatemur
3065 4934 3313 5012 vidore,
3372 4935 3485 4999 sed
3538 4933 4009 5015 illuminatam3
4065 4933 4380 5000 iudicium
4439 4932 4658 4998 discer-

2777 5275 2786 5286 ,
2862 5227 2920 5293 1)
2957 5227 3036 5281 De
3072 5227 3247 5349 ‹giratia
3283 5232 3340 5280 et
3373 5225 3543 5280 libero
3581 5226 3802 5302 arbitrio
3839 5244 3883 5281 0.
3918 5225 3969 5279 5.

2860 5293 2921 5358 2)
2961 5296 3070 5363 lapi
3111 5297 3230 5350 ibus
3268 5293 3405 5346 1576
3441 5309 3578 5364 seqq.
