4967 5992
880 1225 1278 1292 EPISTRE
1316 1225 1443 1291 AU
1477 1223 1931 1291 LEOTEUR.
1964 1227 2012 1307 ¹)

640 1381 735 1446 Ge
790 1403 830 1446 a
887 1387 1023 1446 este
1072 1402 1203 1445 une
1252 1380 1450 1447 ehose
1504 1400 1630 1462 que
1685 1379 2012 1445 tousiours
2069 1377 2341 1464 l’Eglise
2366 1401 2425 1446 ‘a

471 1512 556 1557 eu
592 1512 676 1559 en
713 1492 813 1557 sin
820 1490 1068 1576 guliere
1102 1489 1726 1569 recommandation,
1768 1489 2144 1556 d’instruire
2177 1490 2274 1556 les
2308 1512 2424 1575 pe-

468 1604 557 1669 tis
599 1604 856 1669 Enfans
899 1623 984 1669 en
1028 1602 1093 1667 la
1134 1601 1428 1668 doctrine
1467 1600 1928 1669 Ohrestienne.
2015 1602 2109 1666 Et
2148 1624 2315 1687 pour
2351 1625 2423 1670 oe

472 1715 656 1794 faire,
679 1736 811 1780 non
835 1712 1200 1779 seulement
1215 1734 1302 1779 on
1326 1713 1506 1779 avoit
1525 1700 2036 1779 anfiiennement
2056 1715 2151 1780 les
2171 1715 2424 1781 Eseho·

466 1825 586 1905 les,
631 1833 700 1891 et
739 1825 1183 1890 commandoit
1222 1846 1307 1890 on
1351 1831 1393 1889 a
1435 1847 1529 1890 un
1573 1825 1829 1891 ohaeun
1872 1824 1952 1891 de
1996 1825 2150 1891 bien
2186 1826 2419 1891 endoe-

465 1936 679 2001 triner
722 1955 799 2003 sa
836 1935 1112 2002 famille:
1157 1937 1323 2002 mais
1366 1936 1562 2003 aussi·
1591 1936 1832 2003 l’ordre
1875 1935 2184 2022 publique
2209 1937 2418 2019 estoit,

466 2066 590 2132 par
642 2047 741 2113 les
794 2047 1100 2132 Temples
1113 2099 1131 2127 ,
1187 2047 1592 2114 d’examiner
1644 2048 1741 2116 les
1799 2049 1968 2132 petis
2022 2049 2252 2114 enfans
2306 2070 2422 2115 sur

465 2158 565 2225 les
607 2160 868 2242 poinotz
912 2159 1021 2242 qui
1068 2159 1357 2244 ‹loyvent
1410 2166 1582 2225 estre
1614 2180 1978 2228 -oommuns
2034 2167 2221 2227 entre
2273 2168 2421 2227 tous

464 2269 564 2336 les
606 2268 1011 2337 Chrestiens.
1099 2272 1192 2336 Et
1233 2271 1364 2336 afin
1410 2270 1490 2337 de
1532 2271 1846 2354 prooeder
1887 2292 2009 2355 par
2051 2273 2273 2351 ordre,
2332 2294 2417 2339 on

466 2382 638 2447 usoit
689 2382 843 2446 d'un
901 2382 1305 2461 formulaire,
1364 2382 1554 2465 qu'on
1610 2384 1932 2448 nommoit
1985 2382 2417 2450 Oateehisme.

464 2493 725 2576 Depuis
775 2492 837 2560 le
871 2493 1129 2573 Diable,
1187 2515 1270 2559 en
1328 2493 1656 2577 dissipant
1698 2492 2002 2577 l’Eglise,
2060 2502 2127 2558 et
2181 2495 2425 2560 faisant

466 2603 800 2671 l’horrible
844 2606 1064 2684 ruine,
1122 2604 1280 2670 dont
1332 2626 1420 2670 on
1460 2605 1599 2671 voit
1652 2624 1886 2669 eneore
1938 2604 2036 2671 les
2075 2607 2422 2691 enseignes

468 2736 555 2780 en
600 2714 667 2779 la
707 2715 860 2800 plus
902 2724 1056 2798 part
1099 2714 1186 2780 du
1231 2713 1485 2794 monde,
1533 2737 1574 2780 a
1609 2714 1930 2781 destruiot
1963 2708 2139 2782 oeste
2172 2717 2423 2783 saincte

464 2827 704 2910 polioe:
751 2834 818 2891 et
855 2831 964 2891 n’a
1006 2826 1200 2892 laisse
1235 2847 1359 2910 que
1402 2827 1464 2892 ie
1508 2848 1592 2892 ne
1636 2848 1795 2912 sqay
1828 2826 2077 2910 quelles
2116 2826 2420 2912 reliques,

467 2940 580 3023 qui
624 2959 710 3004 ne
751 2945 1043 3021 peuvent
1091 2937 1280 3004 sinon
1335 2935 1704 3023 engendrer
1758 2939 2211 3021 superstition,
2267 2959 2422 3005 sans

470 3060 912 3116 auounement
974 3050 1215 3131 edifier.
1329 3049 1509 3117 O'est
1573 3050 1639 3116 la
1705 3051 2162 3116 confirmation
2224 3056 2421 3136 qu’on

468 3161 745 3245 appelle,
791 3170 876 3227 ou
918 3162 968 3226 il
1005 3162 1118 3246 n’y
1155 3185 1195 3227 a
1229 3183 1353 3246 que
1396 3161 1700 3246 singerie,
1747 3180 1900 3227 sans
1938 3183 2152 3228 auoun
2196 3161 2423 3228 fonde-

467 3279 671 3338 ment.
760 3273 956 3340 Ainsi
999 3293 1072 3340 ee
1115 3295 1241 3358 que
1280 3295 1449 3340 nous
1491 3279 1777 3339 mettons
1832 3295 1917 3340 en
1971 3282 2200 3353 avant,
2254 3277 2427 3341 n'est

470 3385 665 3453 sinon
721 3385 974 3471 l’usage
1031 3387 1142 3470 qui
1197 3407 1238 3451 a
1290 3383 1372 3452 de
1423 3390 1603 3450 toute
1670 3385 2059 3451 aneiennete
2116 3392 2254 3451 este
2311 3386 2424 3452 ob·

468 3505 659 3563 serve
677 3495 736 3581 ²)
781 3505 968 3564 entre
1010 3497 1107 3564 les
1151 3496 1569 3563 Chrestiens.
1614 3502 1683 3561 et
1715 3500 1782 3561 n'
1787 3518 1827 3561 a
1871 3496 2104 3562 iamais
2138 3503 2277 3563 este
2313 3494 2426 3562 de·

2470 2270 2473 2329 :
2525 2277 2594 2334 et
2634 2278 2791 2334 nota
2834 2291 2979 2347 esse
3024 2270 3280 2337 debent.

3127 1225 3188 1291 L
3212 1224 3273 1289 E
3296 1222 3353 1290 Ο
3376 1224 3434 1291 Τ
3458 1221 3519 1290 Ο
3541 1224 3608 1289 R
3625 1222 3665 1288 Ι
3730 1220 3799 1290 S.
3820 1223 3878 1306 ⁸)

2703 1377 3148 1447 Observatum
3191 1398 3452 1463 semper
3485 1378 3609 1444 fuit
3650 1378 3722 1442 in
3765 1378 4056 1457 ecelesia,
4102 1384 4171 1442 et
4204 1376 4482 1462 diligen-

2474 1544 2478 1557 .
2530 1496 2633 1556 ter
2686 1492 2887 1557 etiam
2941 1496 3398 1575 procuratum,
3460 1496 3540 1554 ut
3593 1489 3782 1572 pueri
3836 1489 3907 1554 in
3963 1487 4258 1554 doctrina
4309 1489 4479 1555 ebri-

2530 1603 2745 1668 stiana
2799 1603 2924 1668 rite
2973 1602 3494 1668 instituerentur.
3585 1598 3780 1682 Quod
3832 1609 3910 1665 ut
3959 1601 4149 1666 fieret
4200 1619 4482 1666 eommo-

2529 1711 2704 1794 dius,
2758 1734 2897 1780 non
2950 1711 3145 1779 modo
3201 1722 3466 1796 apertae
3526 1718 3716 1777 erant
3732 1712 3789 1795 ⁴)
3848 1712 4005 1777 olim
4058 1711 4319 1778 scholae
4333 1763 4351 1792 ,
4406 1732 4482 1779 ae

2528 1824 2804 1908 sing-ulis
2848 1823 3389 1909 praecipiebatur,
3434 1830 3512 1891 ut
3552 1822 3870 1890 familiam
3909 1842 4099 1889 suam
4132 1823 4334 1907 probe
4369 1822 4484 1889 do-

2527 1942 2778 2015 oerent,
2833 1935 2949 2002 sed
3005 1936 3203 2002 etiam
3258 1934 3518 2020 publioo
3571 1954 3755 2000 more
3799 1941 3867 2000 et
3906 1934 4213 2001 instituto
4255 1956 4479 2019 reoep-

2526 2054 2667 2112 tum
2711 2056 2881 2127 erat,
2926 2053 3006 2113 ut
3043 2048 3115 2112 in
3158 2047 3421 2132 templis
3464 2055 3857 2132 rogarentur
3900 2048 4087 2130 pueri
4132 2046 4214 2113 de
4245 2048 4478 2132 —singu-

2524 2157 2608 2223 lis
2664 2158 3015 2241 capitibus,
3080 2179 3247 2243 quae
3301 2159 3672 2225 eommunia
3727 2157 4121 2225 Christianis
4175 2159 4479 2225 omnibus

3347 2271 3445 2337 Ut
3479 2276 3700 2336 autem
3741 2270 3810 2335 id
3853 2268 4082 2336 ordine
4115 2271 4321 2350 fieret,
4367 2268 4478 2335 de-

2526 2379 2931 2447 scribebatur
3010 2382 3296 2447 formula
3376 2403 3542 2465 quae
3603 2383 3963 2449 vocabatur
4024 2381 4480 2449 Oateehismus

2528 2492 2670 2558 sive
2710 2492 3074 2558 Institutio.
3164 2492 3271 2559 Ab
3317 2514 3394 2560 eo
3440 2500 3752 2576 tempore,
3800 2491 4096 2559 diabolus
4141 2494 4482 2561 ecelesiam

2527 2601 2660 2668 Dei
2699 2604 2938 2669 misere
2978 2603 3295 2684 laeerans,
3341 2612 3410 2670 et
3451 2603 3858 2670 horrendum
3892 2605 4032 2671 eius
4068 2604 4345 2670 exitium
4377 2608 4480 2670 in—

2528 2713 2778 2780 vehens
2823 2714 3038 2799 (ouius
3079 2722 3277 2781 notae
3319 2715 3388 2781 in
3428 2716 3662 2781 maiori
3704 2722 3893 2801 parte
3931 2715 4162 2781 mundi
4202 2716 4481 2781 nimium

2528 2824 2742 2891 adhue
2784 2827 3074 2908 exstant)
3131 2835 3428 2893 sanctam
3470 2827 3645 2893 hane
3696 2825 3991 2910 politiam
4044 2828 4304 2895 evertit:
4361 2848 4479 2892 ne-

2526 2957 2652 3020 que
2694 2937 2875 3003 aliud
2917 2936 3275 3022 quidquam
3311 2938 3639 3023 reliquum
3681 2939 3835 3005 feeit
3866 2947 4129 3022 praeter
4164 2938 4480 3021 quasdam

2525 3069 2739 3132 nugas
2752 3100 2770 3128 ,
2834 3070 3000 3133 quae
3055 3049 3559 3134 superstitiones
3612 3056 3875 3116 tantum
3925 3050 4189 3134 pariant
4238 3051 4479 3133 absque

2526 3159 2662 3225 ullo
2705 3159 3175 3227 aedificationis
3221 3162 3467 3227 fluctu:
3515 3183 3593 3227 ea
3635 3167 3855 3227 autem
3898 3168 4001 3229 est
4017 3163 4077 3247 ⁵)
4131 3163 4478 3229 confirma-

2527 3271 2638 3352 tio,
2684 3292 2881 3356 quam
2917 3278 3173 3353 voeant,
3221 3274 3461 3338 referta
3502 3272 3623 3338 illa
3665 3272 3926 3356 quidem
3969 3272 4479 3358 gesticulationi-
4559 3252 4572 3261 ⁸

2526 3383 2651 3449 bus
2697 3382 2845 3470 plus
2868 3404 3065 3468 quam
3110 3383 3425 3466 ridiculis,
3473 3393 3542 3452 et
3581 3405 3750 3469 quae
3791 3405 4059 3468 prorsus
4090 3384 4296 3451 simiis
4326 3404 4481 3449 oon-

2529 3496 2820 3574 veniant,
2866 3516 2987 3561 nee
3031 3494 3166 3561 ullo
3208 3496 3637 3563 fundamento
3680 3496 3994 3562 nitantur.
4084 3494 4281 3578 Quod
4323 3515 4482 3579 ergo

471 3608 688 3687 laisse,
734 3630 859 3693 que
894 3608 1115 3693 quand
1157 3607 1431 3694 I'Eglise
1472 3631 1513 3675 a
1545 3614 1682 3675 este
1717 3608 1807 3675 du
1844 3616 1987 3674 tout
2021 3582 2480 3716 ωτι-6111111161
2529 3625 2705 3672 nuno
2746 3606 2820 3671 in
2863 3607 3158 3673 medium
3198 3609 3619 3693 proferimus,
3675 3606 3844 3673 nihil
3901 3607 4083 3674 aliud
4137 3618 4241 3674 est
4284 3629 4477 3691 quam

781 4216 842 4285 1)
884 4216 1027 4271 Cone
1056 4212 1278 4284 prisone
1310 4231 1381 4270 ne
1413 4230 1472 4270 se
1505 4221 1693 4269 trouve
1719 4215 1883 4284 point
1913 4214 2058 4269 dane
2091 4215 2167 4268 les
2199 4212 2323 4270 e'dd.
2359 4214 2426 4269 de
2460 4215 2517 4269 la
2553 4213 2709 4269 Rome
2743 4214 2890 4271 dans
2921 4214 3195 4284 lesquelles
3228 4230 3300 4269 on
3337 4231 3375 4268 a
3407 4210 3586 4268 inoere'
3620 4214 3668 4268 le
3708 4212 4049 4270 Cate'chisme.

471 4305 643 4358 suiv..-
676 4304 767 4373 qui
802 4303 870 4357 de
904 4310 1057 4357 toute
1094 4302 1412 4356 anciennete
1447 4317 1481 4356 a
1515 4303 1634 4356 este
1671 4302 1916 4357 observe.

2473 3721 2478 3799 1
2529 3738 2691 3784 usus
2743 3739 3004 3798 eorum,
3064 3740 3232 3804 quae
3287 3720 3421 3786 iam
3470 3718 3626 3784 olim
3670 3740 3711 3784 a
3754 3718 4155 3785 Christianis
4196 3729 4263 3784 et
4304 3697 4481 3786 veris

2472 3860 2478 3943 i
2474 3828 2658 3894 'Dei
2682 3770 3041 3896 cultoribus
3077 3832 3429 3897 observata
3461 3837 3634 3909 sunt,
3670 3850 3883 3913 neque
3905 3850 4194 3915 unquam
4219 3830 4477 3909 omissa,

2471 3946 2478 4023 1
2531 3941 2660 4007 nisi
2702 3940 2859 4008 dum
2904 3942 3179 4009 eeclesia
3221 3943 3487 4008 omnino
3533 3947 3840 4025 corrupta
3879 3942 4023 4007 fuit.

4246 4213 4307 4280 2)
4345 4212 4478 4268 1561

777 4387 836 4455 3)
876 4388 1032 4443 Haec
1067 4388 1351 4456 praefatio
1385 4402 1454 4441 ex
1483 4386 1683 4485 gallico
1717 4386 2016 4455 emm-plari
2041 4387 2218 4453 potata
2256 4386 2503 4453 primum
2537 4391 2792 4454 apparet,
2828 4390 3090 4454 quantum
3124 4399 3226 4440 nos
3260 4387 3594 4456 rescivimus,
3630 4387 3692 4441 in
3727 4386 3809 4440 ed.
3845 4385 4082 4455 bamqui
4114 4383 4271 4455 1561,
4305 4391 4484 4441 meat

470 4488 680 4543 quoque
709 4474 864 4541 apud
896 4474 1103 4528 Rerum
1137 4472 1275 4527 1576
1309 4480 1359 4527 et
1391 4488 1530 4544 seqq.
1566 4478 1615 4527 et
1650 4472 1711 4526 in
1744 4471 2108 4526 manualilms.

470 4564 690 4628 vocant,
723 4557 929 4614 referta
963 4559 1193 4629 quidem,
1230 4557 1367 4613 1576
1401 4575 1540 4630 seqq.

2348 4469 2410 4536 4)
2447 4469 2857 4540 fuerunt,1576
2890 4485 3033 4541 „qq

3272 4470 3332 4539 5)
3372 4472 3669 4527 cuiusmodi
3702 4481 3788 4527 est
3822 4469 4157 4527 confirmatio
4190 4472 4287 4527 illa
4320 4488 4478 4541 quam
