4967 5992
622 299 749 361 523

618 481 765 561 1110,
822 488 1138 562 tanquam
1181 477 1378 544 unico
1422 475 1666 560 capite,
1712 472 2078 559 pendeant,
2125 483 2193 541 01
2236 474 2322 541 ad
2363 475 2587 560 ipsum

618 567 1017 633 referantur:
1064 563 1138 628 in
1182 584 1313 647 qua
1350 562 1445 629 010
1489 563 1662 628 10101
1696 583 1767 628 se
1804 561 2170 627 fraternam
2208 562 2586 628 societatem

618 651 869 731 colant,
929 656 1006 717 ut
1048 669 1181 714 non
1226 648 1355 714 alio
1398 646 1599 726 nodo,
1655 668 1856 732 quam
1902 648 2045 713 eius
2087 648 2395 725 veritate,
2451 648 2588 713 sint

617 737 937 823 colligati:
977 744 1122 801 tum
1164 756 1320 802 vero
1361 733 1546 800 nullo
1582 755 1719 800 non
1751 732 2170 798 anathemate
2206 732 2441 818 dignos
2483 733 2583 798 fa-

617 832 781 903 tear,
824 822 886 888 si
929 822 1041 906 qui
1081 828 1296 898 erunt,
1343 821 1456 903 qui
1498 840 1634 884 non
1677 840 1827 885 eam
1868 825 2249 884 reverenter
2290 839 2584 884 summa—

617 930 746 994 que
790 907 1161 975 obedientia
1203 904 1570 972 observent.
1658 906 1847 971 Haec
1881 924 2041 970 vero
2082 902 2368 970 mendax
2404 905 2584 969 hier-

617 995 882 1062 archiae
936 993 1156 1070 larva,
1212 1013 1344 1074 qua
1398 991 1815 1075 superbiunt,
1863 989 2030 1073 ‘quid
2072 991 2341 1055 omnino
2382 989 2586 1056 habet

618 1079 880 1148 simile?
953 1079 1145 1145 Unus
1189 1076 1652 1160 principatum,
1700 1075 1955 1142 Christi
2001 1077 2159 1155 viee,
2202 1083 2388 1141 tenet
2418 1096 2585 1159 pon-

619 1168 782 1235 tifex
826 1185 1170 1241 romanus,
1226 1163 1337 1247 qui
1379 1162 1625 1245 absque
1665 1161 1729 1226 le
1776 1181 1814 1226 e
1858 1167 1926 1226 et
1962 1160 2184 1241 modo,
2240 1162 2585 1246 tyrannico

615 1273 833 1331 more,
883 1251 1018 1315 imo
1062 1248 1476 1315 dissolutiore
1526 1248 1714 1330 impu
1763 1248 1970 1327 entia,
2017 1268 2213 1330 quam
2258 1259 2584 1331 tyrannus

616 1337 963 1423 quisquam
977 1387 994 1416 ,
1063 1334 1459 1403 dominatur.
1547 1333 1909 1416 Reliquum
1966 1352 2204 1417 corpus
2269 1332 2354 1398 ad
2406 1332 2587 1398 illius

615 1424 831 1509 magis
887 1442 1222 1499 normam,
1293 1441 1491 1503 quam
1547 1418 1831 1497 Christi,
1901 1417 2354 1502 compositum.
2442 1418 2585 1483 Ex-

616 1509 937 1576 stinetum
993 1512 1142 1587 [pag.
1198 1511 1349 1586 122]
1408 1503 1576 1570 illud
1627 1504 1855 1569 lumen
1873 1554 1888 1581 ,
1955 1504 2037 1570 de
2145 1526 2230 1569 uo
2293 1503 2587 1587 loquitur

617 1594 1032 1681 Cyprianus:
1075 1591 1421 1676 praeclusa
1452 1590 1655 1656 fontis
1692 1589 2056 1674 scaturigo:
2147 1590 2402 1673 enique,
2447 1589 2587 1655 0010

618 1680 870 1747 arboris
909 1678 1292 1764 proceritas,
1337 1696 1379 1741 a
1420 1675 1638 1742 radice
1680 1676 1994 1760 praecisa,
2040 1682 2427 1741 ostentatur.

791 1765 946 1833 Non
1003 1764 1119 1830 abs
1175 1784 1248 1828 re
1304 1768 1425 1841 est,
1481 1762 1646 1841 scio,
1713 1761 1885 1845 qnod
1939 1761 2019 1826 de
2063 1761 2417 1828 asserendo
2480 1782 2587 1827 ro-

618 1871 859 1918 manae
904 1847 1078 1916 sedis
1121 1849 1412 1933 primatu
1444 1848 1541 1913 ita
1570 1845 1875 1912 laborant
1908 1846 2299 1913 adversarii:
2346 1848 2420 1913 in
2454 1867 2585 1931 quo

620 1937 869 2003 scilieet
910 1934 1297 2013 consistere,
1342 1940 1411 1999 et
1452 1955 1552 2013 se,
1598 1940 1667 1999 et
1710 1955 1833 1998 sua
1874 1932 2126 2013 omnia,
2171 1932 2588 1999 animadver-

621 2028 792 2088 tunt.
883 2019 1021 2087 Sed
1060 2023 1361 2086 vestrum
1417 2026 1547 2099 est,
1605 2019 2043 2086 invictissime
2092 2018 2343 2085 Caesar
2383 2026 2451 2085 et
2506 2019 2587 2084 il-

620 2106 1003 2175 lustrissimi
1055 2105 1397 2189 Principes
1412 2156 1429 2184 ,
1492 2104 1811 2190 dispicere
1879 2126 1956 2172 ac
2011 2125 2404 2206 praecavere
2421 2113 2463 2185 ,ζ
2500 2125 2587 2170 110

625 2194 808 2260 vobis
825 2244 844 2273 ,
920 2191 1095 2257 sieut
1167 2192 1258 2256 im
1307 2190 1491 2256 eritis
1568 2191 1784 2257 faeere
1870 2190 2045 2256 001111
2123 2198 2310 2269 0001,
2397 2190 2588 2257 100111

619 2280 769 2346 fuco
832 2276 1136 2343 illudant.
1287 2276 1565 2360 rincipio
1632 2276 1813 2343 hunc
1887 2298 2085 2361 quem
2139 2277 2388 2343 iactant
2449 2277 2587 2360 pri-

619 2372 909 2444 matum,
1000 2362 1190 2428 nulla
1264 2362 1393 2428 Dei
1456 2363 1839 2441 autoritate,
1929 2361 2047 2429 sed
2125 2360 2302 2428 nudo
2373 2362 2587 2427 homi-

621 2472 784 2518 num
847 2449 1120 2515 arbitrio
1190 2448 1623 2514 constitutum
1677 2448 1912 2529 fuisse,
1998 2448 2133 2513 iam
2196 2448 2391 2514 fateri
2453 2448 2586 2532 ipsi

619 2557 875 2621 quoque
955 2541 1301 2618 coguntur.
1401 2531 1657 2599 Saltem
1732 2532 1803 2599 id
1876 2554 2083 2617 quum
2157 2531 2584 2615 ostendimus,

620 2622 878 2688 etiamsi
922 2642 1058 2686 non
1100 2619 1322 2703 palam
1370 2619 1845 2697 assentiantur,
1899 2627 2129 2685 eontra
2163 2632 2382 2685 tamen
2417 2641 2586 2705 pug-

619 2727 782 2774 nare
826 2702 1305 2791 quodammodo
1339 2725 1451 2772 eos
1487 2705 1712 2788 pudet
1782 2705 1943 2771 Fuit
1994 2703 2259 2789 quidem
2303 2714 2584 2790 tempus,

621 2813 826 2878 quum
868 2791 1183 2858 audacter
1225 2792 1588 2874 scripturae
1621 2790 2033 2870 testimoniis,
2079 2791 2164 2857 ad
2206 2800 2346 2857 tam
2381 2793 2588 2859 crassi

620 2878 949 2945 mendacii
993 2877 1559 2943 confirmationem
1594 2877 2052 2943 abuterentur:
2099 2876 2216 2943 sed
2251 2876 2364 2943 ubi
2406 2898 2585 2944 com-

620 2965 842 3030 minus
884 2970 1209 3029 certatum
1249 2963 1401 3041 fuit,
1457 2963 1646 3029 facile
1698 2962 1828 3028 fuit
1869 2969 2178 3028 excutere
2231 2962 2313 3028 de
2355 2983 2586 3029 eorum

501 3075 524 3093 ·
620 3050 925 3116 manibus
969 3049 1283 3127 festucas,
1342 3069 1504 3132 quas
1557 3069 1679 3132 pro
1732 3048 1969 3133 gladiis
2021 3047 2250 3133 procul
2290 3056 2585 3115 ostenta-

621 3141 875 3202 verant.
961 3134 1197 3219 Itaque
1240 3135 1370 3201 Dei
1423 3134 1629 3200 verbo
1674 3134 2004 3214 destituti,
2063 3134 2458 3219 confugiunt
2498 3135 2584 3200 ad

623 3221 977 3290 vetustatis
1022 3218 1407 3287 subsidium.
1482 3218 1622 3286 Sed
1660 3220 1818 3285 inde
1854 3221 2056 3286 etiam
2095 3220 2281 3286 nullo
2314 3221 2583 3304 negotio

623 3328 737 3374 eos
782 3306 1190 3390 depellimus.
1279 3305 1614 3372 Paulatim
1670 3307 1849 3372 enim
1886 3307 2232 3373 emersisse
2275 3327 2585 3372 romanos

620 3393 966 3478 pontifices
1008 3392 1091 3458 ad
1136 3392 1261 3460 hoe
1307 3390 1578 3458 honoris
1620 3392 1986 3477 fastigium,
2045 3391 2220 3477 quod
2262 3392 2345 3458 ab
2387 3393 2584 3458 annis

623 3478 885 3545 circiter
938 3477 1440 3563 quadringentis
1495 3490 1932 3561 occuparunt,
1996 3478 2107 3545 vel
2159 3478 2381 3563 potius
2431 3486 2582 3545 astu

621 3564 869 3647 partim
909 3571 979 3628 et
1019 3564 1213 3630 malis
1254 3565 1507 3630 artibus
1541 3565 1927 3648 obrepsisse,
1971 3563 2218 3649 partim
2259 3564 2585 3631 violenter

541 3729 554 3741 ·
620 3649 991 3733 irrupsisse,
1037 3658 1180 3716 tum
1223 3658 1599 3715 sanctorum
1640 3660 1906 3733 patrum
1943 3650 2209 3735 scripta,
2251 3656 2396 3715 tum
2435 3657 2585 3715 aeta

621 3735 1071 3814 conciliorum,
1116 3743 1257 3800 tum
1297 3735 1610 3801 historiae
1653 3735 1930 3819 planum
1971 3735 2237 3802 faciunt.
2325 3735 2584 3801 Verum

620 3829 701 3887 ut
756 3821 887 3888 illis
941 3827 1293 3904 utrumque
1347 3821 1792 3887 remittamus:
1852 3828 1957 3901 111,
2012 3822 2084 3886 10
2129 3842 2319 3899 0010,
2392 3822 2584 3888 001110

619 3906 1124 3975 concedentibus
1189 3907 1558 3986 obtineant,
1615 3916 1683 3972 et
1736 3907 2044 3973 collatum
2150 3906 2420 3973 ‘vinitus
2474 3928 2581 3973 ro-

618 4013 855 4059 manae
898 3989 1041 4059 sedi
1080 3992 1456 4076 primatum,
1501 3999 1571 4058 et
1610 3995 2072 4059 confirmatum
2107 4001 2425 4078 perpetuo
2468 4015 2583 4060 ve·

620 4079 781 4146 teris
816 4078 1130 4145 ecclesiae
1165 4083 1315 4159 [pag.
1347 4083 1495 4158 123]
1532 4099 1855 4145 00000000
1887 4078 2117 4146 fuisse:
2160 4087 2322 4146 tune
2355 4086 2584 4146 tamen

620 4165 889 4231 demum
931 4164 1039 4230 his
1078 4170 1253 4230 esset
1283 4163 1484 4242 100110,
1529 4165 1585 4229 01
1617 4164 1836 4230 Roma
1870 4173 1938 4230 et
1972 4186 2204 4231 veram
2238 4165 2582 4232 0001001010

621 4251 923 4330 haberet,
971 4258 1041 4317 et
1096 4271 1328 4318 verum
1381 4250 1776 4335 episcopum.
1863 4250 2096 4333 Neque
2149 4252 2325 4316 00110
2380 4250 2584 4317 0101111

623 4336 798 4404 sedis
842 4337 1073 4417 honor,
1118 4336 1235 4403 ubi
1275 4336 1461 4402 nulla
1496 4336 1781 4419 amplius
1820 4336 1950 4401 0111
1992 4335 2197 4402 sedes.
2270 4335 2582 4417 Obsecro,

624 4442 755 4506 qua
796 4425 870 4487 in
913 4444 986 4488 10
1029 4424 1407 4507 episcopum
1461 4444 1532 4488 se
1574 4428 1870 4506 praestat
1908 4423 2204 4507 pontifex
2248 4443 2580 4503 romanus,

625 4522 702 4571 ut
757 4508 903 4572 talis
958 4530 999 4574 a
1056 4508 1242 4576 nobis
1300 4507 1693 4576 censeatur?
1781 4507 1846 4574 N
1848 4520 2036 4572 otum
2089 4515 2190 4574 est
2231 4507 2396 4573 illud
2440 4510 2581 4576 Au-

624 4592 906 4676 gustini:
951 4594 1423 4680 Episcopatum
1465 4595 1662 4662 officii
1705 4615 1944 4660 nomen
1989 4615 2151 4673 esse,
2195 4615 2330 4659 non
2373 4594 2582 4661 hono-

623 4677 735 4742 ris.
821 4677 912 4741 Et
951 4679 1079 4744 has
1132 4701 1273 4748 esse
1325 4681 1613 4765 episcopi
1670 4696 1892 4764 partes
1947 4678 2272 4746 definiunt
2324 4690 2583 4749 veteres

625 4760 863 4848 synodi
881 4814 897 4840 ‚
961 4784 1227 4848 pascere
1282 4766 1471 4831 verbi
1528 4766 2014 4852 praedicatione
2070 4766 2387 4850 populum
2404 4818 2420 4847 ,
2477 4789 2582 4833 sa-

624 4854 969 4916 cramenta
1022 4846 1512 4931 administrare,
1573 4852 1830 4919 clerum
1883 4855 1952 4918 et
2009 4853 2326 4938 populum
2371 4855 2582 4919 eonti-

623 4956 783 5001 nere
834 4935 907 5000 in
950 4941 1182 5002 sancta
1225 4934 1589 5020 disciplina,
1633 4945 1703 5003 et
1747 4961 1834 5004 ne
1876 4938 1960 5003 ab
2001 4939 2108 5005 1110
2151 4938 2581 5020 distrahatur,

622 5021 917 5104 profanis
985 5020 1288 5086 omnibus
1354 5021 1550 5089 huius
1605 5024 1852 5089 saeculi
1897 5025 2076 5091 euris
2142 5046 2214 5090 se
2256 5024 2579 5093 abdicare.

620 5106 952 5193 Episcopo
991 5104 1323 5173 adiutores
1362 5107 1434 5171 in
1469 5107 1576 5173 his
1610 5109 1913 5175 omnibus
1949 5108 2190 5177 debent
2222 5132 2366 5178 esse
2398 5132 2583 5194 pres-

620 5193 857 5279 byteri.
948 5190 1128 5275 Quid
1191 5192 1428 5258 horum
1493 5193 1706 5260 facere
1768 5215 1840 5260 se
1900 5195 2216 5261 simulant
2275 5218 2451 5282 papa
2516 5203 2584 5262 et

2239 288 2369 354 DE
2412 284 3053 355 NECESSITATE

4534 290 4663 354 524

2688 473 3099 541 cardinales?
3187 474 3439 541 Dicant
3485 474 3694 559 igitur
3736 495 3863 558 quo
3904 474 4099 540 titulo
4141 475 4379 542 haberi
4424 496 4497 542 00
4539 498 4657 545 ve-

2688 560 2816 625 lint
2868 560 3196 644 legitimos
3249 568 3578 643 pastores,
3640 562 3753 645 qui
3809 561 4066 627 nullam
4117 561 4319 628 officii
4374 569 4651 646 partem,

2690 646 2797 712 vel
2848 646 3120 711 minimo
3175 645 3409 731 digito,
3467 668 3551 713 ne
3607 647 3678 711 in
3729 647 4017 730 speeiem
4073 646 4360 731 quidem,
4421 650 4626 715 attin-

2858 816 3135 896 Verum,
3158 824 3236 883 ut
3276 816 3510 884 demus
3559 818 3723 884 haee
3764 818 4015 883 omnia:
4070 818 4455 902 episcopum
4491 840 4651 900 esse,

2687 903 2801 987 qui
2859 902 2943 968 ab
2998 902 3182 968 omni
3235 903 3433 969 officii
3489 904 3589 970 sui
3641 912 3830 987 parte
3887 904 3958 968 in
4012 909 4228 969 totum
4292 905 4652 972 abstineat:

2688 989 3030 1055 ecelesiam
3095 1009 3240 1054 esse
3256 1040 3271 1066 ,
3339 1010 3505 1072 quae
3554 998 3691 1054 tam
3746 990 3932 1057 verbi
3983 990 4385 1070 ministerio,
4453 1013 4655 1076 quam

2689 1095 2855 1159 puro
2912 1082 3473 1140 sacramentorum
3514 1097 3641 1142 usu
3685 1082 3939 1142 careat:
4006 1073 4165 1159 quid
4218 1083 4473 1156 tamen,
4540 1078 4653 1144 ubi

2688 1163 2909 1226 omnia
2942 1168 3174 1226 eontra
3204 1156 3552 1245 pugnant?
3623 1160 3768 1225 Iam
3812 1160 4063 1243 aliquot
4103 1160 4387 1228 saeculis
4430 1163 4653 1229 sedem

2685 1246 2823 1312 illic
2879 1245 3271 1312 habuerunt
3314 1246 3557 1331 impiae
3622 1247 4151 1329 superstitiones,
4217 1260 4451 1330 aperta
4514 1249 4653 1315 ido·

2685 1331 2948 1398 lolatria
2962 1382 2979 1411 ,
3045 1353 3397 1415 perversae
3452 1330 3816 1398 doetrinae:
3884 1353 3965 1398 ea
4023 1330 4361 1400 doetrinae
4418 1337 4647 1418 capita,

2687 1418 2924 1502 quibus
2996 1418 3417 1501 potissimum
3503 1419 3865 1484 christiana
3938 1418 4173 1503 religio
4252 1420 4646 1500 continetur,

2689 1525 2938 1571 eversa.
3028 1503 3417 1570 Prostitutis
3480 1502 3565 1569 ad
3628 1512 3895 1587 turpem
3960 1511 4307 1587 quaestum
4358 1505 4647 1590 aliasque

2690 1589 3084 1673 pollutiones
3147 1591 3608 1669 sacramentis,
3671 1598 3969 1655 extremo
4033 1589 4318 1656 ludibrio
4382 1591 4646 1659 habitus

2689 1675 2815 1741 fuit
2850 1674 3189 1754 Christus,
3227 1683 3304 1740 ut
3336 1675 3583 1740 iterum
3619 1674 4096 1759 quodammodo
4132 1677 4645 1762 crucifigeretur.

2689 1761 2927 1827 Eritne
2968 1760 3086 1826 illa
3138 1762 3437 1826 omnium
3488 1760 3915 1827 ecelesiarum
3969 1769 4214 1841 mater,
4272 1783 4446 1846 quae
4490 1764 4643 1831 01100

2690 1846 2975 1926 nullam,
3044 1868 3176 1912 non
3247 1847 3390 1913 dico
3453 1848 3706 1926 faciem,
3751 1844 3869 1914 sed
3936 1868 4020 1912 ne
4072 1847 4321 1913 lineam
4386 1849 4642 1933 quidem

2688 1933 2933 1998 retinet
2975 1953 3173 1999 verae
3218 1937 3368 2012 [pag.
3412 1937 3559 2012 124]
3618 1932 3960 2010 ecelesiae,
4018 1941 4097 1998 ut
4135 1954 4382 1999 nervos
4424 1957 4641 2003 010000

2691 2026 2975 2098 sanetae,
3021 2040 3189 2102 quae
3232 2020 3407 2084 inter
3448 2016 3675 2084 fideles
3722 2039 3866 2084 esse
3911 2016 4122 2098 debet,
4165 2021 4640 2089 communionis

2690 2104 3083 2171 absciderit?
3182 2104 3380 2170 Nunc
3454 2104 3824 2170 renascenti
3900 2104 4229 2189 evangelii
4313 2105 4638 2174 doetrinae

2689 2210 2824 2255 non
2875 2190 3068 2256 aliter
3121 2212 3193 2257 se
3251 2191 3520 2274 opponit
3574 2210 3890 2256 romanus
3943 2191 4268 2274 pontifex,
4342 2213 4537 2275 quam
4586 2194 4636 2260 si

2690 2275 2772 2341 de
2805 2277 3018 2361 eapite
3051 2297 3173 2343 suo
3209 2284 3538 2361 ageretur.
3606 2277 3720 2341 An
3761 2296 3899 2342 non
3934 2297 4010 2342 eo
4046 2277 4187 2362 ipso
4221 2275 4634 2358 demonstrat,

2688 2382 2826 2429 non
2880 2362 3074 2428 aliter
3126 2362 3378 2429 salvam
3433 2361 3558 2428 sibi
3601 2363 3740 2428 fore
3783 2383 3975 2427 suam
4016 2362 4270 2443 sedem,
4330 2366 4469 2431 11101
4504 2386 4634 2449 910-

2688 2448 2913 2533 fligato
2955 2447 3211 2514 Christi
3251 2446 3503 2532 regno?
3592 2448 3799 2513 Novit
3841 2454 3959 2513 tua
3998 2447 4341 2530 MaiestaS,
4388 2449 4632 2530 Caesar,

2689 2542 2978 2617 quantus
3030 2533 3141 2601 hic
3195 2533 3363 2599 mihi
3417 2532 3679 2599 dicendi
3729 2554 4002 2616 campus
4041 2542 4284 2618 pateat.
4373 2535 4632 2617 Verum,

2688 2626 2765 2686 01
2821 2619 3111 2686 breviter
3159 2620 3377 2686 lecum
3429 2619 3608 2686 hunc
3650 2619 4066 2686 concludam:
4118 2641 4297 2706 nego
4342 2622 4631 2705 apostoli·

2688 2728 2836 2772 cam
2879 2727 3024 2773 0000
3072 2726 3219 2772 eam
3262 2704 3515 2785 sedem,
3560 2705 3675 2772 ubi
3718 2705 3889 2770 nihil
3932 2712 4196 2788 praeter
4250 2707 4635 2773 horrendam

2690 2792 3088 2876 apostasiam
3132 2792 3400 2858 visitur:
3446 2811 3620 2876 nego
3661 2792 3984 2857 vicarium
4027 2812 4174 2858 esse
4216 2790 4488 2872 Christi,
4530 2794 4635 2877 qui

2688 2877 3111 2962 evangelium
3184 2877 3427 2943 furiose
3502 2877 3954 2960 persequendo
4017 2876 4494 2943 Antichristum
4561 2900 4638 2945 00

2689 2985 2832 3030 0000
2865 2984 3062 3046 09010
3098 2963 3537 3031 demonstrat:
3574 2984 3746 3048 nego
3782 2984 3925 3029 esse
3959 2963 4150 3028 Petri
4184 2984 4636 3045 successorem,

2690 3051 2804 3134 qui
2868 3049 2953 3115 ad
3019 3048 3510 3115 demoliendum
3576 3047 3891 3136 quidquid
3965 3048 4337 3116 wdificavit
4395 3049 4635 3118 Petrus

2689 3144 2827 3201 toto
2885 3143 3125 3201 conatu
3187 3134 3541 3202 incumbit:
3609 3156 3779 3219 nego
3844 3141 4042 3217 caput
4106 3135 4423 3201 eeclesiae
4486 3158 4631 3215 οπο,

2689 3222 2804 3306 001
2845 3221 3192 3287 1000100010
3236 3243 3276 3287 0
3319 3220 3590 3286 Christo
3638 3241 3795 3287 vero
3838 3227 3905 3285 et
3946 3221 4140 3287 unico
4184 3220 4404 3305 capite
4444 3222 4632 3289 eoele-

2688 3308 2854 3373 siam
2914 3328 3032 3373 sua
3078 3305 3431 3393 tyrannide
3484 3306 3797 3390 discerpit
3850 3328 3926 3372 00
3977 3307 4244 3372 1000101.
4337 3307 4448 3374 Ad
4488 3308 4632 3375 haee

2686 3394 2907 3459 omnia
2948 3391 3115 3457 mihi
3155 3391 3623 3477 respondeant,
3679 3392 3794 3476 qui
3837 3393 3933 3458 sic
3974 3392 4318 3474 alligatam
4361 3391 4503 3460 sedi
4538 3415 4631 3459 re-

2685 3499 2923 3545 manae
2967 3499 3111 3545 esse
3154 3478 3395 3544 volunt
3434 3477 3746 3546 ecelesiae
3788 3477 4265 3558 hierarchiam,
4324 3487 4402 3544 01

2688 3565 3028 3631 autoritati
3082 3572 3331 3632 certam
3387 3586 3464 3631 ac
3530 3572 3840 3630 testatam
3894 3563 4225 3648 evangelii
4278 3563 4633 3632 doctrinam

2685 3650 3077 3734 posthabere
3144 3672 3278 3715 non
3342 3649 3663 3716 dubitent.
3766 3649 3912 3715 Imo
3965 3649 4137 3715 nihil
4200 3652 4629 3735 respondeant

2684 3735 4459 3908 {fiffgtfitffiffiffpffioiffienffiffduffissotfflqgm
4494 3744 4632 3909 poe-d

2686 3908 2993 3974 tulemus.

2856 3994 3038 4061 Hine
3070 4014 3331 4077 quoque
3363 3992 3593 4076 procul
3625 3990 3823 4060 dubio
3854 4000 4147 4059 statuere
4174 3994 4368 4061 vobis
4385 4014 4627 4080 promp-

2686 4085 2865 4165 tum¹
2901 4080 3054 4158 erit,
3121 4101 3318 4163 quam
3387 4101 3519 4145 non
3584 4076 3911 4146 audienda
3976 4079 4064 4145 sit
4116 4079 4635 4147 adversariorum

2686 4174 3060 4233 nostrorum
3083 4164 3429 4243 calumnia,
3467 4164 3626 4231 dum
3660 4164 3901 4249 impiae
3925 4166 4345 4246 temeritatis,
4371 4176 4442 4234 et
4462 4165 4639 4252 quasi

2683 4250 3101 4336 inexpiabilis
3141 4250 3450 4317 audaciae
3494 4271 3616 4316 nos
3660 4257 3988 4330 accusant,
4034 4253 4193 4334 quia
4226 4252 4317 4318 ad
4357 4274 4643 4338 purgan-

2687 4337 2837 4403 dam
2852 4389 2869 4415 ,
2924 4344 3069 4402 tum
3112 4336 3477 4417 doetrinae,
3534 4343 3677 4402 tum
3723 4338 4291 4403 caeremoniarum
4343 4340 4646 4424 inquinar-

2687 4424 2927 4490 mentis
2985 4422 3326 4491 eeclesiam
3342 4475 3357 4503 ,
3412 4444 3548 4489 non
3590 4430 3968 4506 exspectato
4012 4424 4345 4507 pontificis
4388 4422 4647 4491 romani

2687 4514 2839 4590 [pag.
2891 4514 3039 4589 125]
3099 4518 3293 4587 nutu,
3351 4508 3649 4594 aggressi
3700 4509 3925 4575 simus.
4014 4508 4096 4574 Id
4151 4531 4311 4576 vero
4416 4509 4649 4577 rivatis

2686 4593 3062 4661 hominibus
3115 4596 3213 4661 fas
3256 4596 3459 4661 fuisse
3502 4598 3766 4679 negant.
3856 4595 3952 4661 At
3995 4616 4180 4675 vero,
4236 4597 4354 4679 qui
4447 4595 4537 4662 ab
4580 4616 4653 4662 eo

2684 4680 3087 4765 sperandum
3129 4689 3289 4761 erat,
3334 4702 3528 4765 quem
3567 4680 3707 4748 loco
3742 4680 3973 4748 cedere
4016 4681 4379 4766 oportebat,
4429 4690 4513 4748 ut
4554 4703 4655 4750 eo-

2684 4768 2884 4835 clesia
2924 4768 2994 4833 in
3053 4773 3302 4832 statum
3345 4767 3683 4833 meliorem
3727 4767 3988 4833 restitui
4031 4765 4296 4851 posset?
4388 4766 4658 4835 Deinde

2728 4853 2981 4937 uisquis
3021 4854 3342 4919 memoria
3383 4861 3655 4937 repetet,
3699 4873 3869 4936 quae
3900 4852 4193 4918 Lutheri
4233 4852 4661 4939 aliorumque

2686 4876 2932 5005 inerint
2971 4939 3189 5019 initia,
3247 4939 3360 5023 qui
3404 4958 3819 5023 progressus,
3870 4938 4125 5004 0011010
4168 4960 4210 5005 a
4251 4937 4456 5007 nobis
4552 4963 4663 5008 ur*

2684 5027 3017 5111 gationem
3047 5026 3352 5109 requiret.
3424 5021 3845 5108 Suppliciter,
3890 5046 4095 5108 quum
4126 5025 4393 5110 integra
4586 5048 4668 5093 110

2685 5120 2908 5179 000001
2961 5111 3183 5177 010010
3197 5163 3212 5190 ,
3268 5110 3483 5177 oravit
3527 5112 3902 5194 pontificem
3945 5110 4319 5190 Lutherus,
4374 5120 4467 5177 ut
4510 5135 4669 5200 gra-

2685 5198 2973 5267 vissimis
3016 5197 3328 5265 ecelesiae
3370 5197 3617 5263 morbis
3669 5198 3743 5262 in
3785 5196 4083 5289 animuin
4120 5195 4483 5266 induceret
4530 5222 4670 5268 me-

4526 5728 4892 5912 pl
