4967 5992
546 300 672 362 315

546 486 721 551 verit
753 482 926 567 quod
968 481 1280 546 inveniat.
1370 478 1681 564 Agedum
1698 529 1715 558 ,
1773 477 1939 542 illud
1981 478 2156 561 quod
2210 480 2282 543 iu
2324 477 2507 544 clau·

545 571 692 637 sula
734 569 919 652 ponit
957 566 1260 650 Pighius,
1306 565 1449 630 sine
1493 565 1640 630 fuco
1687 563 2195 646 amplectamur:
2240 565 2336 628 ita
2386 583 2507 628 nos

546 674 840 721 asserere
884 652 1142 718 arbitrii
1183 651 1573 728 libertatem,
1611 659 1688 714 ut
1724 657 1948 714 tamen
1985 650 2154 713 nihil
2189 649 2378 715 nobis
2421 669 2507 713 ex

543 741 734 807 nobis
791 741 1007 804 inesse
1047 737 1505 802 confiteamur:
1562 744 1629 799 et
1682 756 1814 818 pax
1861 736 2037 800 inter
2079 757 2200 801 nos
2248 741 2506 801 consta-

543 826 660 892 bit.
748 823 888 892 Sed
928 825 1082 907 quia
1125 829 1261 887 toto
1303 823 1557 904 impetu
1597 820 1683 885 ad
1725 820 2095 886 faciendum
2128 822 2355 886 fucum
2399 839 2505 884 rae

543 913 746 996 pitur,
791 908 949 994 quid
992 908 1117 973 hoc
1158 907 1396 984 valeat,
1443 928 1580 971 non
1623 906 2106 972 animadvertit.

723 995 862 1063 Sed
916 994 1139 1059 obiicit
1191 994 1392 1058 aliam
1442 993 1858 1070 sententiam,
1918 1013 2002 1056 ex
2055 992 2354 1057 Homilia
2403 995 2504 1055 53.

547 1085 626 1149 in
669 1083 1016 1149 Ioannem:
1075 1080 1342 1144 tametsi
1393 1078 1611 1144 locum
1673 1098 1815 1141 non
1870 1076 2188 1161 designat.
2291 1077 2506 1142 Nemo

547 1171 644 1235 sic
699 1167 938 1233 audeat
991 1163 1340 1231 defendere
1393 1164 1676 1230 liberum
1744 1161 2094 1227 arbitrium
2108 1214 2124 1240 ,
2183 1171 2262 1227 ut
2315 1162 2507 1227 invo-

547 1253 834 1320 candum
888 1261 1091 1336 neget
1135 1251 1385 1335 gratiae
1442 1249 1798 1327 auxilium;
1850 1270 1972 1314 nec
2025 1251 2368 1331 quisquam
2413 1248 2508 1314 sic

551 1348 753 1424 neget
793 1337 1155 1404 voluntatis
1199 1335 1566 1412 arbitrium,
1604 1343 1683 1398 ut
1724 1333 1900 1417 quod
1943 1333 2097 1398 inde
2140 1333 2506 1399 necessario

547 1424 972 1507 consequitur
990 1473 1004 1499 ,
1065 1421 1308 1487 audeat
1362 1439 1680 1484 excusare
1733 1428 2092 1502 peccatum.
2198 1417 2333 1483 Sed
2375 1439 2506 1503 quo

545 1512 694 1576 iure
758 1509 1000 1593 Pighio
1066 1507 1252 1571 licuit
1269 1556 1285 1584 ,
1353 1505 1779 1588 parenthesin
1843 1505 2018 1570 hanc
2076 1512 2370 1570 attexere
2425 1504 2508 1570 de

547 1617 689 1674 suc,
727 1618 805 1662 ac
848 1595 942 1659 sic
985 1594 1280 1658 inserere
1322 1590 1693 1669 contextui,
1738 1598 1818 1655 ut
1859 1609 2015 1672 pars
2060 1612 2203 1656 esse
2249 1588 2505 1656 videre·

546 1681 700 1747 tur?
793 1679 946 1761 Qua
988 1679 1379 1743 necessitate
1421 1676 1632 1760 magis
1667 1676 1983 1759 sequitur,
2020 1677 2322 1742 excusari
2354 1695 2507 1759 pec-

548 1776 776 1833 catum
789 1817 806 1842 ,
873 1765 932 1828 si
987 1763 1270 1828 liberum
1327 1761 1674 1826 arbitrium
1727 1769 2035 1845 negatur,
2107 1781 2306 1845 quam
2361 1761 2507 1825 tolli

549 1853 808 1936 gratiae
866 1848 1196 1914 auxilium
1213 1899 1228 1926 ,
1298 1847 1414 1912 ubi
1481 1846 1839 1912 statuitur?
1939 1847 2321 1913 Periculum
2386 1854 2515 1923 est‚.

548 1958 640 2002 ne
702 1936 985 2002 liberum
1054 1934 1403 1999 arbitrium
1469 1931 1848 2010 asserendo,
1906 1933 2152 1997 iniuria
2205 1935 2325 1998 fiat
2377 1933 2508 1998 Dei

552 2022 836 2107 gratiae:
884 2041 1149 2086 rursum
1192 2040 1295 2097 ne,
1342 2019 1411 2084 id
1454 2039 1710 2101 quoque
1753 2017 2076 2103 negand0,
2121 2026 2508 2102 praetextus

551 2107 960 2174 excusationi
1020 2105 1376 2188 impiorum
1430 2104 1637 2170 detur.
1738 2104 2113 2188 Utrumque
2168 2109 2316 2183 [pag.
2362 2118 2388 2167 1
2404 2118 2430 2168 1
2445 2108 2510 2183 5]

550 2190 920 2260 cavendum
963 2192 1273 2256 admonet
1298 2191 1733 2275 Augustinus,
1781 2191 1951 2256 sicut
1993 2212 2113 2256 nos
2159 2191 2510 2273 diligenter

552 2278 996 2345 admonemus.
1087 2275 1166 2342 Si
1208 2297 1474 2342 necesse
1518 2284 1636 2355 est,
1682 2283 1910 2341 autore
1953 2276 2195 2360 Pighio
2208 2327 2225 2354 ,
2271 2275 2384 2340 ubi
2428 2275 2510 2339 li-

548 2365 786 2431 berum
824 2363 1170 2428 arbitrium
1215 2370 1513 2445 negatur,
1561 2362 1867 2427 excusari
1910 2369 2192 2444 peccata,
2237 2382 2358 2427 cur
2397 2361 2510 2426 de-

548 2452 720 2516 strui
763 2449 895 2515 Dei
937 2449 1222 2533 gratiam
1265 2448 1487 2512 minus
1529 2467 1795 2512 necesse
1839 2448 1983 2525 erit,
2029 2448 2086 2511 si
2131 2446 2506 2511 asseratur?

549 2536 701 2602 Hoc
746 2536 803 2601 si
847 2556 966 2599 suo
1009 2533 1278 2598 nomine
1323 2532 1629 2610 dixisset,
1685 2531 1982 2598 iuberem
2024 2553 2176 2598 cum
2221 2532 2362 2597 suis
2403 2533 2507 2597 in-

483 2663 489 2668 -
550 2623 746 2706 eptiis
801 2618 1030 2703 procul
1089 2620 1428 2684 facessere.
1528 2618 1727 2683 Nunc
1761 2618 1811 2702 ¹)
1877 2639 2081 2701 quum
2136 2619 2509 2701 Augustino

551 2706 908 2784 affinxerit,
950 2725 1069 2770 cur
1111 2724 1249 2768 non
1289 2703 1633 2769 falsarium
1675 2702 2053 2768 nominem?
2130 2705 2344 2769 Porro
2385 2703 2509 2769 fal-

552 2813 696 2857 sam
735 2791 910 2855 hanc
949 2788 1381 2854 adiectionem
1423 2787 1601 2866 tolle,
1646 2788 1806 2870 quid
1848 2788 1984 2854 illic
2019 2795 2138 2867 est,
2184 2788 2358 2872 quod
2393 2811 2510 2854 no-

551 2877 656 2942 bis
696 2872 1127 2940 adversetur?
1218 2873 1457 2939 Caveri
1500 2873 1648 2939 vult
1689 2874 2122 2959 AugustinuS,
2168 2895 2256 2939 ne
2291 2876 2512 2959 impiis

554 2959 750 3026 detm-
794 2959 1029 3041 aliquis
1073 2966 1453 3042 praetextus
1497 2957 1582 3023 ad
1627 2960 2006 3026 excusanda
2047 2968 2328 3044 peccata.
2397 2962 2511 3027 An

553 3067 691 3112 non
729 3045 855 3109 hoc
897 3043 1124 3111 sedulo
1174 3044 1642 3111 observamus?
1733 3046 1907 3110 Nam
1952 3052 2020 3111 et
2072 3057 2305 3130 sponte
2350 3047 2511 3112 dici-

555 3152 707 3196 mus
765 3151 1065 3215 peccare,
1126 3131 1500 3214 quicunque
1544 3141 1846 3214 peccant,
1908 3152 2110 3214 eoque
2158 3134 2301 3217 ipso
2354 3154 2509 3199 eon-

555 3218 763 3283 victos
806 3218 1037 3296 teneri,
1074 3237 1161 3282 ne
1203 3236 1274 3281 se
1317 3237 1357 3280 a
1399 3225 1585 3281 reatu
1628 3217 1940 3283 eximant.
2008 3217 2194 3284 Iusto
2235 3219 2366 3284 Dei
2407 3220 2511 3283 iu-

505 3354 510 3358 .
555 3302 723 3369 dicio
778 3301 1109 3380 damnari,
1172 3303 1285 3385 qui
1338 3303 1481 3368 eius
1534 3302 1856 3368 iustitiam
1911 3303 2338 3382 violaverint,
2400 3305 2509 3371 cui

554 3389 881 3456 subiectos
935 3408 1078 3454 esse
1135 3409 1255 3452 nos
1312 3408 1539 3453 omnes
1583 3388 1795 3455 decet:
1856 3399 2131 3455 naturae
2186 3412 2344 3456 vero
2386 3393 2513 3455 im-

552 3474 979 3541 becillitatem
1022 3480 1141 3538 aut
1179 3473 1637 3556 impotentiam
1663 3476 1911 3540 frustra
1948 3484 2353 3558 praetexere,
2398 3497 2514 3541 cu-

555 3561 662 3625 ius
724 3558 849 3624 sibi
912 3559 1174 3643 culpam
1245 3559 1571 3642 imputare
1635 3560 1930 3626 debeant.
2043 3560 2275 3644 Itaque
2340 3561 2513 3646 quod

553 3664 905 3730 perperam
967 3646 1040 3708 in
1104 3666 1224 3710 nos
1281 3651 1588 3726 torquere
1630 3646 1872 3729 Pighio
1929 3645 2125 3711 libuit
2139 3698 2155 3726 ,
2213 3668 2334 3713 nos
2378 3668 2513 3712 non

553 3750 795 3814 parum
836 3727 1121 3795 adiuvat.
1209 3730 1386 3795 Nam
1427 3751 1631 3814 quum
1664 3732 1790 3797 hac
1830 3733 2212 3814 exceptione
2245 3741 2514 3798 conten·

554 3826 667 3882 tus
720 3816 810 3882 sit
859 3816 1275 3900 Augustinus
1291 3867 1306 3894 ,
1362 3817 1706 3882 nobiscum
1763 3817 1861 3881 illi
1915 3815 2082 3882 bene
2134 3819 2510 3897 convenire,

555 3903 706 3985 quis
759 3919 895 3966 non
947 3900 1167 3966 videt?
1267 3901 1695 3967 Praestamus
1759 3904 1938 3967 enim
2005 3901 2290 3969 fideliter
2340 3902 2513 3987 quod

554 3987 854 4071 requirit,
901 3984 1078 4065 dum,
1125 3986 1249 4052 hac
1284 3984 1729 4053 moderatione
1765 3988 2078 4067 adhibita,
2123 4011 2209 4055 ne
2243 3999 2513 4072 peccata

555 4094 678 4139 sua
720 4083 1038 4138 excusent
1078 4072 1382 4137 homines
1395 4123 1410 4150 ,
1456 4072 1736 4138 liberum
1780 4072 2127 4139 arbitrium
2168 4097 2509 4159 negamus.

730 4156 869 4223 Sed
910 4157 1389 4222 formidabilem
1429 4158 1809 4224 machinam
1844 4158 2085 4225 habere
2119 4182 2190 4225 se
2227 4162 2513 4245 Pighius

558 4252 776 4327 putat,
823 4266 908 4309 ex
952 4242 1164 4321 libris,
1222 4264 1384 4326 quos
1427 4241 1512 4307 ad
1559 4243 1988 4310 Valentinum
2031 4246 2295 4329 scripsit
2335 4246 2514 4313 idem

557 4330 994 4412 Augustinus.
1081 4329 1257 4394 Nam
1302 4350 1508 4412 quum
1562 4330 2053 4413 suspicarentur
2095 4341 2253 4397 tunc
2293 4333 2511 4412 multi,

559 4413 823 4479 defendi
877 4414 1160 4480 liberum
1214 4414 1561 4479 arbitrium
1614 4437 1749 4480 non
1791 4436 2010 4499 posse,
2068 4417 2209 4482 sine
2264 4419 2515 4502 gratiae

559 4499 832 4564 iniuria:
878 4499 964 4564 ad
1005 4500 1185 4566 hunc
1220 4520 1513 4566 errorem
1547 4501 1998 4580 refellendum,
2035 4503 2234 4584 prior,
2278 4504 2513 4586 inquit,

561 4583 648 4648 ad
690 4584 1120 4649 Valentinum
1162 4585 1328 4651 liber
1370 4608 1410 4650 a
1452 4596 1677 4652 sancto
1720 4589 1865 4653 viro
1901 4588 2183 4670 scriptus
2227 4598 2356 4655 est:
2401 4591 2515 4656 ubi

562 4690 755 4734 suam
822 4668 902 4733 de
965 4671 1178 4753 gratia
1241 4678 1310 4735 et
1373 4671 1580 4737 libero
1644 4673 1916 4738 arbitrio
1993 4673 2358 4741 doctrinam
2420 4677 2516 4742 sic

561 4762 892 4837 temperat
909 4805 925 4832 ,
983 4763 1061 4819 ut
1114 4756 1309 4822 simul
1366 4759 1784 4826 conveniant.
1886 4760 2062 4824 Nam
2117 4768 2186 4826 et
2235 4762 2308 4827 in
2372 4763 2515 4846 ipso

559 4840 715 4907 libri
757 4838 1026 4906 exordio
1082 4842 1484 4908 sufficienter
1523 4843 1887 4927 praedicari
1937 4845 2009 4910 in
2052 4847 2393 4930 scripturis
2436 4848 2518 4912 li-

700 5060 761 5128 1)
801 5060 1069 5117 Sicbm
1106 5063 1205 5132 pri
1400 5071 1455 5121 et
1502 5065 1809 5149 Gallasifoe.
1886 5066 2083 5122 Gallae
2117 5069 2310 5124 vertit.-
2357 5069 2515 5125 Mais.

559 5128 747 5212 ‚Besae
776 5129 1265 5257 dffmxssdiss:
1295 5150 1430 5258 ffi
1463 5135 1613 5204 quod
1647 5135 1844 5190 demae
1878 5136 2404 5194 Ammlodamenm
2447 5155 2516 5194 ex

1851 287 2226 357 RESPON
2226 288 2381 357 810
2425 287 2806 358 CONTRA
2846 287 3263 356 PIGEIUM

4444 293 4564 357 316

2615 476 2845 542 berum
2890 476 3266 556 arbitrium,
3320 479 3513 561 quasi
3564 498 3686 562 pro
3729 478 4024 545 confesso
4080 481 4315 558 sumit3
4376 493 4443 544 et
4498 479 4565 546 id

2611 570 2840 645 postea
2856 615 2870 640 ‚
2934 571 3075 627 tam
3138 585 3224 628 ex
3287 564 3682 647 praeceptis,
3738 585 3939 647 quam
4001 563 4149 630 aliis
4202 564 4566 631 rationibus

2612 646 2862 730 probat.
2964 648 3236 715 Faciam
3288 648 3424 727 hic,
3493 649 3666 731 quod
3729 649 4052 716 haetenus
4110 650 4344 716 solitus
4401 673 4563 718 sum.

2610 733 2881 798 Nemini
2936 735 3116 799 enim
3170 735 3363 799 alteri
3432 736 3650 818 aptius
3666 785 3681 812 ,
3740 756 3942 818 quam
3997 737 4375 820 Augustino
4422 738 4565 820 ἱρή,

2611 818 2915 884 mandari
2982 841 3170 902 posse
3235 820 3357 885 has
3477 828 3654 886 artes
3731 821 4036 886 existimo
4052 872 4068 900 ,
4135 831 4211 886 ut
4272 820 4579 889 mentem‘

2614 924 2801 968 suam
2844 907 3334 988 interpretetur.
3425 841 3605 987 &uid
3658 927 3819 990 ergo
3860 928 4066 990 quum
4112 908 4364 973 homini
4406 908 4566 974 libe-

2612 1010 2766 1054 rum
2819 992 3170 1056 arbitrium
3227 990 3484 1070 tribuit,
3544 993 3666 1059 sub
3722 993 3850 1057 hoc
3906 993 4173 1058 nomine
4227 999 4377 1073 [pag.
4421 999 4566 1072 116]

2612 1076 3160 1158 comprehendat,
3216 1085 3445 1159 postea
3479 1076 3711 1142 definit
3761 1077 3867 1143 his
3909 1078 4158 1144 verbis:
4215 1080 4563 1158 Voluntas,

2614 1161 2846 1244 inquit,
2891 1164 2963 1226 in
3007 1162 3272 1227 homine
3294 1184 3552 1246 semper
3588 1170 3691 1227 est
3725 1163 3966 1229 libera:
4014 1164 4130 1229 sed
4154 1187 4287 1229 non
4310 1184 4567 1248 semper

2612 1245 2796 1311 bona.
2865 1250 3007 1312 Aut
3050 1249 3227 1312 enim
3277 1270 3317 1312 a
3359 1250 3608 1313 iustitia
3651 1248 3862 1314 libera
3905 1257 4008 1314 est
4054 1250 4318 1332 quando
4367 1252 4567 1317 servit

2610 1340 2899 1415 peccato,
2951 1341 3018 1398 et
3057 1343 3215 1398 tunc
3264 1342 3367 1399 est
3400 1334 3593 1399 mala.
3669 1336 3811 1400 Aut
3843 1354 3883 1399 a
3925 1343 4192 1418 peccato
4232 1336 4441 1402 libera
4469 1347 4568 1402 est

2612 1418 2874 1500 quando
2909 1421 3119 1484 servit
3142 1420 3448 1499 iustitiae,
3483 1428 3550 1485 et
3571 1426 3734 1484 tunc
3761 1427 3863 1485 est
3895 1421 4084 1487 bona.
4143 1421 4385 1487 Gratia
4407 1442 4565 1488 vero

2611 1504 2739 1568 Dei
2785 1524 3045 1587 semper
3100 1513 3203 1569 est
3240 1505 3441 1584 bona,
3495 1525 3661 1588 quae
3712 1507 3898 1589 prius
3938 1506 4118 1572 mala
4162 1508 4406 1573 fuerat:
4452 1529 4569 1591 per

2614 1610 2813 1671 quam
2846 1591 3047 1655 etiam
3077 1592 3170 1669 fit,
3207 1598 3286 1655 ut
3318 1592 3463 1673 ipsa
3494 1592 3670 1656 bona
3690 1591 4015 1671 voluntas,
4047 1613 4221 1676 quae
4252 1594 4386 1658 iam
4426 1615 4565 1661 esse

2612 1675 2828 1757 coepit
2843 1726 2858 1754 ,
2916 1684 3252 1759 augeatur.
3355 1676 3696 1742 Habemus
3709 1728 3725 1756 ,
3787 1699 3922 1743 non
3985 1678 4115 1743 alia
4158 1698 4355 1744 causa
4406 1679 4566 1745 libe·

2612 1781 2757 1824 ram
2803 1761 2929 1826 dici
2972 1762 3411 1841 voluntatem,
3468 1762 3600 1828 nisi
3641 1763 3798 1846 quia
3853 1773 4216 1846 spontaneo
4258 1775 4565 1832 movetur

2613 1847 2870 1912 affectu.
2973 1847 3256 1931 Pighius
3312 1856 3533 1912 autem
3609 1848 3808 1933 longe
3871 1848 4052 1914 aliud
4120 1851 4432 1933 requirit:
4493 1860 4568 1917 ut

2612 1932 2867 1998 scilicet
2918 1931 3194 1998 liberam
3249 1933 3492 1999 habeat
3543 1934 3651 1999 vel
3706 1933 3863 1999 boni
3918 1936 4026 2000 vel
4079 1937 4236 2001 mali
4283 1936 4565 2021 eligendi

2611 2017 3010 2083 facultatem.
3123 2017 3371 2084 Libera
3437 2026 3568 2099 est,
3631 2020 3846 2103 inquit
3897 2022 4349 2106 Augustinus,
4415 2024 4565 2106 quia

2613 2111 2848 2186 sponte
2890 2103 3082 2169 mala.
3169 2104 3450 2189 Pighius
3499 2105 3775 2170 liberam
3816 2126 3959 2171 esse
4001 2108 4370 2188 contendit,
4415 2110 4565 2191 quia

2613 2189 2859 2255 liberae
2915 2191 2988 2254 in
3041 2198 3390 2274 utramque
3452 2199 3710 2274 partem
3778 2191 4115 2259 electionis
4181 2195 4269 2258 sit
4339 2215 4561 2278 capax.

2616 2275 2740 2340 Vis
2802 2296 2960 2360 ergo
3015 2275 3303 2342 breviter
3363 2278 3532 2343 scire
3551 2328 3567 2356 ,
3621 2298 3752 2360 quo
3804 2298 4005 2343 sensu
4058 2278 4342 2344 liberum
4396 2281 4563 2346 arbi·

2615 2362 2819 2425 trium
2867 2382 3020 2427 cum
3200 2363 3292 2426 tia
3343 2362 3748 2448 coniungat?
3850 2363 4093 2428 Tribus
4147 2364 4370 2431 verbis
4423 2373 4563 2432 tan-

2616 2446 2767 2512 dem
2809 2448 2878 2512 in
2922 2449 3054 2512 fine
3121 2446 3245 2512 ibri
3280 2448 3651 2532 respondet.
3739 2448 3917 2530 Quia
3948 2470 4069 2533 per
4111 2452 4396 2534 gratiam
4432 2472 4565 2517 non

2614 2532 2869 2597 tollitur
2910 2534 3208 2598 humana
3246 2533 3582 2613 voluntas,
3640 2534 3757 2600 sed
3798 2557 3880 2601 ex
3938 2535 4115 2601 mala
4156 2545 4461 2602 mutatur
4494 2538 4565 2602 in

2612 2618 2871 2696 bonam,
2913 2625 2983 2684 et
3067 2640 3229 2684 uum
3267 2620 3443 2684 bona
3484 2620 3699 2697 fuerit,
3745 2619 4117 2687 adiuvatur.
4169 2622 4317 2686 Iam
4361 2623 4565 2700 audis,

2614 2704 2867 2769 homini
2910 2705 3022 2788 qui
3068 2725 3173 2769 em
3217 2711 3462 2770 natura
3503 2705 3770 2773 subesse
3805 2706 4234 2787 voluntatem,
4279 2707 4393 2774 sed
4426 2728 4565 2773 ma-

2614 2789 2767 2869 lam,
2813 2796 2881 2855 et
2925 2811 3092 2873 quae
3131 2791 3306 2855 bona
3347 2811 3489 2856 esse
3532 2812 3650 2875 per
3692 2813 3764 2858 se
3807 2801 4105 2875 nequeat,
4158 2811 4282 2859 nee
4324 2793 4408 2859 ad
4448 2794 4565 2859 bo-

2615 2897 2781 2941 num
2824 2877 3143 2959 aspirare:
3205 2877 3421 2959 gratia
3475 2884 3697 2943 autem
3739 2876 3868 2944 Dei
3912 2899 4049 2943 non
4091 2878 4233 2944 tolli
4250 2929 4264 2954 ‚
4318 2886 4398 2944 ut
4434 2901 4563 2945 non

2615 2963 2719 3041 sit,
2779 2959 2897 3027 sed
2949 2962 3189 3046 corrigi
3243 2971 3313 3027 et
3364 2984 3449 3027 ex
3490 2963 3670 3028 mala
3724 2966 4048 3043 converti,
4105 2973 4184 3029 ιιι
4236 2966 4409 3031 bona
4460 2968 4562 3033 sit.

2614 3048 2768 3113 Non
2811 3067 3047 3113 vereor
3086 3057 3165 3112 ιιι
3217 3048 3329 3131 qui
3381 3047 3627 3114 librum
3682 3055 3892 3114 totum
3946 3050 4298 3134 diligenter
4341 3060 4411 3116 et
4454 3052 4562 3117 ad·

2616 3133 2824 3199 hibito
2867 3133 3105 3199 iudicio
3161 3133 3422 3217 legerit,
3469 3133 3725 3200 dubitet
3762 3157 3851 3200 an
3894 3137 4293 3202 sententiam
4337 3158 4563 3204 secun-

2618 3220 2776 3285 dum
2817 3241 2924 3284 me
2966 3219 3141 3284 ferre
3195 3219 3445 3285 debeat.
3536 3219 3865 3301 Quoniam
3919 3230 4141 3286 tamen
4181 3243 4316 3287 non
4359 3225 4566 3288 omni-

2620 3305 2741 3369 bus
2798 3318 2989 3370 vacat
3040 3305 3288 3389 legere,
3350 3326 3559 3387 pauca
3613 3307 3757 3372 eius
3800 3306 4003 3373 verba
4055 3307 4210 3373 inde
4268 3309 4561 3386 referam,

2619 3413 2703 3458 ex
2746 3391 2981 3473 quibus
3023 3391 3141 3456 fiat
3181 3393 3621 3475 perspicuum,
3667 3400 3990 3475 quantum
4032 3393 4367 3460 facultatis
4412 3414 4563 3461 con-

2618 3476 2812 3543 cedat
2853 3477 3165 3555 humano,
3212 3476 3385 3559 quod
3428 3477 3563 3543 illic
3606 3477 3914 3558 defendit,
3957 3478 4246 3545 arbitrio.
4334 3480 4564 3565 Fingi-

2617 3584 2771 3627 mur
2787 3613 2803 3641 ,
2861 3562 3105 3645 inquit,
3163 3561 3231 3627 id
3286 3571 3417 3640 est,
3466 3562 3829 3629 formamur
3880 3566 3952 3630 in
3996 3565 4305 3648 operibus
4362 3567 4560 3643 bonis,

2617 3669 2784 3732 quae
2824 3670 2957 3713 non
3000 3651 3538 3731 praeparavimus
3570 3650 3714 3733 ipsi,
3760 3651 3877 3716 sed
3910 3651 4330 3734 praeparavit
4364 3651 4560 3729 Deus,

2617 3743 2694 3799 ut
2754 3734 2826 3798 in
2890 3733 3025 3800 illis
3087 3733 3514 3800 ambulemus.
3625 3734 3794 3816 Quis
3855 3757 4053 3819 porro
4097 3737 4186 3801 sit
4240 3735 4562 3802 formandi

2615 3820 2851 3884 modus
2869 3870 2883 3894 ,
2939 3818 3264 3903 sequitur:
3325 3819 3658 3901 Quoniam
3707 3822 3850 3906 ipse
3900 3830 3976 3887 ut
4017 3821 4298 3889 velimus
4341 3843 4563 3907 opera-

2617 3912 2728 3970 tur
2783 3905 3128 3989 incipiens,
3184 3907 3296 3988 qui
3351 3905 3724 3973 volentibus
3765 3917 4150 3992 cooperatur
4201 3910 4558 3992 perficiens.

2616 3993 2714 4058 Ut
2757 4010 2919 4076 ergo
2961 3991 3261 4069 velimus,
3306 3992 3450 4057 sine
3490 3991 3678 4058 nobis
3712 4003 4049 4076 operatur:
4095 4016 4301 4078 quum
4347 4003 4562 4060 autem

2617 4077 2938 4156 volumus,
2982 4084 3052 4142 et
3093 4076 3186 4142 sic
3219 4077 3528 4143 volumus
3561 4089 3640 4142 ut
3671 4079 4004 4158 faciamus,
4050 4080 4388 4147 nobiscum
4422 4100 4563 4146 coo-

2616 4170 2915 4248 peratur:
2973 4169 3202 4227 tamen
3256 4165 3397 4227 sine
3439 4162 3553 4227 illo
3571 4215 3586 4242 ‚
3642 4164 3751 4229 vel
3795 4172 4108 4249 operante
4151 4173 4230 4231 ut
4269 4166 4560 4242 velimus,

2616 4248 2724 4317 vel
2793 4254 3185 4331 cooperante
3264 4269 3468 4331 quum
3524 4249 3828 4315 volumus
3844 4302 3860 4328 ,
3928 4251 4012 4317 ad
4076 4251 4252 4317 bona
4310 4252 4563 4335 pietatis

2619 4354 2821 4418 opera
2864 4334 3031 4398 nihil
3083 4333 3400 4399 valemus.
3492 4332 3631 4400 Sed
3684 4336 3853 4401 forte
3909 4342 4058 4418 [pag.
4105 4351 4131 4401 1
4150 4343 4251 4414 17]
4298 4356 4562 4421 pracpa-

2619 4429 2807 4486 ratur
2869 4419 3087 4503 aliquo
3141 4419 3333 4484 modo
3387 4419 3471 4485 ad
3540 4421 3985 4505 recipiendam
4049 4423 4223 4488 hanc
4288 4422 4563 4507 gratiam

2620 4505 2910 4572 hominis
2953 4505 3276 4570 voluntas.
3366 4506 3646 4571 Minime
3689 4528 3870 4588 vero,
3912 4510 4129 4591 inquit
4170 4508 4313 4574 ille:
4374 4528 4561 4574 num-

2621 4592 2778 4677 quid
2822 4593 2998 4656 enim
3041 4589 3258 4656 dicere
3300 4612 3673 4674 possumus,
3718 4594 3931 4660 bonae
3971 4594 4331 4660 voluntatis
4373 4593 4563 4660 meri-

2621 4688 2767 4744 tum
2824 4679 2898 4743 in
2948 4677 3219 4742 homine
3269 4679 3728 4760 praecessisse,
3786 4689 3864 4745 ut
3915 4680 4312 4746 avelleretur
4366 4679 4450 4745 ab
4490 4697 4562 4743 eo

2623 4785 2737 4831 cor
2777 4763 3155 4847 lapideum?
3213 4762 3386 4846 quod
3428 4784 3562 4828 non
3604 4764 3936 4848 significat
3975 4767 4107 4831 nisi
4150 4764 4564 4832 durissimam

2620 4851 3063 4929 voluntatem,
3120 4856 3187 4915 et
3238 4848 3556 4915 advorsus
3607 4850 3829 4916 Deum
3890 4853 4157 4917 omnino
4209 4849 4565 4916 inflexibile

2622 4946 2740 5002 est.
2827 4936 2961 5002 Ubi
3013 4945 3237 5001 autem
3292 4934 3623 5017 praecedit
3663 4937 3835 5003 bona
3874 4937 4219 5015 voluntas,
4263 4938 4397 5002 iam
4439 4956 4564 5003 non

2623 5031 2727 5087 est
2766 5021 2997 5103 utique
3039 5041 3149 5085 cor
3197 5018 3544 5103 lapideum.
3636 5023 3733 5086 At
3775 5023 4183 5089 voluntatem
4205 5023 4392 5088 ‘forte
4433 5042 4565 5087 mo-

2621 5115 2736 5173 vet
2775 5113 3049 5171 eatenus
3080 5104 3213 5170 Dei
3244 5107 3476 5190 gratia,
3518 5113 3595 5171 ut
3630 5105 3715 5172 ad
3747 5109 3992 5174 bonum
4025 5108 4357 5175 duntaxat
4385 5107 4564 5174 flexi-

2617 5192 2702 5258 lis
2742 5190 2847 5269 sit,
2890 5210 3030 5255 non
3071 5197 3295 5256 autem
3337 5192 3670 5261 efficacem
3721 5194 3796 5259 in
3836 5214 3916 5261 ea
3958 5194 4269 5261 affectum
4310 5195 4563 5264 excitat.
