4967 5992
540 333 663 396 251

539 518 741 595 mula,
786 537 920 581 11611
957 514 1085 580 nisi
1120 514 1189 577 in
1234 532 1313 577 ea
1347 510 1644 577 doctrina
1685 508 2022 574 immorari
2057 507 2287 585 voluit,
2333 528 2500 590 quae

540 605 679 671 sola
721 601 1028 668 ecclcsiae
1085 600 1350 681 propria
1394 604 1524 676 est,
1581 602 1650 660 et
1691 594 2061 661 necessaria
2104 593 2368 676 cognitu
2414 591 2499 657 ad

541 690 852 756 salutem:
909 684 1080 749 nihil
1126 684 1378 749 scilicet
1432 682 1652 746 valere
1696 701 1814 764 per
1869 701 1939 744 66
1998 688 2275 744 naturae
2320 679 2499 743 vires

539 774 623 838 ad
673 770 1162 856 percipiendam
1204 768 1434 847 fidem,
1493 767 1577 831 ad
1617 765 2056 831 obedientiam
2100 763 2362 831 divinae
2403 763 2501 828 le-

539 860 663 944 gis,
692 865 760 923 et
804 863 1011 922 totam
1036 854 1446 940 spiritualem
1471 852 1811 918 iustitiam.
1860 850 2038 931 Quid
2082 851 2151 913 in
2197 849 2501 916 civilibus

542 952 609 1011 et
651 942 945 1009 externis
988 941 1276 1018 valeant,
1322 941 1476 1023 quia
1510 960 1640 1003 non
1676 957 2074 1021 magnopere
2110 934 2262 1000 fidei
2296 935 2501 999 inter-

543 1036 663 1110 est,
701 1029 913 1096 noluit
935 1027 1255 1093 curiosius
1292 1025 1646 1107 disputare.
1696 1023 2067 1101 Caeterum,
2113 1021 2288 1104 quod
2322 1041 2502 1119 sum-

475 1115 488 1125 ’
543 1135 729 1181 mum
773 1121 876 1179 cst
918 1113 987 1178 in
1038 1113 1162 1177 hac
1208 1110 1606 1195 quaestione,
1655 1117 1722 1174 et
1764 1109 1950 1173 cuins
1994 1108 2208 1191 gratia
2251 1106 2505 1188 reliqua

544 1201 768 1266 omnia
833 1199 1171 1276 dicuntur,
1237 1194 1790 1280 quemadmodum
1853 1193 2045 1258 initio
2099 1192 2505 1275 propositum

540 1286 671 1353 fuit
704 1307 744 1351 a
785 1285 1088 1351 Luthero
1132 1292 1200 1348 et
1241 1282 1405 1360 aliis,
1451 1282 1548 1345 ita
1589 1279 1786 1345 hodie
1830 1277 2257 1356 defendimus,
2302 1299 2377 1342 ac
2419 1296 2505 1341 ne

540 1372 613 1437 in
656 1370 792 1436 illis
836 1370 1119 1453 quidem,
1166 1388 1334 1451 quae
1375 1366 1517 1430 dixi
1550 1364 1633 1430 ad
1670 1365 1867 1430 fidem
1911 1385 2046 1428 non
2082 1363 2244 1428 adeo
2280 1382 2505 1428 neces-

544 1456 722 1524 saria
765 1476 908 1522 esse
926 1507 941 1532 ,
989 1452 1168 1520 aliud
1211 1454 1505 1530 interest,
1554 1451 1685 1515 nisi
1729 1448 1901 1533 quod
1945 1449 2156 1513 forma
2197 1446 2506 1532 loquendi

545 1544 639 1610 sic
682 1542 808 1608 fuit
851 1541 1175 1624 mitigata,
1217 1559 1302 1603 ne
1345 1537 1503 1620 quid
1546 1534 1924 1601 offensionis
1968 1535 2259 1600 haberet.

717 1627 854 1694 Ubi
895 1625 1070 1690 hanc
1113 1623 1368 1707 peregit
1410 1621 1672 1688 fabulae
1705 1628 1980 1705 partem,
2027 1619 2108 1685 ad
2155 1619 2359 1685 alium
2400 1641 2508 1686 ac-

545 1723 691 1780 tum
735 1709 1102 1789 descendit,
1158 1717 1236 1774 ut
1292 1708 1616 1793 dogmatis
1670 1710 1879 1773 nostri
1930 1707 2279 1791 mysteria,
2337 1705 2510 1772 sicut

544 1805 754 1876 vocat,
792 1799 862 1861 in
907 1802 1206 1879 apertam
1239 1794 1456 1860 lucem
1497 1801 1703 1870 eruat,
1746 1813 1830 1857 ex
1865 1792 1995 1856 illis
2031 1791 2318 1857 tenebris
2362 1792 2508 1874 qui-

542 1886 673 1950 bus
717 1880 942 1948 abdita
997 1887 1155 1946 sunt
1198 1879 1373 1963 apud
1430 1900 1550 1945 nos
1608 1900 1683 1945 ac
1728 1877 2046 1944 demersa.
2135 1879 2356 1959 Atque
2398 1876 2508 1943 hic

546 1990 753 2053 quum
793 1967 874 2033 de
932 1965 1328 2033 obscuritate
1367 1972 1622 2044 nostra,
1677 1971 1819 2029 tum
1868 1964 1948 2029 de
1991 1963 2312 2029 varietate
2356 1982 2508 2027 con-

550 2054 867 2138 queritur.
955 2053 1130 2118 Nam
1173 2072 1376 2135 quum
1410 2073 1528 2135 per
1572 2072 1641 2116 66
1683 2050 2165 2115 tenebricosum
2211 2052 2357 2127 [pag.
2397 2052 2508 2127 26]

546 2142 637 2208 sit
678 2137 1112 2216 mendacium,
1158 2157 1279 2203 nos
1320 2136 1606 2201 latebras
1650 2133 1734 2201 ad
1761 2133 2136 2207 *fallendum
2171 2154 2509 2216 quaerere,

546 2232 891 2309 praeterea
934 2231 1071 2287 tam
1114 2243 1259 2289 esse
1300 2224 1475 2287 inter
1517 2243 1639 2286 nos
1683 2221 2034 2287 dissimiles
2080 2242 2156 2285 ac
2192 2220 2508 2298 diversos,

543 2318 622 2378 ut
662 2317 918 2377 certum
964 2306 1212 2392 aliquid
1246 2331 1334 2374 ex
1374 2307 1679 2373 omnibus
1714 2306 2039 2391 colligere,
2083 2306 2386 2371 infinitus
2422 2306 2511 2371 sit

544 2396 748 2463 labor.
821 2396 1034 2461 Aiunt
1075 2415 1282 2459 unum
1317 2414 1460 2459 esse
1497 2393 1924 2459 lusciosorum
1962 2413 2172 2475 genus
2213 2393 2324 2474 qui
2369 2412 2509 2456 cre-

544 2482 816 2566 pusculo
860 2480 1097 2546 melius
1141 2501 1338 2563 qnam
1381 2478 1656 2544 meridie
1700 2486 1994 2544 cernant.
2082 2478 2175 2542 Et
2217 2497 2510 2542 commu-

545 2569 720 2634 niter
753 2566 1054 2634 videmus
1098 2585 1210 2631 666
1229 2617 1242 2643 ,
1300 2565 1414 2646 qui
1457 2571 1686 2628 tenera
1726 2571 1884 2627 sunt
1926 2561 2250 2644 debilique
2292 2562 2511 2627 oculo-

547 2675 699 2721 rum
735 2654 891 2730 acie,
937 2650 1022 2716 ad
1065 2651 1324 2733 plenam
1370 2649 1583 2714 lucem
1628 2649 1682 2712 si
1725 2647 2064 2731 prodeant,
2109 2649 2319 2730 magis
2362 2669 2511 2731 per-

549 2738 791 2822 stringi
849 2745 916 2800 et
973 2735 1286 2801 hebetari.
1389 2735 1500 2798 Ex
1553 2754 1782 2798 corum
1854 2755 2129 2798 numero
2197 2754 2340 2798 esse
2395 2734 2511 2798 Pi-

551 2823 786 2908 ghium
811 2822 957 2904 quis
987 2820 1227 2904 neget?
1298 2819 1395 2886 Ut
1421 2817 1828 2902 eloquentiae
1877 2818 2137 2883 laudem
2162 2818 2309 2883 aliis
2354 2841 2508 2885 con-

550 2908 860 2975 cedamus
878 2957 893 2985 ,
949 2905 1249 2989 linguam
1301 2912 1525 2969 tamen
1579 2911 1756 2968 certe
1799 2905 2119 2969 habemus
2174 2925 2306 2968 11611
2348 2904 2510 2970 adeo

549 2991 936 3076 impeditam
981 3010 1104 3056 nec
1148 2990 1550 3073 perplexam.
1640 2991 1861 3073 Atque
1904 2990 1975 3054 in
2011 2989 2136 3055 hoc
2178 2990 2346 3055 serio
2390 3012 2511 3062 nos

547 3079 847 3144 laborare
882 3097 1107 3142 omnes
1143 3074 1692 3152 animadvertunt,
1730 3083 1807 3141 ut
1838 3075 2305 3159 intelligamur.
2362 3075 2511 3140 Imo

550 3163 737 3229 nulla
790 3162 1004 3247 magis
1059 3161 1141 3227 de
1194 3183 1394 3227 causa
1446 3162 1635 3227 nobis
1688 3160 2049 3228 adversarii
2103 3169 2509 3242 succensent,

549 3270 746 3333 666111
780 3247 958 3332 666(1
981 3248 1180 3313 11111116
1215 3246 1607 3312 familiarem
1630 3247 1883 3312 Christi
1906 3246 2275 3314 doctrinam
2309 3247 2512 3332 vulgo

548 3335 913 3401 fecerimus.
1006 3331 1205 3400 Solus
1255 3334 1337 3398 Pi
1387 3333 1538 3397 hius
1599 3333 1845 3398 nimiae
1911 3333 2325 3399 obscuritatis
2395 3356 2512 3400 no-

549 3422 804 3488 biscum
859 3418 1250 3502 expostulat.
1397 3418 1479 3484 ed
1534 3419 1660 3484 1166
1732 3425 1834 3485 est
1887 3418 2059 3501 quod
2129 3418 2286 3484 alibi
2344 3418 2508 3484 dixi:

549 3526 732 3571 more
773 3526 1130 3588 puerorum
1146 3555 1163 3585 ,
1208 3505 1321 3587 6111
1363 3503 1752 3570 umbratiles
1794 3505 1868 3569 in
1903 3504 2143 3571 scholis
2187 3502 2512 3571 declama-

547 3594 762 3656 tiones
802 3589 1075 3669 habent,
1124 3591 1349 3655 omnia
1413 3589 1758 3656 rhetorum
1817 3598 2166 3673 praecepta
2209 3592 2352 3669 61116
2398 3589 2511 3656 (16-

548 3677 730 3742 lectu
771 3676 851 3739 in·
887 3696 1082 3741 usum
1119 3697 1313 3741 suum
1357 3675 1655 3758 applicat.
1746 3677 1949 3760 Legit
1990 3676 2245 3755 alicubi,
2289 3676 2514 3742 valere

550 3762 677 3828 hoc
724 3758 810 3824 ad
860 3760 1275 3845 gravandum
1319 3759 1797 3840 adversarium,
1856 3762 1911 3826 si
1955 3761 2369 3828 obscuritatis
2411 3762 2510 3828 vi-

551 3849 719 3912 tium
763 3846 1041 3913 obiicere
1074 3846 1175 3910 illi
1217 3867 1436 3929 queas.
1523 3847 1846 3930 Arripuit,
1888 3849 2043 3930 quia
2082 3846 2398 3931 placebat,
2445 3854 2514 3912 et

550 3955 728 3999 nunc
753 3940 1000 3997 temere
1025 3932 1095 3996 in
1119 3952 1239 3996 nos
1266 3930 1623 4014 detorquet.
1672 3932 1809 3998 Sed
1824 3932 1978 3998 huic
2002 3954 2308 4017 cupresso
2333 3954 2512 3998 nunc

549 4039 687 4085 11611
710 4024 852 4084 crat
870 4017 1080 4083 locus:
1127 4037 1331 4100 quum
1355 4017 1507 4082 libri
1531 4019 1758 4097 nostri,
1783 4020 1923 4084 sine
1951 4019 2082 4083 alia
2110 4018 2510 4097 defensione,

553 4126 623 4171 66
665 4105 816 4187 plus
861 4105 1023 4168 satis
1068 4104 1149 4169 ab
1194 4103 1320 4168 hac
1362 4102 1538 4166 futili
1591 4103 1924 4169 calumnia
1974 4103 2329 4169 vindicent.
2419 4104 2514 4169 Et

550 4191 693 4275 ipse
734 4209 922 4266 mox,
968 4189 1157 4271 quasi
1193 4189 1295 4253 sui
1339 4187 1608 4267 oblitus,
1653 4187 2035 4255 methodum
2071 4188 2235 4254 mihi
2278 4189 2514 4254 saltem

554 4282 622 4341 et
665 4274 1206 4359 perspicuitatem
1251 4274 1496 4338 tribuit.
1587 4275 1698 4339 An
1738 4273 1835 4339 ita
1874 4275 2050 4340 inter
2093 4296 2214 4339 nos
2260 4274 2513 4341 dissen-

553 4363 800 4426 tiamus
822 4412 837 4438 ,
896 4362 1069 4425 sicut
1110 4360 1339 4439 iactat,
1388 4360 1526 4425 eius
1568 4360 1695 4425 fuit
1734 4361 2028 4441 probare.
2116 4359 2311 4426 Nunc
2354 4359 2512 4444 quid

551 4445 735 4510 aliud
780 4445 1012 4525 dicam,
1055 4445 1187 4511 nisi
1230 4446 1450 4511 omnia
1492 4446 1565 4510 in
1606 4465 1728 4511 nos
1762 4451 2009 4511 temere
2050 4447 2327 4523 effutire,
2367 4446 2514 4528 qui-

553 4529 679 4594 bus
722 4530 806 4593 iis
847 4537 1112 4596 tantum
1155 4552 1356 4597 exosa
1396 4529 1779 4598 redderetur
1820 4539 2051 4597 nostra
2093 4531 2418 4611 doctrina,
2476 4553 2517 4598 a

555 4614 795 4696 quibus
833 4634 970 4680 non
1012 4616 1300 4700 legitur?
1387 4618 1619 4702 Neque
1663 4618 1839 4682 enim
1884 4638 2114 4683 eorum
2156 4617 2363 4682 ullam
2407 4639 2513 4683 ra-

440 4762 458 4780 ,
556 4701 803 4765 tionem
843 4701 1060 4779 habet,
1105 4702 1218 4785 qui
1259 4711 1489 4769 nostra
1529 4703 1636 4770 vel
1679 4704 2030 4769 minimum
2073 4703 2434 4787 attigerint.

726 4785 970 4851 Postea
1009 4787 1240 4869 incipit
1275 4790 1441 4854 meis
1482 4789 1701 4855 verbis
1736 4790 2086 4873 explicare,
2131 4788 2292 4872 quid
2335 4810 2514 4854 com-

553 4872 847 4936 muniter
890 4870 1282 4937 sentiamus:
1340 4876 1603 4940 tametsi
1655 4896 1742 4940 nc
1799 4875 2105 4941 videatur
2152 4875 2354 4940 nimis
2397 4896 2513 4958 pa-

555 4955 691 5021 lam
732 4977 1036 5040 pugnare
1077 4957 1218 5039 ipse
1262 4978 1514 5036 secum,
1565 4961 1945 5043 exceptione
1989 4962 2225 5040 utitur,
2283 4961 2340 5026 si
2381 4981 2515 5044 qua

558 5043 648 5106 sit
703 5043 877 5107 inter
931 5061 1054 5106 nos
1106 5063 1241 5108 6116
1292 5046 1657 5110 communis
1710 5048 2053 5112 sententia.
2140 5046 2350 5112 Vides
2402 5046 2514 5113 hic

554 5127 789 5208 lector,
858 5128 1197 5194 hominem
1249 5128 1616 5213 constringi
1670 5131 1868 5196 simul
1922 5138 1990 5197 et
2042 5130 2339 5197 distrahi.
2426 5132 2512 5196 In

556 5219 766 5280 totam
807 5213 1347 5281 Lutheranorum
1401 5220 1650 5280 sectam
1664 5265 1682 5294 ‚
1735 5235 1873 5280 non
1924 5217 1998 5280 in
2048 5217 2383 5300 privatum
2427 5238 2513 5284 ex

1850 316 2379 385 RESPONSIO
2425 315 2805 384 CONTRA
2844 316 3263 384 PIGHIUM

4442 323 4566 385 252

2602 528 2682 572 66
2744 506 3118 589 quempiam
3186 513 3522 573 certamen
3584 507 3935 574 instituere
3993 515 4141 588 [pag.
4194 513 4303 586 27]
4361 507 4571 574 videri

2602 592 2766 657 vult.
2858 592 3010 657 Non
3062 599 3280 676 potest
3323 601 3543 657 autem
3593 613 3820 658 omnes
3863 593 4066 659 semel
4110 591 4383 680 adoriri,
4442 595 4569 662 nisi

2604 676 3006 743 coniunctos,
3098 677 3617 743 consensionem
3661 685 3740 743 ut
3778 680 3967 746 nobis
4011 677 4290 757 tribuat,
4334 700 4569 764 grava-

2603 765 2725 828 tim
2772 762 3136 828 adducitur.
3225 764 3406 849 Ergo
3450 770 3803 847 utrumque
3839 764 4034 852 simul
4081 764 4259 843 dicit,
4305 774 4375 830 et
4410 787 4570 831 neu-

2605 857 2809 913 trum:
2855 856 2922 913 et
2962 850 3057 913 ita
3090 848 3338 914 nodum
3379 850 3793 916 insolubilem
3834 849 4184 933 abrumpit.
4240 851 4371 915 His
4417 852 4572 917 sub—

2603 934 2824 1017 iungit
2885 955 3112 999 eorum
3166 934 3622 1018 compendium
3689 956 3855 1018 quae
3921 935 4212 1002 secundo
4287 936 4573 1002 Institu-

2607 1020 2805 1084 tionis
2849 1041 3035 1084 meae
3079 1021 3289 1103 capite
3313 1021 3365 1104 ¹)
3411 1020 3492 1085 de
3527 1021 3653 1085 hac
3693 1043 3768 1087 re
3804 1020 4153 1104 disputavi.
4231 1022 4383 1088 Non
4422 1044 4575 1089 sum

2607 1113 2745 1170 tam
2792 1105 3120 1188 malignus
3165 1120 3282 1170 aut
3323 1127 3642 1184 morosus,
3680 1114 3759 1172 ut
3791 1107 4113 1191 Pighium
4155 1107 4372 1173 malae
4417 1108 4573 1175 fidei

2607 1191 2680 1255 in
2725 1191 2888 1256 meis
2931 1190 3303 1269 recitandis,
3348 1193 3494 1256 sine
3537 1212 3753 1271 causa,
3800 1212 4120 1259 accusem.
4192 1193 4453 1259 Verum
4487 1216 4576 1261 116

2609 1274 2735 1342 6161
2804 1273 2954 1358 plus
3026 1278 3199 1342 iusto
3267 1276 3677 1357 blandiatur,
3743 1280 3837 1344 sic
3908 1299 4188 1362 agnosco
4242 1299 4576 1345 summam

2609 1381 2796 1427 meae
2831 1361 3292 1445 disputationis
3336 1371 3666 1445 utcunque
3701 1364 4113 1447 complexum
4150 1385 4313 1443 esse,
4357 1373 4438 1430 ut
4470 1373 4574 1430 ta-

2609 1468 2765 1511 men
2807 1448 3080 1512 minime
3125 1448 3324 1513 velim
3368 1449 3535 1513 tales
3577 1450 3649 1513 in
3696 1456 3913 1514 totum
3966 1469 4131 1533 opus
4174 1451 4574 1534 compositas

2610 1554 2754 1598 esse
2798 1534 3146 1616 epitomas:
3207 1555 3417 1616 neque
3460 1534 3632 1599 hanc
3684 1554 3942 1618 quoque
3994 1535 4207 1618 ipsam
4248 1535 4383 1602 alia
4425 1536 4575 1620 lege

2610 1619 2883 1700 recipi0,
2939 1619 3067 1683 nisi
3113 1627 3189 1684 ut
3231 1620 3312 1683 ab
3358 1620 3545 1685 116616
3598 1618 3918 1703 prodiisse
3973 1622 4400 1687 meminerint
4440 1621 4575 1687 lec-

2610 1711 2802 1769 tores.
2891 1704 3066 1768 Nam
3125 1704 3296 1787 quod
3349 1725 3456 1770 me
3511 1706 3654 1788 ipso
3698 1706 4063 1771 ordinatius
4105 1713 4175 1772 ct
4214 1707 4575 1772 cohaeren-

2611 1790 2744 1853 tius
2789 1790 3010 1854 omnia
3052 1788 3350 1874 digerere
3395 1811 3465 1855 se
3506 1791 3709 1856 iactat
3723 1843 3737 1871 ‚
3798 1792 3864 1856 id
3907 1813 4025 1858 6116
4068 1813 4251 1858 more
4295 1791 4574 1876 duplici-

2612 1883 2714 1939 ter
2753 1875 2935 1940 facit:
2993 1895 3230 1958 nempe
3246 1927 3261 1954 ,
3320 1883 3388 1940 et
3431 1898 3501 1942 se
3543 1878 3833 1942 inaniter
3876 1878 4208 1943 efferendo
4222 1929 4239 1956 ,
4298 1885 4368 1943 et
4410 1879 4575 1943 libe-

2612 1961 2840 2025 raliter
2882 1959 3277 2025 mentiendo,
3367 1961 3495 2026 Illa
3539 1963 3739 2027 etiam
3785 1964 4017 2027 omitto
4053 1962 4324 2046 quibus,
4385 1964 4571 2029 velut

2611 2048 2818 2111 amari
2852 2045 3125 2130 liquoris
3161 2048 3387 2130 guttis,
3412 2068 3560 2113 mea
3587 2047 3785 2114 verba
3815 2049 4025 2114 obiter
4062 2051 4371 2133 aspergit,
4406 2069 4571 2133 quo-

2613 2131 2834 2197 minus
2869 2131 3097 2198 lectori
3134 2134 3420 2215 sapiant:
3465 2154 3575 2198 me
3600 2140 3905 2201 truncare
3931 2133 4393 2219 Chrysostomi
4417 2157 4571 2201 sen·-

2611 2219 2885 2283 tentiam
2902 2268 2918 2296 ,
2975 2239 3174 2300 quam
3230 2218 3313 2284 ad
3366 2218 3643 2285 verbum
3686 2220 3898 2286 refero
3911 2270 3929 2298 ‚
3981 2220 4153 2286 sicut
4192 2221 4372 2303 apud
4417 2240 4571 2286 enm

2611 2303 2918 2369 habetur:
2974 2325 3083 2368 me
3126 2305 3441 2387 affingere
3499 2305 3880 2387 opinionem
3918 2306 4123 2371 Petro
4166 2306 4569 2386 Lombardo,

2612 2408 2812 2471 quam
2867 2388 3173 2456 omnibus
3238 2398 3614 2473 promptum
3669 2399 3770 2458 est
3830 2389 4054 2457 videre
4105 2390 4280 2456 bona
4341 2391 4475 2457 fide
4529 2411 4573 2456 a

2612 2496 2720 2540 me
2773 2476 3165 2558 expositam:
3222 2496 3330 2541 1116
3379 2476 3453 2540 111
3508 2476 3788 2543 citandis
3839 2477 4315 2561 prophetarum
4381 2476 4571 2543 testi-

2613 2560 2852 2626 moniis
2865 2611 2881 2639 ,
2932 2567 3050 2625 aut
3087 2560 3423 2626 infidelem
3468 2582 3610 2629 esse
3624 2612 3640 2643 ,
3694 2569 3811 2628 aut
3852 2582 3989 2628 non
4032 2563 4217 2646 sequi
4258 2561 4426 2629 fidos
4466 2563 4571 2628 in-

2614 2653 2966 2728 terpretes,
3034 2646 3190 2729 quia
3256 2647 3495 2713 alicubi
3577 2671 3617 2713 a
3692 2648 3957 2733 vulgari
4026 2649 4573 2732 interpretatione

2616 2730 2947 2796 dissentio,
3038 2731 3216 2797 Sunt
3267 2734 3446 2797 enim
3501 2734 3715 2799 relatu
3766 2734 4071 2818 indigna,
4130 2735 4260 2800 nisi
4315 2733 4401 2799 ad
4458 2733 4574 2800 de-

2615 2817 3110 2882 monstrandam
3164 2819 3491 2902 insignem
3533 2819 3759 2902 Pighii
3805 2828 3873 2885 et
3924 2820 4256 2885 inscitiam
4319 2827 4389 2884 et
4428 2841 4574 2885 ma-

2614 2902 2855 2967 litiam:
2910 2924 3109 2985 quam
3153 2911 3375 2969 tamon
3419 2904 3564 2970 sani
3606 2906 3883 2971 lectores
3898 2956 3914 2986 ,
3960 2905 4206 2988 absque
4246 2906 4576 2971 monitore

2616 2989 2776 3053 satis
2829 2988 3375 3054 animadvertent.
3465 2991 3691 3057 Unum
3754 3011 3988 3074 operae
4053 2993 4341 3073 pretium
4395 2998 4576 3057 esset

2617 3073 2892 3152 referre,
2949 3075 3077 3140 nisi
3123 3075 3252 3139 alio
3294 3074 3437 3140 loco
3482 3078 3720 3142 iterum
3763 3087 4118 3160 repeteret,
4173 3077 4290 3143 ubi
4331 3083 4577 3142 tracta-

2616 3158 2822 3224 bitur:
2881 3161 3422 3244 imaginationem
3479 3162 3727 3229 scilicet
3782 3163 3865 3227 ab
3918 3184 3995 3227 66
4050 3162 4336 3242 censeri,
4401 3161 4577 3246 quod

2616 3246 2907 3311 animam
2951 3245 3211 3311 fidelem
3257 3245 3454 3312 doceo
3498 3268 3538 3312 a
3591 3249 4089 3333 regeneratione
4132 3248 4208 3313 in
4264 3247 4432 3313 duas
4474 3246 4575 3312 di-

2615 3332 2828 3398 visam
2871 3352 3012 3397 esse
3070 3339 3305 3414 partes.
3395 3333 3571 3398 Nam
3623 3334 3732 3401 vel
3775 3335 3848 3399 in
3894 3335 4020 3400 hoc
4065 3333 4204 3400 solo
4246 3334 4449 3401 verbo
4490 3333 4575 3397 il-

2614 3415 2823 3495 lustre
2878 3418 3208 3500 specimen
3249 3419 3618 3502 Pighianae
3674 3420 4045 3504 theologiae
4100 3420 4342 3485 intueri
4396 3418 4573 3485 licet.

2619 3500 2788 3583 Quis
2844 3505 3023 3568 onim
3076 3524 3209 3569 non
3263 3504 3510 3583 videat,
3566 3506 3859 3571 animam
3901 3526 4052 3571 eum
4107 3526 4225 3589 pro
4269 3505 4411 3571 sale
4454 3504 4575 3570 ha-

2615 3589 2797 3666 bere,
2816 3588 2877 3672 ²)
2929 3589 3041 3672 qui
3075 3597 3214 3654 tam
3256 3590 3647 3656 familiarem
3688 3592 3815 3675 piis
3859 3591 4094 3658 animis
4138 3611 4413 3657 sensum
4452 3610 4574 3673 pro

2616 3673 3086 3758 imaginatione
3140 3675 3379 3741 ducat?
3466 3677 3723 3743 Verum
3772 3679 3924 3760 quia
3978 3677 4104 3742 1166
4161 3677 4234 3742 111
4274 3678 4422 3759 ipso
4466 3697 4575 3742 ar-

2615 3761 2914 3843 gumenti
2967 3760 3235 3826 cardine
3273 3763 3675 3840 continetur,
3731 3772 3798 3828 et
3850 3762 3986 3829 illic
4043 3763 4243 3828 etiam
4286 3761 4576 3847 Pighius

2615 3848 2872 3928 repetit,
2908 3846 3311 3912 commodius
3352 3852 3499 3926 [pag.
3546 3854 3654 3928 28]
3697 3871 3773 3914 eo
3808 3869 4012 3932 usque
4047 3847 4406 3913 differetur.

2788 3932 2937 3997 Hac
2979 3953 3234 4015 quoque
3286 3934 3544 3999 ratione
3596 3942 4000 4017 postremam
4040 3933 4221 4000 illius
4266 3932 4576 4000 obiectio-

2616 4038 2770 4082 nem
2813 4016 3047 4083 leviter
3088 4017 3280 4083 modo
3323 4019 3490 4084 attin
3647 4071 3661 4098 ,
3708 4041 3840 4104 qua
3883 4020 4233 4086 stultitiam
4276 4026 4579 4085 nostram

2618 4101 2889 4183 deridet,
2932 4102 3106 4186 quod
3140 4109 3405 4168 tantum
3436 4040 3677 4172 laffis
3713 4106 4180 4172 exhauriamus
4220 4106 4293 4170 in
4337 4103 4577 4171 docen-

2618 4187 2719 4253 dis
2763 4188 3168 4266 hominibus,
3211 4190 3324 4272 qui
3365 4190 3564 4256 fidem
3606 4199 3829 4257 tamen
3873 4193 4126 4257 interea
4167 4212 4305 4256 non
4336 4191 4577 4256 huma—

2618 4275 2724 4339 nis
2766 4274 3299 4357 persuasionibus
3353 4277 3599 4358 parari,
3657 4276 3774 4343 sed
3831 4278 4106 4360 spiritus
4161 4277 4373 4342 sancti
4421 4296 4577 4360 pro—

2617 4360 2838 4442 prium
2892 4380 3037 4425 6666
3095 4382 3256 4444 opus
3316 4362 3686 4429 asserimus.
3776 4363 3952 4429 Nam
4014 4369 4244 4447 postea
4307 4363 4379 4427 in
4429 4364 4579 4446 ipso

2620 4445 3082 4527 disputationis
3135 4451 3490 4531 progressu
3533 4448 3777 4513 iterum
3829 4457 4143 4515 recurret.
4232 4446 4371 4514 Sed
4422 4447 4583 4531 quia

2623 4539 2839 4596 tamen
2882 4531 3007 4596 hoc
3048 4531 3197 4597 ideo
3248 4533 3320 4596 in
3374 4534 3587 4616 primo
3623 4534 3851 4598 limine
3893 4536 4184 4618 positum
4226 4540 4329 4600 est
4371 4555 4413 4599 a
4460 4534 4582 4599 Pi-

2619 4616 2807 4700 ghjo,
2850 4625 2928 4681 ut
2952 4618 3213 4700 scriptis
3255 4620 3502 4685 nostris
3537 4621 3717 4686 viam
3739 4619 4209 4702 praecluderet,
4254 4640 4393 4684 11611
4420 4639 4583 4702 pos-

2618 4724 2766 4769 sum
2806 4702 2879 4767 in
2915 4710 3127 4768 totum
3164 4705 3536 4787 praeterire.
3612 4704 3876 4772 Ludere
3918 4727 4040 4772 1166
4082 4726 4349 4790 operam
4394 4703 4581 4784 dicit,

2617 4787 2917 4854 homines
2952 4788 3037 4853 ad
3075 4789 3275 4855 fidem
3308 4790 3642 4857 incitando
3677 4798 3747 4857 et
3780 4791 4208 4871 exhortando,
4247 4789 4584 4874 siquidem

2618 4894 2767 4939 eam
2819 4895 2955 4940 non
3010 4897 3133 4940 sua
3179 4875 3309 4960 ipsi
3372 4877 3684 4943 facultate
3737 4879 4144 4961 concipiunt,
4213 4875 4333 4942 sed
4386 4876 4586 4944 Dens

2758 5164 2818 5229 1)
2857 5164 2985 5219 Sca.
3019 5163 3140 5219 edd.
3178 5167 3568 5249 antiquiorum,
3606 5182 3757 5224 nunc
3793 5166 3918 5223 Lib.
3954 5165 4046 5222 11.
4083 5166 4477 5249 euml—VI.

2756 5232 2816 5298 2)
2857 5232 2986 5289 Sca.
3020 5249 3162 5303 pour
3194 5251 3540 5292 assaisonner
3574 5236 3626 5292 le
3661 5242 3827 5307 resto,
3859 5242 3924 5292 ut
3953 5237 4086 5292 bene
4119 5236 4257 5292 dm
4293 5234 4518 5294 Gallus.
