4967 5992
582 379 707 445 299
787 454 791 458 ,

581 567 802 644 1101118,
861 567 1069 630 fateor
1083 557 1116 642 ,⁹
1157 564 1228 628 in
1283 563 1570 646 speciem
1613 561 1878 628 videtur
1919 581 2308 645 repugnare.
2400 557 2540 624 Sed

581 654 638 720 si
685 651 1131 736 Augustinum
1175 649 1527 731 recipimus
1571 648 1678 712 sui
1717 648 2150 729 interpretem
2165 698 2181 724 ,
2228 653 2367 710 tota
2412 643 2536 708 dif-

578 737 841 804 ficultas
894 736 1022 801 erit
1062 734 1145 798 ad
1190 733 1581 801 solvendum
1628 732 1959 798 facillima.
2018 732 2378 797 Peccatum
2421 752 2539 794 ne-

580 833 697 910 gat
741 823 879 887 fore
922 829 1282 905 peccatum,
1329 820 1490 902 quin
1534 819 1621 883 sit
1654 818 2119 884 voluntarium.
2179 817 2262 881 In
2305 816 2539 881 volun-

577 917 720 975 tate
761 928 959 991 porro
1002 905 1283 971 liberum
1326 926 1468 971 esse
1507 905 1868 970 arbitrium.
1935 904 2132 969 'Pales
2178 903 2354 967 enim
2402 924 2541 967 ser-

579 1016 706 1061 vos
763 993 1066 1058 meliores
1124 1012 1268 1056 esse
1324 990 1641 1055 iudicavit
1693 988 1910 1067 Deus,
1983 989 2040 1054 si
2096 989 2159 1054 ei
2213 988 2544 1053 servirent

580 1080 956 1147 liberaliter.
1048 1075 1243 1157 Quod
1297 1076 1480 1141 nullo
1538 1075 1731 1140 modo
1775 1076 1916 1140 fieri
1958 1081 2210 1159 posset,
2255 1073 2384 1138 nisi
2429 1094 2543 1138 vo·-

581 1166 842 1232 luntate
887 1157 1229 1241 servirent,
1276 1170 1344 1226 et
1398 1183 1532 1227 non
1554 1162 1983 1254 'necessitate
2077 1159 2139 1224 N
2141 1181 2272 1224 unc
2325 1159 2544 1224 1008111

581 1250 1109 1334 interpretationi
1150 1247 1398 1313 demus.
1466 1247 1839 1326 Peccatum,
1885 1246 2117 1327 inquit,
2146 1245 2196 1326 ¹)
2239 1244 2405 1309 illud
2437 1244 2542 1308 in-

581 1337 796 1420 telligi
848 1336 1069 1413 debet,
1124 1334 1296 1416 quod
1348 1332 1802 1397 tantummodo
1839 1338 2181 1413 peccatum
2230 1343 2362 1406 est,
2409 1350 2541 1394 non
2586 1329 2592 1356 ¹

582 1425 784 1489 etiam
826 1441 1040 1504 poena
1078 1423 1345 1502 peccati.
1437 1420 1683 1484 Postea
1725 1416 1883 1482 dum
1926 1417 2214 1499 inquirit,
2261 1414 2543 1498 qualiter

581 1507 961 1574 voluntaria
1005 1507 1140 1570 sint
1184 1527 1262 1569 ea
1303 1525 1577 1587 quoque,
1624 1524 1790 1585 quae
1835 1509 2296 1584 perpetrantur
2338 1522 2378 1565 a
2421 1521 2541 1565 no·-

581 1594 724 1670 bis,
769 1592 919 1657 ideo
964 1592 1058 1655 sic
1102 1590 1326 1656 vocari
1370 1610 1558 1672 posse
1603 1589 1819 1666 docet,
1875 1587 2048 1670 quod
2091 1588 2266 1652 mala
2311 1586 2542 1652 volun-

582 1686 724 1745 tate
768 1680 949 1743 fiant.
1037 1676 1135 1742 Ut
1176 1682 1399 1739 autem
1441 1675 1612 1744 bona
1654 1675 1757 1753 sit,
1805 1695 1846 1738 a
1886 1674 2173 1738 Domino
2213 1673 2432 1738 sanari
2477 1680 2546 1737 et

583 1784 745 1849 prae
792 1762 986 1826 arari.
1043 1762 1366 1826 Possetne
1388 1760 1633 1826 clarius
1669 1759 2086 1843 expostulare
2109 1781 2259 1825 cum
2281 1758 2543 1842 Pighi0,

586 1869 721 1934 quo
812 1866 1090 1931 gravem
1134 1846 1261 1910 sibi
1305 1846 1645 1926 iniuriam,
1694 1847 1937 1928 scripta
1979 1866 2100 1910 sua
2141 1845 2213 1908 in
2255 1845 2545 1909 alienum

588 1954 856 1999 sensum
900 1931 1291 2013 torquend0,
1351 1932 1591 1997 faciat?
1693 1932 1788 1995 At
1830 1931 2137 2012 primum,
2194 1930 2546 1995 ratiocina-

587 2021 838 2085 tionem
887 2015 1149 2082 deducit
1195 2039 1235 2081 a
1267 2017 1641 2082 voluntario
1678 2016 1762 2081 ad
1797 2015 2107 2081 liberum:
2152 2015 2388 2082 deinde
2433 2035 2548 2082 vo-

588 2104 833 2170 luntati
877 2104 1338 2169 necessitatem
1380 2104 1667 2186 opponit.
1755 2101 1989 2185 Neque
2033 2122 2153 2186 ego
2196 2102 2547 2167 ratiocina-

586 2191 838 2255 tionem
879 2187 1054 2253 hanc
1094 2188 1417 2271 improbo,
1465 2188 1522 2255 si
1563 2189 1828 2272 integra
1871 2195 2062 2265 esset,
2112 2209 2188 2254 ac
2232 2189 2338 2253 sui
2381 2187 2549 2252 iuris

588 2276 913 2342 voluntas.
1016 2272 1587 2354 Quemadmodum
1670 2274 1727 2339 si
1786 2273 1935 2355 quis
1992 2273 2260 2338 dixerit:
2327 2273 2549 2337 Homo

591 2370 694 2428 est
738 2358 983 2426 animal
1028 2360 1228 2444 bipes,
1277 2359 1616 2426 ambulare
1649 2359 1857 2443 igitur
1898 2369 1968 2423 et
2008 2358 2266 2442 ingredi
2301 2364 2548 2441 potest:

593 2452 743 2530 [pag.
782 2452 890 2526 93]
937 2447 1065 2510 erit
1110 2446 1378 2528 quidem
1422 2451 1890 2529 argumentum
1947 2465 2080 2507 non
2135 2444 2386 2508 malum
2429 2464 2549 2509 1180

585 2534 906 2615 1881118111.
1009 2531 1265 2596 Verum
1319 2531 1375 2594 si
1440 2532 1584 2613 quis
1651 2530 1735 2595 ad
1798 2529 2237 2612 paralyticum
2285 2529 2551 2594 trahere

589 2619 786 2697 velit,
841 2619 915 2682 in
975 2624 1284 2702 promptu
1339 2628 1441 2679 est
1489 2615 1858 2698 responsio,
1924 2613 2192 2678 aliunde
2250 2636 2392 2680 esse
2450 2614 2550 2679 vi-

548 2704 796 2781 tium,
865 2700 1039 2784 quod
1107 2708 1413 2765 naturam
1484 2699 1819 2783 impediat.
1947 2697 2059 2765 Sic
2137 2701 2403 2764 omnino
2471 2696 2552 2764 de

591 2789 936 2855 voluntate
989 2783 1519 2868 respondendum
1583 2793 1712 2850 est:
1768 2784 2048 2850 liberam
2102 2785 2370 2868 quidem
2409 2806 2553 2850 esse

591 2881 869 2951 natura,
930 2870 1046 2937 sed
1100 2870 1261 2936 vitio
1305 2871 1548 2936 factam
1591 2871 1796 2935 fuisse
1841 2892 2132 2949 servam,
2192 2877 2386 2953 atque
2405 2871 2555 2954 ,1180

597 2959 918 3023 servitute
963 2955 1273 3035 detineri,
1322 2956 1528 3022 donec
1569 2954 1703 3021 Dei
1744 2977 1950 3021 manu
1992 2964 2341 3022 asseratur.
2417 2955 2554 3021 Ve-

594 3063 784 3122 rum,
853 3042 1007 3125 quia
1058 3042 1279 3107 minus
1337 3047 1645 3124 suspecta
1700 3043 1827 3107 erit
1878 3064 1961 3107 ex
2030 3063 2141 3107 ore
2194 3040 2556 3125 Augustini

596 3127 958 3212 responsio,
1005 3147 1160 3192 8818
1202 3127 1581 3210 loquentem
1625 3126 1850 3193 audiat
1889 3127 2200 3212 Pighius:
2247 3125 2322 3192 Si
2365 3125 2556 3194 volu-

594 3235 764 3293 mus,
819 3213 1053 3297 inquit,
1073 3213 1132 3299 ²)
1197 3213 1479 3279 liberum
1548 3212 1899 3279 defendere
1963 3213 2308 3278 arbitrium
2326 3265 2343 3292 ,
2418 3234 2554 3277 non

597 3319 1085 3385 oppugnemus,
1147 3298 1322 3365 unde
1373 3300 1451 3363 fit
1499 3297 1799 3365 liberum.
1888 3299 2063 3365 Nam
2109 3299 2224 3383 qui
2272 3299 2555 3383 gratiam

594 3393 966 3470 oppugnat,
1014 3406 1144 3469 qua
1185 3383 1267 3450 ad
1312 3384 1698 3469 fugiendum
1740 3385 1993 3451 malum
2040 3393 2107 3451 et
2161 3383 2406 3449 bonum
2455 3384 2553 3449 fa-

596 3469 902 3538 ciendum
943 3471 1293 3551 liberatur,
1335 3470 1485 3537 vult
1528 3470 1741 3538 adhuc
1785 3493 1928 3537 esse
1972 3471 2325 3554 captivum.
2417 3469 2557 3535 Aut

598 3559 658 3623 si
713 3557 981 3622 brevius
1033 3557 1250 3621 malit:
1324 3557 1408 3621 In
1473 3558 1599 3623 1180
1665 3558 2050 3639 quaestione
2104 3578 2239 3622 non
2291 3564 2552 3632 natura,

597 3643 714 3708 sed
759 3649 1035 3707 naturae
1087 3642 1417 3725 corruptio
1471 3643 1852 3724 reputanda.
1873 3645 1926 3725 Β)
2014 3641 2165 3707 Illic
2207 3649 2429 3707 autem
2473 3640 2555 3706 de

597 3735 841 3792 natura
888 3747 1260 3792 sermonem
1316 3726 1567 3805 haberi,
1627 3736 1885 3793 certum
1935 3735 2052 3792 881.
2112 3727 2410 3791 'Eadem
2453 3734 2556 3792 est

599 3811 931 3879 secundae
985 3815 1194 3896 partis
1239 3812 1493 3877 solutio,
1582 3814 1717 3878 Per
1766 3812 2019 3879 arbitrii
2064 3813 2241 3877 enim
2284 3812 2554 3879 liberta-

599 3906 741 3963 tem
794 3897 1044 3962 factum
1102 3905 1220 3974 est,
1272 3907 1349 3961 ut
1405 3905 1581 3963 esset
1633 3899 1829 3963 homo
1883 3919 2034 3962 eum
2089 3905 2379 3981 peccato:
2439 3899 2556 3964 sed

599 3985 736 4049 iam
801 3984 1094 4065 poenalis
1186 3984 1506 4048 vitiositas
1578 3984 2010 4066 subsequuta,
2086 4006 2170 4048 ex
2247 3983 2555 4048 libertate

596 4070 756 4134 fecit
811 4068 1288 4134 necessitatem.
1389 4067 1628 4150 Itaque
1682 4090 1885 4151 quum
1937 4069 2379 4152 interrogaret
2425 4071 2554 4135 Pe-

596 4155 847 4242 lagius,
895 4154 1344 4219 voluntatisne
1388 4175 1473 4217 an
1527 4154 1934 4219 necessitatis
1977 4162 2150 4219 esset
2192 4161 2554 4236 peecatum,

596 4240 988 4323 respondet:
1051 4251 1129 4303 ut
1171 4259 1514 4316 sanemur,
1561 4260 1682 4304 nos
1728 4261 1879 4303 811111
1923 4239 2264 4318 18νο8818,
2308 4242 2413 4306 081
2459 4240 2556 4305 di·-

599 4327 772 4391 citur
835 4327 905 4390 in
961 4325 1230 4390 Psalmo
1286 4324 1420 4408 (25,
1477 4327 1613 4405 17),
1681 4324 1762 4388 de
1826 4325 2329 4391 necessitatibus
2395 4327 2559 4391 meis

599 4432 758 4475 erue
802 4432 928 4475 me.
955 4412 1015 4493 ⁴)
1103 4411 1309 4488 Haec,
1347 4410 1600 4494 opinor,
1647 4411 1945 4476 sufficere
1980 4419 2243 4492 queant,
2289 4412 2346 4477 si
2381 4410 2561 4476 aliud

600 4516 738 4559 non
783 4496 1167 4560 adiicerem:
1226 4495 1488 4580 plenius
1531 4505 1755 4561 tamen
1800 4496 2016 4560 adhuc
2073 4505 2201 4572 est,
2259 4497 2432 4579 quod
2485 4497 2559 4561 in

601 4577 823 4643 libello
867 4580 949 4644 de
976 4581 1233 4647 Natura
1276 4589 1344 4646 et
1386 4583 1602 4666 gratia
1646 4582 1946 4647 habetur.
2018 4578 2437 4648 Obiiciebant
2476 4583 2558 4647 il-

602 4664 739 4728 lam
795 4665 1193 4748 Hieronymi
1248 4669 1652 4733 sententiam
1687 4667 2064 4751 'Pelagiani‚·
2107 4689 2304 4751 quam
2350 4689 2564 4751 neque

599 4748 885 4833 Pighius
930 4751 1000 4813 in
1037 4772 1155 4815 nos
1189 4755 1658 4834 praetermisit:
1698 4754 1926 4818 Liberi
1963 4774 2083 4819 nos
2119 4753 2375 4819 arbitrii
2411 4776 2564 4820 con-

603 4835 777 4900 ditos
823 4855 985 4910 esse,
1031 4856 1152 4900 nec
1195 4838 1278 4902 ad
1323 4839 1655 4917 virtutem,
1701 4859 1823 4904 nec
1858 4837 1941 4903 ad
1980 4841 2142 4905 vitia
2177 4841 2565 4906 necessitate

603 4920 800 4985 trahi.
906 4918 1074 4999 9818
1130 4921 1351 5001 811181,
1406 4924 1640 5006 inquit,
1660 4926 1715 5005 ⁵)
1786 4924 2117 4991 conditam
2167 4935 2366 5011 neget
2421 4948 2566 4992 esse

745 5139 803 5204 1)
849 5140 966 5196 Lib.
1006 5140 1052 5193 1.
1090 5141 1328 5196 Retract.
1367 5161 1413 5198 0.
1450 5142 1530 5196 14.
1748 5144 1808 5208 2)
1847 5147 1894 5199 E
1937 5149 2018 5201 ist.
2059 5147 2174 5201 107.
2208 5148 2278 5200 ad
2314 5148 2563 5203 Vitalem.

741 5210 802 5272 3)
847 5208 969 5264 Lib.
1009 5208 1060 5263 2.
1097 5210 1164 5265 de
1200 5211 1384 5266 Gratia
1419 5212 1519 5266 Dei
1556 5217 1744 5267 eontra
1783 5217 1893 5269 Coe
1919 5224 2017 5270 est.
2052 5234 2171 5284 cap.
2204 5214 2288 5270 33.

737 5280 799 5342 4)
839 5278 925 5333 De
965 5279 1202 5334 Perfect.
1240 5280 1361 5336 iust.
1568 5281 1628 5348 5)
1667 5283 1796 5351 Cap.
1832 5281 1916 5335 65.
1955 5292 2010 5338 et
2047 5302 2157 5352 seq.

1885 369 2415 440 ΒΕ8ΡοΝ810
2462 368 2842 436 ooN'rRA
2884 337 3313 437 11011188

2614 5153 2619 5244 !

2614 5261 2619 5324 ι

4479 376 4604 440 300

2644 557 2998 636 naturam?
3056 558 3173 623 sed
3230 558 3302 622 in
3360 565 3540 624 recte
3582 558 3879 624 faciendo
3923 559 4185 624 nullum
4227 567 4334 625 est
4374 560 4608 627 vincu-

2643 644 2784 708 lum
2827 644 3269 709 necessitatis:
3329 644 3482 727 quia
3539 643 3810 710 libertas
3868 651 3970 710 est
4011 645 4322 712 caritatis.
4413 646 4608 714 Nunc

2646 729 2729 793 ad
2775 730 3170 794 sententiam
3211 729 3633 814 apostolicam
3678 730 3853 796 redi:
3911 732 4151 797 caritas
4192 731 4323 796 Dei
4367 729 4608 798 diffusa

2647 825 2750 879 est
2802 816 2874 879 in
2933 814 3233 881 cordibus
3289 815 3563 894 nostris,
3609 836 3727 898 per
3771 817 4076 898 spiritum
4118 825 4447 896 sanctum,
4496 820 4608 901 qui

2648 900 2841 966 datus
2894 909 2998 966 est
3049 899 3239 966 nobis
3297 901 3520 983 (Rom.
3564 905 3621 979 5,
3663 901 3752 985 5).
3842 902 3906 967 A
3966 922 4097 990 quo
4148 902 4416 967 autem?
4476 905 4608 970 nisi

2648 987 2729 1051 ab
2775 986 2890 1050 illo
2928 988 3041 1070 qui
3085 985 3380 1052 ascendit
3438 989 3513 1050 in
3557 986 3799 1065 altum,
3845 992 4172 1070 captivam
4217 989 4410 1053 duxit
4455 1011 4607 1074 cap-

2647 1072 3019 1137 tivitatem?
3110 1071 3304 1153 Quod
3348 1081 3571 1137 autem
3616 1094 3699 1137 ex
3740 1072 3919 1138 vitiis
3963 1081 4259 1154 naturae,
4308 1095 4442 1139 non
4490 1095 4606 1140 au·
4722 1119 4737 1128 -

2647 1163 2783 1221 18111
2839 1179 2921 1222 ex
2980 1157 3383 1238 conditione,
3442 1158 3531 1222 sit
3581 1158 3892 1239 peccandi
3936 1161 4323 1238 necessitas,
4384 1160 4605 1226 audiat

2648 1243 2842 1308 110810
2854 1267 2871 1322 ;
2931 1251 3125 1325 atque
3179 1251 3255 1307 ut
3299 1245 3372 1307 in
3427 1243 3654 1308 eadem
3711 1264 3844 1309 non
3887 1245 4000 1321 sit,
4060 1244 4271 1311 discat
4316 1244 4464 1311 Deo
4507 1245 4605 1312 di-

2647 1349 2823 1395 cere:
2870 1330 2974 1393 De
3018 1329 3517 1394 necessitatibus
3560 1329 3725 1394 meis
3772 1349 3928 1395 erue
3969 1351 4095 1396 1118.

2823 1419 2971 1493 [pag.
3011 1420 3116 1494 94]
3136 1449 3147 1458 -
3167 1414 3307 1481 Nec
3361 1414 3561 1479 aliam
3618 1416 4111 1497 responsionem
4167 1416 4458 1499 postulat
4509 1417 4606 1483 lo-

2648 1521 2762 1565 cus
2805 1500 2885 1564 de
2930 1499 3318 1580 9888111818
3367 1500 3643 1564 animae.
3732 1500 3905 1565 Nam
3951 1502 4008 1567 si
4053 1502 4433 1586 Augustino
4470 1524 4607 1569 cre-

2649 1584 2856 1664 ditur,
2902 1587 3277 1667 ubicunque
3331 1586 3521 1651 liberi
3567 1586 3824 1651 arbitrii
3873 1586 4289 1655 commendat
4330 1587 4607 1655 faculta-

2649 1677 2803 1750 tem,
2849 1670 2930 1735 ad
2975 1672 3256 1752 primam
3302 1680 3575 1736 naturae
3610 1669 4071 1750 conditionem,
4117 1693 4255 1737 non
4298 1694 4609 1757 praesen-

2652 1763 2788 1820 tem
2843 1757 3176 1821 miseriam
3192 1809 3206 1834 ,
3265 1757 3337 1820 in
3394 1777 3593 1839 quam
3650 1757 3905 1823 arbitrii
3958 1759 4120 1823 vitio
4174 1760 4610 1843 praecipitata

2652 1849 2768 1920 est,
2811 1842 3095 1925 respicit.
3165 1843 3242 1908 Si
3286 1863 3420 1906 non
3467 1842 3770 1921 creditur,
3810 1843 4045 1908 saltem
4082 1852 4400 1909 retractat
4437 1846 4609 1929 quod

2653 1927 2927 1993 dixerat.
3017 1926 3241 2008 Quum
3290 1935 3427 1993 tam
3483 1928 3723 1993 validis
3778 1929 4099 1994 machinis
4155 1931 4227 1994 in
4281 1950 4406 1997 nos
4459 1953 4609 2016 pro-

2652 2021 2836 2093 ruat,
2903 2014 3167 2078 miraris
3216 2014 3454 2092 lector,
3508 2014 3565 2079 si
3618 2021 3884 2097 stupore
3940 2015 4389 2095 exanimetur,
4455 2018 4608 2082 dum

2652 2099 2837 2164 videt
2877 2119 2997 2163 nos
3039 2098 3210 2163 nihil
3253 2099 3691 2163 commoveri?
3780 2100 3928 2183 Ego
3971 2121 4130 2166 vero
4174 2103 4415 2182 miror,
4472 2111 4607 2168 tam

2654 2185 3003 2248 flatuosum
3055 2185 3389 2249 hominem
3445 2205 3578 2249 non
3631 2187 3930 2267 protinus
3983 2185 4275 2252 medium
4322 2209 4606 2271 crepare.

2654 2271 2908 2335 Verum
2954 2270 3259 2354 progredi
3318 2291 3440 2336 nos
3498 2277 3767 2353 oportet.
3867 2272 4075 2337 Libro
4129 2274 4449 2339 vicesimo
4509 2295 4607 2340 se-

2655 2355 2868 2422 cundo
2915 2355 3232 2421 adversus
3275 2357 3600 2422 Faustum
3630 2356 4117 2438 Manichaeum‚
4166 2360 4261 2425 sic
4310 2369 4603 2425 creatum

2655 2462 2797 2508 esse
2841 2442 3177 2505 hominem
3233 2440 3421 2520 dicit,
3479 2451 3555 2505 ut
3612 2443 3671 2505 ei
3722 2442 3969 2507 inesset
4020 2444 4370 2509 fraenandi
4426 2446 4603 2528 cupi-

2656 2527 2896 2592 ditates
2953 2527 3349 2609 possibilitas
3403 2538 3519 2591 aut
3584 2528 3875 2593 facultas.
3984 2528 4131 2595 Hoc
4196 2530 4370 2595 nihil
4435 2532 4606 2596 inter

2654 2633 2775 2677 nos
2819 2621 2997 2678 00811
3009 2613 3301 2678 oversiae
3341 2613 3557 2678 habet.
3647 2611 3753 2677 De
3796 2614 4011 2695 prima
4055 2616 4233 2679 enim
4279 2617 4604 2682 creatione

2657 2699 2892 2782 agitur.
2998 2700 3093 2763 At
3155 2707 3381 2781 postea
3445 2699 3816 2781 subiungit,
3893 2699 4064 2781 quod
4130 2722 4267 2765 non
4331 2702 4463 2767 nisi
4529 2702 4604 2768 de

2657 2784 2991 2867 praesenti
3035 2790 3213 2848 statu
3267 2785 3479 2866 possit
3519 2783 3836 2868 intelligi:
3904 2785 4038 2850 Per
4081 2807 4225 2851 eam
4285 2787 4605 2869 possibili-

2657 2877 2866 2934 tatem
2921 2870 3275 2935 instaurari
3330 2870 3689 2949 hominem,
3736 2890 3856 2952 per
3898 2891 4127 2954 quam,
4173 2874 4229 2937 si
4275 2872 4605 2953 voluisset,

2658 2977 2793 3020 non
2849 2955 3204 3020 cecidisset.
3300 2955 3744 3038 Possibilitas,
3786 2956 4005 3039 inquit
4044 2957 4361 3041 Pighius,
4420 2959 4608 3025 liberi

2660 3040 2918 3106 arbitrii
2972 3040 3251 3106 facultas
3303 3048 3421 3106 est.
3510 3042 3646 3107 Per
3688 3061 3833 3106 eam
3887 3041 4232 3128 resurgere
4275 3044 4605 3110 hominem

2659 3132 2942 3192 testatur
2984 3127 3421 3210 Augustinus.
3504 3126 3700 3193 Absit
3741 3147 3899 3194 vero
3944 3149 3985 3192 a
4027 3136 4254 3195 sancto
4296 3129 4446 3196 viro
4488 3131 4606 3195 im-

2659 3214 2844 3295 pium
2885 3211 3010 3278 hoc
3057 3211 3580 3290 deliramentum,
3624 3213 3798 3295 quod
3834 3214 4030 3281 toties
4064 3213 4502 3295 abominatur,
4545 3225 4607 3282 et

2662 3295 2838 3381 quod
2893 3317 3122 3364 omnes
3178 3298 3452 3364 africani
3510 3298 3825 3383 episcopi,
3881 3319 3958 3365 eo
4017 3307 4276 3380 autore,
4335 3300 4605 3387 dignum

2662 3383 3083 3449 anathemate
3117 3390 3534 3449 censuerunt.
3605 3381 3782 3465 Quid
3823 3385 4032 3470 igitur
4071 3386 4177 3452 his
4220 3387 4444 3453 verbis
4480 3389 4605 3471 sig-

2660 3469 2928 3536 nificat?
3018 3469 3205 3534 Nihil
3250 3491 3411 3534 sane
3456 3468 3670 3550 aliud,
3713 3471 3842 3535 nisi
3883 3492 4004 3537 nos
4049 3491 4134 3536 ex
4175 3474 4434 3556 peccati
4478 3495 4603 3540 ser·

2659 3556 2875 3620 vitute
2939 3556 3010 3620 in
3075 3575 3220 3620 eam
3287 3555 3661 3621 libertatem
3710 3556 4003 3636 restitui,
4082 3558 4213 3623 Dei
4275 3557 4603 3636 benefici0,

2659 3662 2787 3724 qua
2837 3640 3156 3705 mundum
3218 3647 3286 3705 et
3336 3661 3603 3707 carnem
3653 3661 4009 3725 omnesque
4057 3646 4605 3727 concupiscentias

2657 3728 3015 3792 vincamus.
3104 3727 3292 3792 Haec
3334 3728 3510 3791 enim
3555 3734 3782 3792 nostra
3814 3737 3917 3793 est
3958 3727 4371 3811 possibilitas,
4414 3750 4604 3813 quam

2658 3811 2902 3895 ubique
2946 3812 3374 3890 commendat,
3420 3819 3497 3876 ut
3537 3813 3809 3877 Domini
3856 3814 4101 3878 virtute
4143 3814 4345 3880 fortes
4389 3818 4602 3882 simus.

2659 3900 2752 3963 At
2796 3915 2913 3963 cur
2965 3897 3031 3961 id
3089 3898 3482 3962 nominatim
3526 3918 3602 3962 eo
3644 3897 3785 3963 1000
3840 3921 3974 3964 non
4019 3900 4390 3984 expressit?
4478 3902 4603 3966 Re-

2660 3983 2945 4065 spondet
2983 3983 3149 4066 ipse:
3188 3982 3239 4066 ¹)
3281 3984 3607 4049 Naturam
3651 3993 3880 4050 contra
3921 3985 4355 4051 Manichaeos
4396 3988 4605 4070 potius

2660 4090 2857 4152 quam
2922 4070 3205 4154 gratiam
3257 4070 3556 4147 nominc,
3623 4071 3778 4152 quia
3842 4070 3923 4135 de
3976 4079 4221 4136 natura
4275 4091 4427 4136 cum
4480 4071 4605 4137 illis

2661 4155 2954 4237 quaestio
2997 4165 3166 4219 erat:
3241 4165 3307 4220 ct
3360 4156 3587 4238 utique
3639 4154 3710 4220 id
3762 4156 3901 4239 agit
3951 4157 4195 4240 gratia,
4253 4164 4332 4222 ut
4387 4164 4608 4222 sanata

2663 4249 2902 4305 natura
2944 4241 3181 4323 possit,
3237 4240 3413 4323 quod
3450 4241 3683 4307 vitiata
3724 4263 3855 4306 non
3898 4249 4136 4325 potest.
4226 4243 4507 4307 Fatetur
4541 4262 4606 4308 se

2664 4333 2944 4391 naturae
2998 4327 3318 4406 tribuere,
3379 4324 3552 4407 quod
3608 4347 3742 4390 non
3800 4327 3928 4391 nisi
3983 4328 4235 4411 gratiae
4280 4337 4409 4395 est:
4466 4329 4611 4412 quia

2666 4412 2916 4478 scilicet
2957 4433 3089 4476 non
3125 4412 3292 4478 alius
3336 4412 3424 4476 sit
3467 4413 3719 4495 gratiae
3762 4414 3932 4492 finis,
3979 4415 4109 4476 nisi
4146 4420 4222 4478 ut
4264 4414 4613 4499 collapsam

2667 4506 2734 4562 et
2787 4518 3085 4563 eversam
3143 4508 3445 4563 naturam
3508 4499 3814 4564 restituat
3865 4506 3934 4563 et
3986 4499 4215 4583 erigat.
4308 4500 4494 4581 Quae
4535 4520 4613 4563 ex

2668 4583 2954 4649 secundo
2999 4590 3226 4648 contra
3256 4583 3548 4649 Felicem
3581 4583 3748 4648 libro
3793 4582 4027 4649 deinde
4052 4585 4287 4650 recitat
4323 4583 4612 4670 Pighius,

2668 4668 2869 4753 longe
2923 4669 3147 4734 minus
3190 4670 3437 4734 habent
3491 4669 3741 4734 coloris.
3829 4670 4017 4734 Nihil
4066 4671 4247 4735 enim
4300 4692 4493 4755 quam
4538 4669 4616 4734 de

2671 4765 2949 4819 naturae
3004 4756 3382 4840 integritate
3416 4754 3550 4820 illic
3597 4760 3745 4834 [pag.
3794 4758 3903 4835 95]
3950 4762 4296 4821 tractatur.
4389 4758 4480 4821 Et
4520 4763 4616 4821 ta-

2669 4862 2826 4905 men
2873 4839 3047 4924 011οᾶ
3103 4841 3275 4905 811111
3319 4841 3399 4906 (18
3454 4842 3749 4924 captivae
3806 4849 4084 4907 naturae
4126 4839 4514 4907 liberatione
4554 4853 4619 4905 et

2670 4926 2966 5008 perditae
3026 4927 3441 5009 reparatione
3481 4924 3621 4992 illic
3672 4926 3944 5004 dixerit,
3997 4929 4069 4990 in
4114 4927 4620 4993 Retractationi-

2671 5012 2797 5076 bus
2849 5019 3121 5077 excusat
3163 5012 3578 5097 Augustinus
3629 5013 3798 5096 ipse:
3854 5013 4008 5102 quia
4058 5013 4182 5079 hoc
4238 5035 4440 5080 causa
4490 5033 4623 5078 non

2806 5283 2863 5350 1)
2901 5283 3142 5339 Retract.
3173 5284 3265 5339 lib.
3304 5284 3350 5338 1.
3386 5300 3504 5354 cap.
3543 5282 3628 5340 16.
