4967 5992
598 354 723 416 291

602 559 730 621 que
798 536 960 602 duos
1025 556 1111 599 ex
1175 533 1446 598 testium
1526 552 1793 598 suorum
1859 530 2154 618 catalogo
2189 607 2194 612 ,
2232 539 2572 615 expungat

602 621 883 706 Pighius
937 625 1214 704 oportet.
1307 616 1446 683 Sex
1472 617 1521 700 ¹)
1577 616 1795 683 adhuc
1847 624 2129 683 restant:
2190 639 2276 684 ex
2330 617 2570 700 quibus

604 707 755 784 duo,
802 705 1195 771 Ambrosius
1238 711 1302 769 et
1347 702 1656 782 Basilius,
1700 703 2070 783 minimum,
2124 704 2258 769 imo
2298 723 2571 787 prorsus

603 791 771 857 nihil
815 792 959 857 eius
1004 811 1269 857 causam
1324 788 1658 854 adiuvant.
1747 789 1876 854 Illa
1933 789 2141 868 enim,
2199 810 2400 873 quam

520 959 524 964 ,
602 883 798 956 nunt,
850 884 1129 942 naturae
1171 875 1498 940 humanae
1542 873 1924 957 descriptio,
1986 875 2147 958 quid
2161 875 2220 960 ²)
2265 875 2350 940 ad
2395 875 2571 940 hanc

607 963 910 1030 vitiatam
954 971 1021 1027 et
1079 960 1472 1044 degenerem
1515 968 1826 1025 naturam
1840 1012 1856 1040 ,
1922 982 2106 1043 quae,
2164 968 2242 1026 ut
2298 960 2572 1043 reliquis

607 1050 737 1115 Dei
790 1048 978 1112 donis
1031 1048 1126 1111 ita
1177 1045 1483 1111 libertate
1526 1046 1730 1110 etiam
1795 1046 2090 1129 spoliata,
2150 1052 2572 1129 praesentem

607 1157 739 1218 qua
781 1135 1108 1215 premitur
1151 1132 1440 1213 inopiam
1494 1151 1684 1196 suam
1724 1131 2065 1214 deplorare
2108 1133 2328 1217 potius
2373 1153 2571 1214 quam

606 1219 933 1303 perditam
999 1219 1316 1284 virtutem
1383 1217 1630 1282 iactare
1697 1216 1908 1283 debet.
2019 1217 2328 1283 Libertas
2393 1217 2571 1281 enim

605 1303 970 1371 voluntatis
1016 1304 1267 1369 sanitas
1307 1310 1426 1368 est.
1517 1302 1715 1368 Nunc
1757 1324 1914 1386 ergo
1958 1303 2073 1385 qui
2115 1302 2390 1369 liberam
2425 1303 2574 1368 vult

607 1391 819 1456 faeere
863 1388 1307 1464 voluntatem,
1366 1389 1717 1452 sanitatem
1770 1387 1868 1452 illi
1912 1388 2165 1454 reddat.
2256 1387 2572 1471 Sequitur

607 1476 962 1560 Origenes,
1024 1475 1211 1539 cuius
1267 1473 1583 1556 suffragio
1639 1480 1961 1556 quantum
2014 1475 2104 1540 sit
2145 1475 2218 1539 in
2261 1474 2571 1541 ecclesiae

607 1560 1026 1646 dogmatibus
1069 1557 1513 1637 tribuendum,
1558 1578 1765 1642 penes
1807 1559 2297 1646 Hieronymum
2342 1561 2428 1625 sit
2468 1561 2571 1624 iu-

606 1644 868 1713 dicium.
959 1646 1056 1711 At
1097 1665 1232 1709 non
1276 1651 1380 1708 est
1423 1643 1759 1722 credibile,
1806 1642 1887 1711 de
1929 1667 2001 1710 re
2044 1656 2183 1711 tam
2229 1645 2572 1710 familiari-

606 1739 711 1797 ter
755 1753 876 1797 suo
920 1729 1179 1796 saeculo
1225 1735 1410 1808 nota,
1458 1729 1583 1795 hoc
1627 1737 1760 1808 est,
1805 1730 1886 1797 de
1929 1731 2176 1832 insigni
2220 1731 2376 1796 fidei
2417 1753 2572 1796 nos-

606 1824 751 1882 trae
814 1817 1171 1894 axiomate,
1237 1815 1527 1896 potuisse
1578 1816 1866 1880 mentiri.
1957 1814 2176 1898 Quid?
2264 1818 2377 1881 An
2433 1836 2571 1881 non

609 1901 775 1967 haec
809 1907 968 1966 sunt
1001 1920 1085 1965 ex
1120 1899 1489 1983 praecipuis
1521 1900 1678 1966 fidei
1717 1909 1984 1968 nostrae
2020 1900 2386 1986 capitibus?
2455 1902 2571 1966 Fi-

606 1985 776 2051 lium
822 2008 863 2051 a
905 1992 1091 2069 patre
1134 1987 1435 2070 genitum
1484 2008 1654 2065 esse,
1715 1987 1913 2052 unius
1956 2009 2106 2054 cum
2150 1995 2336 2070 patre
2379 1997 2573 2051 natu-

607 2091 742 2151 rae,
789 2071 1096 2154 spiritum
1142 2080 1445 2138 sanctum
1489 2072 1685 2138 unius
1728 2093 1874 2138 esse
1916 2095 2072 2139 cum
2113 2082 2300 2155 patre
2335 2079 2404 2138 et
2436 2073 2574 2138 filio

608 2156 1003 2236 divinitatis,
1061 2157 1234 2222 hanc
1285 2158 1500 2239 ipsam
1551 2178 1814 2224 carnem
1873 2180 2075 2241 quam
2130 2178 2309 2224 61166
2352 2165 2573 2243 gesta-

605 2263 756 2309 mus
796 2249 1337 2322 resurrecturam,
1384 2254 1453 2308 et
1494 2244 1753 2309 similia.
1819 2246 1917 2310 At
1952 2243 2281 2329 Origenes
2323 2246 2572 2310 factum

607 2349 746 2393 non
788 2330 1088 2413 genitum
1142 2328 1354 2394 filium
1413 2328 1634 2408 docet3
1690 2330 1941 2396 bonum
1984 2351 2127 2396 esse
2170 2337 2413 2396 natura
2455 2351 2572 2394 ne-

608 2421 742 2499 gat,
788 2423 858 2480 et
900 2434 985 2480 ex
1027 2436 1098 2481 se
1142 2414 1314 2496 ipso;
1359 2411 1440 2478 de
1485 2414 1725 2497 spiritu
1760 2421 1987 2481 sancto
2022 2437 2159 2481 non
2194 2415 2388 2481 aliter
2420 2436 2572 2481 666-

606 2501 692 2564 tit
734 2521 931 2583 quam
976 2499 1058 2564 de
1101 2499 1479 2583 operatione
1522 2498 1706 2565 nuda
1715 2523 1732 2579 ;
1788 2521 2054 2566 carnem
2106 2507 2297 2584 putat
2346 2502 2417 2565 in
2467 2500 2572 2565 ni-

607 2585 819 2650 hilum
865 2584 1323 2669 redigendam,
1381 2586 1496 2651 ubi
1539 2584 1847 2652 Christus
1892 2587 2288 2669 apparuerit.
2376 2586 2573 2652 Nunc

605 2692 802 2737 suum
855 2670 1033 2736 istud
1091 2689 1395 2735 acroama
1450 2671 1506 2735 si
1565 2673 1820 2737 occinat
1872 2671 2186 2755 Pighius:
2257 2691 2392 2737 non
2451 2692 2571 2755 po·

607 2758 813 2822 tuisse
858 2756 940 2822 de
980 2755 1178 2821 rebus
1213 2755 1375 2821 adeo
1409 2756 1584 2822 notis
1618 2757 1889 2822 mentiri
1924 2755 2304 2842 origenem,
2343 2777 2570 2822 nonne

606 2840 847 2927 dignus
891 2843 1036 2920 erit,
1081 2847 1230 2921 [pag.
1268 2845 1377 2919 82]
1422 2842 1610 2908 cuius
1654 2842 1728 2907 in
1769 2863 1842 2909 os
1886 2863 2116 2909 omnes
2161 2843 2567 2926 conspuant?

605 2926 832 2992 Habet
873 2933 1095 2992 tamen
1140 2926 1355 2992 adhuc
1390 2927 1744 3006 Hilarium,
1792 2928 1907 2993 sed
1945 2929 2137 2993 cuius
2171 2929 2568 2995 sententiam

607 3013 689 3079 ab
735 3011 1100 3077 orthodoxo
1149 3012 1423 3078 concilio
1467 3012 1845 3078 damnatam
1898 3014 2104 3081 fuisse
2161 3014 2569 3080 demonstra-

606 3098 843 3165 vimus.
909 3097 1134 3163 Habet
1177 3098 1682 3182 Hieronymum,
1735 3100 1848 3183 qui
1891 3101 2014 3166 sub
2056 3106 2424 3166 extremam
2466 3120 2569 3166 se-

605 3191 941 3249 nectutem
996 3205 1036 3248 a
1085 3183 1359 3268 Pelagio
1427 3186 1925 3269 expergefactus
1998 3186 2336 3269 aliquanto
2420 3192 2568 3250 tan-

604 3268 757 3336 dem
801 3267 1199 3334 moderatius
1233 3268 1409 3352 loqui
1443 3270 1674 3353 eoepit.
1740 3270 1966 3338 Habet
2000 3271 2566 3357 Ohrysostomum,

649 3377 800 3422 uem
845 3375 1105 3439 semper
1147 3357 1483 3421 confessus
1538 3377 1687 3423 sum
1740 3356 1812 3421 in
1865 3357 2240 3424 extollenda
2280 3357 2569 3423 hominis

709 3442 915 3507 ultate
968 3441 1171 3507 fuisse
1223 3441 1665 3508 immodicum.
1756 3442 1894 3509 Nec
1948 3465 2104 3510 vero
2145 3442 2569 3510 Bernardum

604 3528 900 3611 proferre
956 3527 1115 3592 alibi
1168 3526 1452 3593 dubitat:
1514 3528 1697 3593 cuius
1753 3527 2025 3594 arbitrio
2083 3531 2140 3595 si
2195 3527 2570 3595 definienda

517 3645 528 3662 τ
605 3623 781 3678 66661
822 3612 1291 3688 controversia,
1337 3614 1392 3677 si
1437 3635 1572 3678 non
1616 3634 1887 3697 prorsus
1930 3621 2148 3679 totum
2181 3614 2567 3693 obtinerem,

604 3698 803 3782 longo
846 3709 1070 3762 tamen
1113 3698 1467 3765 intervallo
1510 3719 1723 3765 essem
1766 3701 2079 3783 superior.
2146 3700 2280 3766 Ubi
2324 3708 2424 3766 est
2454 3700 2569 3764 ille

607 3783 770 3849 adeo
813 3793 1218 3850 contestatus
1263 3791 1633 3866 temporum
1673 3788 1967 3851 omnium
2014 3806 2399 3864 cousensus,
2458 3786 2570 3868 qui

605 3891 726 3952 pro
770 3878 950 3936 certa
975 3877 1042 3934 et
1078 3869 1351 3935 indubia
1372 3871 1682 3937 ecclesiae
1706 3871 2060 3936 traditione
2082 3870 2328 3950 haberi,
2375 3870 2567 3936 adco-

608 3977 735 4038 que
792 3955 920 4020 Dei
972 3954 1174 4019 verbo
1230 3957 1550 4037 praeferri
1616 3958 1697 4021 ob
1768 3957 2232 4022 certitudinem
2287 3956 2567 4023 debeat?

607 4041 741 4108 Ubi
785 4039 1202 4106 mendacium
1246 4041 1409 4105 illud
1464 4050 1603 4105 tam
1659 4042 1967 4124 capitale,
2025 4044 2214 4109 cuius
2267 4065 2374 4108 me
2429 4041 2568 4108 evi-

609 4127 843 4191 denter
883 4125 1256 4191 convictum
1302 4133 1642 4209 tantopere
1696 4128 2057 4208 gloriatur?
2149 4129 2337 4206 Dixi,
2386 4137 2568 4194 vete-

609 4233 718 4277 res
761 4212 914 4294 plus
953 4213 1125 4276 iusto
1169 4211 1447 4276 liberum
1492 4212 1836 4276 arbitrium
1879 4213 2222 4293 extollere,
2276 4214 2569 4294 Graecos

607 4299 1023 4380 praesertim,
1070 4304 1263 4379 atque
1307 4298 1378 4360 in
1423 4297 1527 4360 his
1566 4296 1953 4362 nominatim
1997 4299 2568 4384 Chrysostomum.

611 4381 858 4447 Addidi
899 4389 1140 4458 tamen,
1186 4383 1279 4446 sic
1322 4382 1667 4464 perplexe,
1714 4391 1830 4448 aut
1871 4383 2172 4463 obscure,
2229 4396 2345 4449 aut
2386 4385 2572 4450 varie

609 4467 788 4549 ipsos
831 4467 1028 4548 loqui,
1070 4477 1145 4530 ut
1186 4468 1348 4532 certi
1392 4466 1635 4549 aliquid
1679 4469 1922 4535 referre
1965 4492 2048 4534 ex
2093 4490 2321 4534 eorum
2366 4469 2572 4552 scrip-

612 4553 701 4616 tis
747 4572 878 4615 non
923 4552 1111 4616 facile
1153 4552 1258 4615 sit.
1346 4552 1551 4618 Varie
1596 4553 1770 4636 loqui
1813 4555 1884 4619 in
1933 4554 2109 4621 hunc
2152 4575 2422 4621 sensum
2463 4577 2572 4621 ac-

613 4635 787 4718 cepi:
833 4637 1003 4717 quod
1048 4637 1155 4702 hic
1201 4636 1376 4719 plus,
1435 4638 1549 4703 ille
1601 4642 1821 4705 minus
1874 4641 2083 4706 libero
2138 4641 2407 4707 arbitrio
2450 4642 2572 4707 tri-

615 4720 799 4800 buat;
848 4722 954 4786 hic
997 4721 1367 4787 libertatem
1411 4726 1767 4791 constituat
1810 4747 1944 4789 una
1987 4727 2058 4790 in
2098 4735 2302 4809 parte,
2348 4726 2460 4792 ille
2500 4728 2574 4791 in

612 4807 854 4872 altera:
911 4807 1006 4872 sic
1050 4817 1125 4872 ut
1168 4807 1475 4875 collectae
1517 4811 1692 4875 inter
1733 4831 1807 4877 se
1850 4813 2145 4877 omnium
2188 4813 2573 4892 sententiae,

613 4893 782 4958 nihil
827 4911 1025 4975 quam
1067 4914 1458 4977 suspensum
1503 4905 1726 4962 tenere
1768 4896 2105 4963 hominem
2140 4907 2399 4981 queant.
2466 4899 2576 4964 Ita

754 5181 812 5248 1)
852 5182 1125 5252 Princeps
1160 5183 1413 5237 ”undose
1449 5185 1665 5238 ccv-ubit.-
1704 5184 1817 5239 sed.

749 5249 812 5317 2)
853 5248 947 5306 Sic
990 5252 1122 5307 bene
1157 5267 1368 5321 omnes,
1408 5258 1707 5322 praeeunte
1748 5251 2013 5307 Gauasio.
2069 5254 2364 5323 Princeps.-
2408 5256 2573 5325 quod.

1910 287 2442 411 RESPOUSIO
2489 341 2868 410 CONTRA
2906 341 3324 410 PIGHIUM

4503 341 4625 403 292

2671 529 2956 614 Pighius
2996 531 3501 614 interpretatur,
3561 529 3751 613 quasi
3795 529 4076 596 dixerim
4117 548 4348 593 eorum
4388 546 4631 591 unum-

2672 637 2997 699 quemque
3040 637 3265 683 secum
3308 616 3643 682 dissidere.
3732 612 3873 682 Sed
3913 614 4060 697 quis
4103 611 4409 698 putidum
4454 612 4634 679 hunc

2672 701 3214 768 calumniatorem
3257 701 3467 768 ferat?
3536 698 3832 769 Obscure
3867 722 4028 767 vero
4071 709 4138 766 et
4179 698 4498 783 perplexe
4536 697 4633 762 lo-

2672 786 2787 870 qui
2829 809 2947 853 cur
2986 809 3119 854 non
3163 788 3420 868 dixero,
3477 788 3591 871 qui
3650 787 3730 854 de
3784 786 4054 852 homine
4105 787 4199 851 sic
4253 784 4633 870 loquuntur,

2673 874 2860 955 quasi
2900 873 2975 938 in
3020 894 3140 939 sua
3178 874 3319 939 inte
3405 875 3560 939 'tate
3602 873 3820 939 adhuc
3864 879 4090 952 staret,
4134 892 4343 955 quum
4374 870 4448 934 in
4483 889 4634 954 gra-

2675 980 2826 1025 vem
2869 959 3131 1025 ruinam
3166 961 3300 1026 ceci
3347 960 3489 1038 erit,
3536 959 3712 1025 unde
3748 979 4020 1043 surgere
4054 977 4179 1024 sua
4211 957 4462 1023 virtute
4499 974 4637 1020 non

2674 1044 2936 1127 potest?
2994 1046 3107 1128 qui
3159 1044 3352 1112 liberi
3406 1043 3661 1110 arbitrii
3703 1044 4067 1128 potentiam
4110 1044 4205 1108 sic
4248 1043 4320 1106 in
4363 1040 4636 1106 homine

2674 1131 3106 1208 constituant,
3174 1132 3361 1215 quasi
3421 1152 3541 1214 per
3592 1130 3855 1213 lapsum
3917 1150 4058 1194 non
4110 1128 4355 1194 amissa
4410 1124 4634 1192 esset?

2673 1215 2932 1280 Verum
2975 1218 3129 1300 quia
3162 1217 3244 1283 de
3286 1217 3413 1282 hac
3454 1238 3527 1283 re
3572 1217 3833 1300 litigare
3875 1215 4078 1280 nimis
4119 1213 4397 1298 longum
4440 1220 4634 1291 esset,

2675 1300 2845 1366 nihil
2897 1300 3138 1368 addam
3181 1303 3494 1386 amplius:
3550 1303 3679 1368 nisi
3720 1299 3894 1385 quod
3949 1300 4117 1367 scire
4159 1322 4245 1365 ex
4287 1319 4364 1364 eo
4409 1297 4633 1376 velim,

2673 1406 2803 1470 quo
2845 1408 3043 1453 sensu
3089 1388 3245 1454 alibi
3269 1390 3319 1474 ¹)
3356 1389 3608 1471 prodat,
3655 1396 3807 1453 ante
3843 1394 4146 1452 exortam
4177 1383 4441 1468 Pelagii
4476 1383 4636 1448 hae-

2674 1473 2873 1538 resim
2888 1524 2904 1550 ,
2951 1481 3207 1540 veteres
3269 1495 3498 1539 omnes
3553 1473 3835 1540 liberum
3889 1471 4237 1537 arbitrium
4288 1468 4636 1536 indistinc-

2674 1558 2808 1625 tius
2852 1560 3183 1625 extulisse.
3273 1558 3352 1626 Si
3408 1559 3671 1625 sublata
3712 1559 3969 1642 gratiae
4011 1558 4142 1623 Dei
4186 1565 4256 1622 et
4303 1556 4637 1620 humanae

2675 1645 2941 1710 virtutis
2985 1645 3400 1712 distinctione
3452 1645 3663 1711 facilis
3722 1649 3871 1724 [pag.
3909 1648 4019 1722 83]
4069 1649 4173 1709 661
4215 1648 4284 1708 61
4325 1638 4637 1723 expedita

2674 1731 3108 1811 perspicuitas
3124 1783 3140 1809 ,
3207 1752 3464 1796 errasse
3518 1752 3624 1796 me
3679 1732 3908 1795 fateor.
3998 1727 4124 1795 Sin
4179 1747 4338 1794 vero
4394 1728 4467 1790 in
4522 1725 4639 1790 illa

2675 1817 3056 1882 confusione
3100 1818 3407 1882 lectorem
3452 1816 3728 1881 haerere
3771 1836 4039 1881 6666666
4083 1821 4203 1892 661,
4247 1811 4531 1878 (1111111116
4573 1818 4639 1875 61

2676 1901 2968 1980 anxium,
3009 1909 3329 1984 quantum
3372 1902 3516 1967 Deo
3558 1901 3954 1980 adscribere,
4011 1906 4337 1983 quantum
4380 1895 4637 1964 homini

2676 1985 3047 2069 relinquere
3092 1988 3324 2054 debeat
3339 2038 3356 2067 ‚
3421 2007 3540 2053 cur
3582 1989 3706 2066 ita,
3761 2008 3967 2069 quum
4008 1985 4181 2052 nihil
4224 1982 4632 2067 1161111661161,

2676 2073 2984 2138 atrociter
3027 2073 3283 2139 vexor?

3148 2329 3252 2395 IN
3294 2329 3669 2397 LIBRUM
3711 2327 4154 2395 TERTIUM.
4236 2373 4247 2379 -

2848 2498 3168 2582 Sequitur
3221 2500 3458 2565 tertius
3512 2498 3711 2579 liber,
3756 2520 3956 2583 quem
4002 2505 4216 2565 totum
4258 2497 4633 2582 Augustino

2674 2586 3046 2653 destinavit.
3134 2585 3310 2651 Nam
3362 2586 3514 2667 quia
3561 2585 3751 2650 illum
3796 2607 4008 2650 unum
4053 2606 4138 2650 ex
4189 2583 4473 2649 aliorum
4514 2603 4632 2647 nu-

2671 2693 2854 2737 mero
2898 2691 3315 2754 exceperam,
3360 2691 3498 2736 non
3538 2670 3732 2737 modo
3776 2691 3929 2737 eum
3972 2670 4142 2735 mihi
4183 2671 4467 2752 eripere,
4524 2664 4637 2733 sed

2673 2758 2876 2823 etiam
2917 2757 2991 2820 in
3035 2778 3187 2823 suas
3229 2764 3452 2839 partes
3493 2755 3879 2839 pertrahere
3921 2764 4220 2823 conatur.
4310 2754 4488 2832 Hoc,
4534 2754 4634 2818 in-

2672 2863 2898 2926 quam,
2953 2842 3145 2908 initio
3197 2844 3570 2926 profitetur:
3639 2841 3756 2907 sed
3809 2841 3926 2907 ubi
3967 2840 4314 2925 paululum
4366 2838 4445 2904 in
4494 2860 4635 2904 rem

2671 2929 2883 3011 ipsam
2938 2928 3281 3012 ingressus
3336 2935 3454 3006 est,
3500 2948 3695 3011 saepe
3739 2928 4004 2993 restitat
4048 2937 4115 2992 et
4157 2926 4416 3002 haeret,
4458 2946 4634 2990 nunc

2671 3015 3082 3098 subterfugia
3122 3015 3463 3095 quaeritat,
3512 3035 3688 3079 nuuc
3729 3014 3951 3096 palam
3991 3015 4229 3096 ipsum,
4273 3032 4472 3096 quem
4514 3009 4637 3076 sibi

2671 3101 3029 3184 adiungere
3072 3106 3518 3182 proposuerat,
3561 3099 4014 3183 Augustinum
4055 3098 4379 3183 repudiat.
4458 3093 4639 3178 Quid

2671 3195 2893 3252 autem
2949 3185 3245 3268 prodest,
3312 3186 3557 3252 inflatis
3610 3185 3831 3252 buccis
3905 3184 4075 3249 nihil
4137 3205 4273 3249 non
4326 3182 4635 3268 polliceri,

2673 3281 2818 3337 tum
2861 3272 2974 3337 ubi
3026 3270 3349 3337 lectorum
3392 3268 3791 3337 desiderium
3845 3270 4043 3336 simul
4098 3277 4166 3336 et
4208 3270 4636 3335 attentionem

2672 3357 2944 3435 acueris,
2989 3357 3248 3422 hiantes
3289 3357 3466 3440 ipsos
3510 3354 3887 3422 dimittere?
3968 3356 4118 3439 Ego
4160 3376 4320 3421 vero
4364 3355 4638 3421 efficiam

2671 3445 2961 3527 primum
2996 3449 3072 3507 ut
3110 3442 3512 3525 perspiciant
3546 3462 3775 3508 omnes
3807 3442 4053 3526 integri
4086 3440 4331 3518 iudicii,
4379 3453 4451 3506 et
4484 3457 4640 3523 erga

2672 3530 3015 3596 veritatem
3065 3549 3198 3593 non
3253 3528 3424 3593 male
3481 3528 3701 3594 affecti
3750 3527 4026 3594 lectores
4042 3577 4060 3606 ‚
4125 3527 4449 3611 Pighium
4504 3545 4639 3589 non

2675 3635 2896 3680 amore
2954 3634 3152 3679 sanae
3220 3613 3584 3692 doctrinae,
3651 3612 3769 3680 sed
3830 3614 4207 3696 importuno
4264 3621 4333 3678 et
4398 3612 4637 3677 furioso

2673 3702 2884 3766 nostri
2926 3699 3105 3777 odio,
3152 3699 3236 3764 ad
3280 3700 3454 3765 hanc
3494 3720 3759 3766 causam
3802 3699 4183 3765 accessisse:
4229 3699 4303 3762 in
4348 3719 4429 3763 ea
4471 3707 4639 3761 trac-

2673 3784 2876 3853 tanda
2918 3806 3053 3850 non
3095 3786 3237 3851 veri
3278 3784 3662 3850 inveniendi
3704 3783 3952 3864 studio,
4004 3784 4121 3850 sed
4163 3784 4521 3850 ambitione
4566 3801 4641 3846 ac

2673 3870 2939 3938 rixandi
2983 3870 3252 3937 libidine
3306 3871 3417 3955 agi
3460 3878 3658 3953 atque
3709 3871 3801 3936 im
3848 3870 3975 3936 elli.
4065 3871 4417 3936 Postremo
4472 3864 4645 3934 nihil

2673 3959 2924 4024 sincere
2970 3962 3085 4021 aut
3128 3956 3403 4022 candide
3439 3976 3654 4040 agere,
3700 3978 3769 4022 se
3860 3956 4022 4022 satis
4069 3955 4332 4034 habere,
4378 3957 4434 4022 si
4521 3973 4641 4018 uo·

2674 4045 2776 4110 vis
2818 4042 3011 4107 modo
3054 4042 3417 4125 legentium
3459 4042 3682 4108 oculos
3724 4043 4148 4125 perstringat,
4194 4041 4331 4105 imo
4379 4041 4488 4107 lau
4534 4059 4647 4104 6111

2673 4152 2755 4195 ex
2812 4127 3172 4195 calliditate
3237 4134 3305 4192 et
3368 4127 3637 4192 fallendi
3693 4129 3931 4210 peritia
3995 4135 4281 4210 captare.
4380 4123 4647 4192 Deinde

2673 4214 2846 4299 quod
2890 4234 3097 4279 unum
3151 4213 3388 4278 saltem
3444 4234 3530 4278 ex
3572 4213 3907 4279 veteribus
3948 4212 4412 4297 Augustinum
4452 4211 4650 4278 nobis

2674 4301 3026 4384 suffragari
3082 4300 3363 4374 asserui,
3418 4299 3619 4364 fidem
3671 4307 3751 4364 ut
3801 4299 3873 4364 16
3916 4320 3993 4364 66
4034 4318 4255 4364 meam
4298 4306 4497 4382 atque
4542 4298 4648 4362 in-

2675 4387 3081 4470 genuitatem
3123 4391 3497 4468 agnoscant.

2848 4471 3185 4548 Primum,
3246 4470 3557 4552 abruptas
3602 4491 3710 4535 me
3768 4488 3891 4536 nec
3940 4469 4316 4536 intellectas
4372 4489 4457 4534 ex
4500 4470 4648 4533 Au-

2676 4557 2938 4641 gustino
2982 4556 3347 4622 sententias
3390 4556 3592 4622 citare
3635 4564 3963 4621 causatur.
4030 4555 4124 4620 At
4166 4553 4379 4638 quas?
4440 4550 4653 4634 Quod

2675 4642 2903 4710 scribit
2943 4662 3079 4707 non
3123 4663 3265 4707 6666
3304 4641 3583 4707 liberam
3620 4642 3763 4707 sine
3804 4642 4042 4725 spiritu
4082 4640 4371 4706 hominis
4403 4638 4654 4705 voluh-

2674 4735 2899 4806 tatem,
2943 4748 3150 4810 quum
3193 4726 3661 4811 cupiditatibus
3713 4727 4132 4794 vincentibus
4185 4733 4255 4791 et
4293 4724 4656 4794 vincienti-

2678 4816 2801 4881 bus
2855 4820 3177 4878 teneatur.
3278 4813 3524 4879 Notavi
3576 4813 3819 4880 locum:
3890 4814 3961 4877 in
4029 4812 4308 4895 epistola
4358 4816 4508 4877 144.
4571 4809 4655 4876 ad

2678 4900 3111 4966 Anastasium
3158 4897 3230 4961 id
3282 4898 3583 4964 habetur.
3674 4896 3855 4980 Quid
3906 4903 4055 4977 [pag.
4092 4903 4203 4977 84]
4247 4898 4354 4963 hic
4396 4898 4656 4981 abrup-

2679 4993 2819 5050 tum
2866 4992 2985 5050 aut
3028 4983 3420 5049 obscurum?
3509 4984 3711 5062 Item,
3759 4982 3931 5067 quod
3975 4984 4048 5047 in
4090 4983 4314 5049 libello
4361 4980 4450 5047 de
4497 5005 4658 5068 per-

2817 5256 2875 5321 1)
2908 5255 3056 5310 Libr.
3093 5253 3143 5310 3.
3178 5257 3323 5312 circa
3354 5257 3688 5326 principium.
