4967 5992
419 413 504 477 93
1762 409 2425 479 OATEOEJSMUS
2468 411 3082 479 GENEVENSIS.
4346 415 4429 477 94

418 601 837 686 participans.
939 601 1114 666 Mais
1171 620 1256 665 en
1319 597 1612 666 desirant
1677 606 1745 665 et
1806 598 2212 665 demandant
2262 620 2373 670 ces

416 688 648 753 choses
661 737 678 765 ,
730 686 781 750 il
834 705 1000 751 nous
1042 687 1183 752 faut
1225 685 1414 752 avoir
1466 686 1834 751 seulement
1884 685 2121 769 esgard
2166 691 2209 750 8
2249 705 2372 751 son

418 774 737 849 honneur,
784 792 938 838 sans
982 792 1222 855 penser
1265 780 1308 839 8
1349 793 1518 838 8088
1562 779 2019 851 88888818881,
2064 793 2148 836 88
2181 771 2371 836 81181-

415 859 575 926 81181
615 864 841 924 808118
883 858 1100 943 profit.

1217 979 1284 1016 1213
1314 979 1574 1014 mm·

594 1029 799 1098 Selon
856 1035 974 1095 ton
1035 1029 1175 1094 dire
1189 1080 1205 1108 ,
1260 1049 1369 1096 888
1411 1029 1575 1095 11018
1625 1029 1984 1112 premieres
2036 1035 2371 1110 requestes

424 1139 593 1184 nous
650 1124 801 1183 8081
855 1116 1010 1181 bien
1052 1115 1273 1181 utiles:
1331 1116 1501 1181 mais
1553 1114 1603 1179 il
1658 1135 1744 1180 ne
1800 1114 1897 1180 les
1941 1114 2083 1179 faut
2121 1114 2285 1179 faire
2331 1121 2374 1180 8

423 1211 617 1269 88118
669 1201 1030 1281 181881108,
1084 1201 1276 1267 81808
1328 1222 1496 1285 pour
1550 1201 1800 1267 desirer
1850 1220 1976 1284 que
2017 1200 2195 1266 Dieu
2249 1201 2376 1265 soit

416 1289 688 1375 glorifie.
1430 1333 1435 1340 -

1266 1387 1530 1444 n’mmr.

376 1541 384 1549 ,
532 1515 553 1532 .
590 1460 811 1526 Voire.
897 1459 992 1524 Et
1034 1457 1591 1537 semblablement,
1637 1459 1701 1522 ia
1744 1459 1871 1525 soit
1913 1479 2039 1541 quo
2081 1456 2178 1522 les
2212 1457 2375 1522 trois

417 1546 753 1613 dernieres
794 1551 1029 1630 soyent
1070 1544 1385 1628 deputees
1428 1551 1471 1610 8
1510 1544 1758 1611 (1881181
1799 1564 1873 1609 88
1916 1542 2031 1627 081
2072 1564 2240 1608 8088
2277 1548 2378 1608 881

417 1631 788 1716 expedient,
847 1631 1189 1696 toutesfois
1241 1631 1307 1694 la
1367 1630 1574 1715 gleire
1639 1629 1719 1696 de
1773 1629 1948 1695 Dieu
2002 1650 2170 1694 nous
2237 1628 2377 1693 doit

415 1725 591 1784 estre
637 1739 723 1783 en
756 1717 978 1783 icelles
1012 1716 1542 1783 recommandee:
1589 1715 1931 1781 tellement
1970 1735 2095 1798 que
2138 1735 2214 1780 co
2250 1715 2376 1780 soit

411 1802 482 1870 18
525 1806 621 1870 fin
664 1804 746 1869 de
788 1806 936 1871 tous
977 1823 1102 1868 808
1149 1802 1374 1868 (188118.

498 1917 513 1932 ’
1152 1921 1246 1971 ,88
1282 1924 1541 1958 umerus.
1562 1905 1604 1970 ¹)

591 1981 708 2056 [fol.
754 1979 862 2056 47]
932 1973 1206 2038 Venons
1267 1980 1307 2038 8
1372 1972 1805 2055 l'exposition.
1906 1973 1998 2038 Et
2053 1972 2299 2040 devant
2311 1970 2370 2056 2)

416 2067 760 2148 08’881181
802 2060 953 2144 plus
1022 2066 1249 2125 avant:
1308 2079 1649 2143 pourquoy
1706 2064 1808 2124 est
1860 2059 1968 2143 icy
2020 2058 2198 2124 Dieu
2255 2078 2370 2143 ap-

414 2149 591 2232 pelle
644 2153 872 2212 nostre
914 2147 1103 2224 Pere,
1149 2146 1434 2229 plustost
1475 2144 1996 2227 qu'autrement?

1297 2247 1527 2302 ’81118118

588 2318 914 2385 D’autant
937 2317 1097 2401 qu’il
1129 2324 1230 2383 est
1294 2318 1406 2382 ien
1440 2316 1679 2399 requis,
1725 2336 1853 2401 que
1888 2335 2012 2381 808
2034 2316 2369 2382 80888188-

412 2429 523 2475 888
567 2412 803 2490 soyent
844 2404 1237 2470 sermoment
1281 2411 1646 2468 asseurees:
1693 2401 1915 2484 quand
1956 2401 2009 2466 11
2043 2408 2142 2467 881
2177 2422 2369 2486 ques-

411 2494 555 2558 tion
599 2489 679 2557 de
721 2489 917 2575 prier,
963 2498 1188 2555 nostre
1229 2488 1408 2554 Dieu
1461 2509 1533 2554 88
1574 2507 1836 2552 nomme
1882 2486 2037 2553 d’un
2060 2496 2221 2552 'mot
2254 2488 2367 2571 qui

408 2584 771 2661 n’emporte
823 2597 948 2659 que
1003 2574 1289 2642 douceur
1347 2582 1414 2639 et
1478 2575 1902 2658 gracieusete,
1969 2593 2141 2656 pour
2198 2594 2367 2640 nous

407 2671 589 2731 oster
622 2669 806 2728 toute
851 2661 1047 2728 doute
1092 2668 1159 2727 et
1194 2660 1576 2744 perplexite,
1620 2669 1687 2724 81
1727 2679 1893 2725 8088
1929 2659 2179 2724 donner
2214 2660 2368 2724 1181-

346 2761 353 2770 ’
411 2750 626 2816 (118888
670 2748 752 2814 (18
772 2750 984 2830 ,18811
1028 2748 1439 2832 priveement
1483 2753 1526 2812 8
1569 2766 1704 2830 soy.

1212 2870 1277 2903 LE
1312 2867 1571 2903 lintrem.

585 2918 879 2987 Oserons
922 2940 1090 2986 nous
1133 2920 1285 2985 bien
1330 2918 1496 2983 donc
1538 2938 1702 2983 nous
1746 2917 1985 2981 retirer
2014 2915 2365 2982 1818111818-

408 3013 597 3073 18881
639 3013 682 3072 8
721 3006 918 3086 Dieu,
965 3024 1216 3071 comme
1260 3027 1351 3070 un
1399 3004 1624 3069 enfaut
1668 3010 1709 3069 8
1743 3023 1862 3069 8011
1905 3002 2106 3086 pere?

1264 3106 1530 3162 n'mrur.

586 3177 773 3263 Ouy:
832 3176 1015 3244 voire
1058 3196 1219 3243 8188
1260 3175 1409 3261 plus
1464 3174 1713 3259 grande
1757 3172 2077 3241 certitude
2121 3174 2366 3240 d'obte-

408 3266 518 3332 nir
583 3285 658 3330 88
721 3284 847 3347 088
909 3283 1076 3328 nous
1130 3260 1629 3328 demanderons.
1734 3259 1868 3326 Car
1932 3260 1993 3327 81
2045 3281 2212 3326 nous
2255 3260 2365 3343 qui

408 3371 695 3417 sommes
738 3349 1069 3428 18881818,
1126 3368 1212 3413 88
1252 3367 1549 3432 pouvons
1598 3347 1851 3413 refuser
1893 3353 1936 3412 8
1975 3367 2096 3411 noz
2138 3345 2368 3411 enfans

409 3438 477 3504 le
517 3438 676 3521 pain
721 3442 790 3501 et
827 3434 896 3501 18
936 3433 1197 3514 viando,
1243 3431 1461 3517 quand
1504 3431 1592 3496 ilz
1627 3454 1791 3498 nous
1834 3432 1900 3496 la
1933 3429 2364 3498 demandent:

410 3529 563 3589 tant
623 3522 837 3588 moins
900 3520 965 3586 le
1027 3520 1168 3586 fera
1216 3526 1439 3585 nostre
1491 3519 1664 3584 Pere
1716 3516 1979 3597 celeste,
2049 3518 2161 3602 qui
2232 3537 2367 3583 non

410 3609 783 3676 seulement
845 3613 947 3672 881
1001 3606 1162 3686 11011,
1220 3605 1385 3670 mais
1445 3609 1548 3669 est
1600 3602 1668 3669 18
1731 3604 2118 3673 8081818188
2167 3602 2366 3669 110818

410 3694 687 3782 (matth.
725 3696 783 3773 ⁷,
826 3697 898 3758 11
910 3702 956 3778 ).

585 3935 688 4000 De
734 3952 809 3998 88
850 3930 1025 3997 Nom
1058 3879 1807 4014 mesrlffejmnlgrssouvons
1849 3950 2013 3995 80118
2051 3951 2185 4017 pas
2214 3928 2367 3996 bien

405 4041 699 4105 prouver
742 4039 815 4084 88
857 4016 973 4102 081
1016 4038 1058 4083 8
1100 4022 1237 4083 8818
1280 4016 1430 4096 (1181,
1478 4038 1604 4100 088
1645 4015 1712 4082 18
1751 4016 1968 4100 priere
2010 4015 2147 4081 doit
2190 4024 2368 4082 estre

406 4105 648 4173 fondee
691 4126 777 4171 en
818 4104 1285 4170 l’intercession
1330 4102 1409 4169 de
1451 4103 1641 4169 Iesus
1684 4100 1958 4169 Christ?

1253 4289 1517 4346 n’nurmr.

589 4361 743 4446 Ouy
786 4381 955 4445 pour
997 4360 1276 4427 certain:
1329 4358 1629 4426 d'autant
1670 4380 1796 4443 que
1841 4359 2015 4425 Dieu
2059 4380 2146 4425 ne
2198 4381 2367 4426 nous

406 4446 671 4514 advoue
730 4467 901 4530 pour
963 4467 1067 4512 888
1131 4447 1362 4512 enfans
1376 4498 1391 4526 ‚
1459 4448 1652 4512 sinon
1716 4451 1947 4511 entant
2009 4466 2134 4529 que
2199 4466 2367 4512 nous

407 4553 697 4601 sommes
738 4533 1065 4600 membres
1108 4532 1189 4598 de
1232 4552 1352 4599 son
1394 4532 1557 4598 Filz.

1212 4654 1280 4688 m
1313 4653 1571 4688 mlflm.

584 4705 941 4789 Pourquoy
1005 4702 1404 4789 n’appelles-
1421 4711 1494 4768 tu
1568 4722 1686 4786 pas
1750 4703 1925 4769 Dieu
1991 4708 2109 4768 ton
2171 4702 2363 4781 Pere,

404 4791 580 4858 mais
624 4791 958 4875 l'appelles
1000 4798 1242 4870 nostre,
1288 4811 1372 4855 en
1416 4787 1766 4853 commun?

1265 4891 1528 4948 1381118111.

589 4962 898 5030 Chascun
953 4961 1146 5029 fidele
1199 4960 1261 5027 le
1321 4966 1481 5045 peut
1539 4961 1689 5027 bien
1746 4980 2046 5026 nommer
2100 4959 2242 5026 sien
2281 4979 2365 5024 en

406 5048 812 5136 particulier.
923 5049 1097 5114 Mais
1158 5069 1243 5113 en
1307 5067 1381 5112 88
1445 5045 1820 5113 formulaire
1882 5047 2072 5112 Iesus
2136 5044 2367 5111 Christ

729 5339 787 5406 1)
824 5339 903 5393 Le
940 5338 1024 5393 38.
1064 5339 1364 5393 (1118888118.
1400 5367 1468 5377 -
1504 5336 1846 5407 Qu'emporte
1881 5337 1933 5393 le
1968 5345 2081 5392 1801
2116 5337 2184 5392 de
2220 5337 2355 5392 Pere
2394 5352 2460 5391 en
2496 5336 2648 5391 Dieu.
2688 5364 2750 5373 —
2786 5336 3005 5391 Nostre.

2474 599 2692 667 tandis
2735 600 2841 665 his
2894 600 3201 667 omnibus
3252 602 3459 667 solam
3515 602 3658 668 eius
3713 601 3985 687 gloriam
4003 653 4017 681 ‚
4072 602 4427 685 praeterita

2474 694 2703 753 nostra
2744 685 3051 792 utilitate,
3095 687 3339 753 intueri
3382 687 3710 754 convenit.

3327 979 3586 1015 ΙῘἩΙΒΤΒΒ.

2648 1028 2935 1112 Nempe,
2995 1028 3356 1095 secundum
3411 1030 3582 1096 11888
3638 1030 4005 1097 doctrinam
4019 1082 4035 1110 ,
4094 1031 4224 1096 1118
4265 1032 4428 1100 11888

2475 1114 2806 1197 postulata
2840 1136 2992 1181 cum
3026 1116 3313 1181 utilitate
3335 1116 3597 1200 quidem
3622 1124 3846 1183 nostra
3868 1118 4217 1184 coniuncta
4239 1126 4425 1184 sunt:

2476 1221 2611 1266 non
2655 1210 2878 1265 tamen
2919 1201 2991 1264 in
3015 1201 3217 1267 alium
3260 1223 3529 1285 scopum
3551 1201 3884 1269 collimare
3925 1201 4183 1284 debent,
4230 1225 4429 1288 quam

2479 1293 2555 1351 ut
2597 1285 2997 1370 glorificetur
3038 1285 3171 1352 Dei
3205 1306 3465 1353 nomen.

3378 1409 3534 1444 rm.

2653 1457 2768 1525 Sic
2828 1466 2957 1537 est,
3026 1464 3220 1541 atque
3277 1458 3437 1524 adeo
3493 1460 3564 1524 18
3628 1459 3896 1544 18110818
3956 1462 4156 1526 811818
4213 1462 4426 1527 tribus

2480 1544 2711 1609 eadem
2753 1544 2883 1610 Dei
2930 1543 3139 1628 gloria
3183 1566 3379 1610 811188
3422 1546 3609 1611 801118
3650 1566 3793 1611 8888
3827 1544 4044 1611 debet:
4090 1554 4426 1699 utcunffiifle

2477 1631 2590 1710 iis,
2638 1651 2802 1714 quae
2837 1631 2909 1694 in
2952 1651 3093 1695 rem
3133 1651 3206 1696 88
3242 1629 3516 1696 salutem
3563 1639 3854 1697 nostram
3889 1640 4059 1712 sunt,
4104 1640 4303 1716 optan
4353 1633 4366 1646 '
4406 1684 4425 1713 ,

2476 1717 2740 1799 proprie
2784 1717 2918 1781 sint
2960 1714 3306 1792 destinata.

3325 1924 3583 1960 mm

2647 1974 2843 2040 Nunc
2886 1972 2970 2038 ad
2996 1975 3346 2040 verborum
3380 1974 3886 2058 explicationem
3927 1994 4309 2060 pergamus:
4347 1995 4422 2042 88

2473 2059 2795 2143 principio
2814 2111 2828 2136 ‚
2875 2079 2993 2124 cur
3032 2061 3238 2143 patris
3282 2082 3521 2126 nomen
3566 2060 3676 2126 1118
3717 2061 3954 2143 potius,
4001 2080 4201 2144 quam
4244 2061 4423 2127 aliud

2473 2144 2766 2229 quodvis,
2812 2145 2956 2211 Deo
3001 2145 3358 2212 tribuitur?

3375 2267 3525 2303 PUBR-

2648 2314 2874 2398 Quum
2933 2316 3017 2382 ad
3082 2325 3327 2383 rectam
3390 2316 3617 2384 orandi
3683 2317 4005 2382 rationem
4066 2319 4138 2383 in
4192 2317 4425 2401 primis

2475 2408 2591 2484 [foL
2636 2409 2741 2483 58]
2787 2404 3159 2486 requiratur
3209 2422 3440 2471 secura
3491 2403 3927 2469 conscientiae
3981 2401 4248 2484 fiducia,
4304 2424 4423 2469 no-

2469 2510 2626 2556 men
2671 2489 2794 2553 hoc
2837 2488 2965 2553 sibi
3004 2491 3278 2555 assumit
3313 2488 3522 2567 Deus,
3570 2487 3742 2571 quod
3785 2488 3952 2553 nihil
3996 2489 4128 2554 nisi
4171 2508 4424 2555 meram

2470 2575 2863 2641 suavitatem
2911 2583 3132 2640 sonat:
3190 2579 3266 2640 ut
3306 2576 3400 2640 ita
3442 2594 3720 2639 excussa
3771 2595 3855 2650 ex
3900 2575 4135 2641 animis
4178 2577 4422 2643 nostris

2469 2661 2650 2726 omni
2693 2661 3043 2739 anxietate,
3089 2659 3173 2725 ad
3216 2683 3286 2727 88
3329 2660 3740 2726 familiariter
3781 2659 4265 2743 implorandum
4303 2682 4424 2728 nos

2469 2746 2727 2812 invitet.

2497 2859 2506 2876 ⁶
3322 2866 3581 2902 1811181811.

2642 2917 2908 3001 Ergone
2949 2917 3169 2983 Deum
3212 2913 3594 2983 audebimus
3633 2916 3775 2982 sine
3819 2916 4204 2984 difficultate
4244 2926 4427 2986 recta

2469 3003 2669 3083 adire,
2717 3011 2794 3068 ut
2833 3003 2953 3069 filii
2995 3010 3302 3087 parentes
3346 3002 3604 3069 solent?

3023 3113 3036 3138 ⁸
3367 3123 3522 3159 111118.

2644 3174 2964 3241 Omnino:
3023 3175 3181 3258 quin
3238 3175 3438 3240 etiam
3487 3173 3699 3239 multo
3756 3173 4030 3256 certiore
4083 3176 4420 3245 obtinendi

2468 3260 2642 3346 quod
2683 3261 2966 3344 petimus
3008 3258 3265 3327 fiducia.
3353 3260 3557 3339 Nam,
3617 3266 3693 3325 ut
3735 3259 4043 3326 admonet
4084 3262 4418 3345 magister,

2469 3349 2528 3413 si
2557 3368 2697 3424 nos,
2743 3367 2945 3429 quum
2986 3345 3145 3411 mali
3188 3347 3411 3425 simus,
3457 3366 3590 3410 non
3607 3366 3958 3429 possumus
4000 3353 4222 3413 tamen
4264 3348 4420 3413 filiis

2468 3432 2714 3499 nostris
2754 3432 2926 3498 bona
2966 3452 3242 3516 negare,
3299 3453 3421 3497 nec
3465 3451 3575 3496 eos
3617 3430 3959 3496 dimittere
4000 3432 4234 3497 inanes
4276 3455 4420 3500 sus·

2469 3519 2786 3598 tinemus,
2843 3539 2966 3584 nec
3019 3537 3350 3583 venenum
3403 3515 3803 3601 porrigimus
3857 3516 3987 3582 illis
4041 3539 4162 3601 pro
4218 3539 4416 3602 pane:

2470 3612 2714 3688 quanto
2770 3595 2919 3687 plus
2976 3603 3446 3669 beneficentiae
3496 3623 3535 3666 8
3590 3602 3855 3668 80818811
3910 3610 4098 3686 patre
4151 3625 4420 3689 exspec-

2468 3689 2747 3755 tandum
2787 3695 2902 3768 est,
2948 3688 3062 3773 qui
3103 3710 3238 3754 non
3281 3696 3542 3755 tantum
3585 3709 3844 3754 summe
3886 3685 4097 3756 bonus
4140 3698 4258 3770 est,
4303 3691 4418 3757 sed

2469 3776 2616 3861 ipsa
2656 3774 2856 3841 etiam
2901 3774 3199 3841 bonitas?
4405 3804 4410 3808 ⁴
4437 3805 4442 3815 ·

3318 3878 3578 3914 mmmm

2642 3932 2752 3996 An
2805 3951 2941 3998 non
3010 3950 3094 3995 ex
3145 3929 3270 3996 hoc
3326 3948 3580 4012 quoque
3636 3928 3904 3995 nomine
3956 3939 4420 4016 argumentum
4499 3955 4508 3964 ·

2471 4016 2711 4083 ducere
2745 4015 2983 4096 licebit,
3028 4036 3155 4099 quo
3196 4014 3265 4080 id
3309 4013 3482 4098 quod
3513 4015 3701 4080 initio
3746 4012 3995 4082 dictum
4038 4024 4156 4094 est,
4191 4038 4419 4100 preces

2471 4102 2721 4169 scilicet
2782 4101 3129 4168 universas
3182 4100 3434 4167 Christi
3494 4101 3856 4185 patrocinio
3918 4100 4224 4169 fundatas
4276 4123 4418 4169 esse

2472 4196 2792 4273 oportere,
2838 4186 3334 4271 comprobetur?

2643 4360 2736 4424 Et
2778 4358 3043 4443 quidem
3086 4359 3552 4424 firmissimum.
3641 4356 3871 4441 Neque
3916 4358 4093 4422 enim
4134 4358 4420 4424 filiorum

2469 4445 2613 4513 loco
2657 4466 2777 4512 nos
2821 4444 3021 4510 habet
3063 4444 3251 4510 Deus
3266 4496 3282 4522 ,
3339 4441 3496 4509 8181Ι
3523 4450 3850 4527 08818888
3886 4441 4139 4509 Christi
4192 4467 4419 4511 sumus

2469 4532 2781 4597 membra.

2827 4681 2846 4692 ,-
3324 4651 3581 4686 mlum

2643 4701 2783 4769 Cur
2841 4711 3138 4769 nostrum
3197 4703 3409 4785 potius
3463 4701 3536 4765 in
3590 4721 3932 4768 commune
3985 4710 4237 4788 patrem
4297 4725 4417 4769 no-

2469 4775 2687 4854 minas
2729 4789 2968 4868 Deum,
3013 4808 3209 4872 quam
3252 4795 3443 4853 tuum
3482 4787 3940 4869 peculiariter?

2640 4959 2873 5025 Potest
2920 4957 3181 5042 quidem
3226 4909 3520 5025 fidellitunth
3568 4963 4021 5046 unusquisque
4066 4983 4260 5028 suum
4303 4984 4417 5028 vo·

2469 5065 2645 5111 care:
2667 5043 2800 5136 ,sed
2844 5046 3171 5112 communi
3216 5045 3505 5130 epitheto
3546 5044 3691 5112 ideo
3734 5069 3892 5114 usus
3935 5059 4038 5114 est
4069 5046 4413 5129 Dominus,

3282 5338 3339 5398 2)
3379 5347 3542 5392 avant
3578 5336 3935 5391 1561-1563.

4645 2856 4696 2917 ἱ
