4967 5992
618 345 749 410 327

624 533 992 615 scripturae
1035 529 1425 594 adhaereret
1440 580 1454 605 ,
1502 527 1776 594 ecclesia
1818 535 2230 604 censeretur;
2287 546 2456 609 quae
2501 526 2582 590 ab

624 637 705 682 ea
765 617 1168 691 deflecteret,
1245 614 1705 697 repudiaretur
1722 666 1737 692 ,
1794 621 2131 696 utcunque
2188 612 2457 677 nomine
2513 632 2584 676 se

624 702 1018 768 venditaret.
1120 700 1450 778 Verbum,
1496 701 1741 782 inquit,
1786 697 2135 764 obscurum
2181 706 2308 763 est:
2364 699 2582 780 itaque

624 808 709 854 ex
750 787 1063 853 eeclesiae
1118 807 1319 850 sensu
1362 793 1503 850 tota
1545 786 1689 851 eius
1734 784 1979 868 pendet
2024 784 2365 850 certitudo.
2460 787 2582 847 At-

624 875 737 957 qui
782 873 1128 956 putabam,
1181 879 1250 937 et
1293 871 1387 936 sic
1431 870 1819 948 didiceram,
1884 872 2071 954 prius
2125 891 2243 936 suo
2288 869 2581 935 aedificio

622 981 768 1026 esse
822 959 1344 1038 fundamentum.
1434 958 1744 1022 Testatur
1796 968 2018 1022 autem
2071 956 2321 1021 Paulus
2379 955 2581 1037 (Eph.

626 1050 687 1124 2,
728 1045 873 1129 20),
931 1044 1271 1108 fundatam
1326 1063 1469 1108 6666
1525 1043 1864 1108 eeclesiam
1918 1044 1990 1106 in
2047 1041 2379 1118 doctrina,
2452 1062 2583 1105 non

624 1152 823 1214 quam
889 1128 1016 1194 sibi
1078 1132 1224 1213 ipsa
1286 1130 1759 1211 composuerit,
1827 1128 1944 1194 sed
2012 1127 2457 1211 apostolorum
2521 1133 2587 1190 et

623 1217 1118 1301 prophetarum.
1188 1214 1499 1297 Excipiet
1534 1215 1773 1294 forsan,
1821 1215 1993 1280 hanc
2035 1212 2301 1295 quidem
2346 1212 2586 1278 doetri-

624 1323 781 1367 nam
835 1301 1123 1383 priorem
1180 1321 1323 1365 esse
1391 1299 1696 1377 eeclesia,
1769 1300 1885 1366 sed
1968 1301 2108 1364 eius
2190 1319 2461 1364 sensum
2514 1299 2584 1362 in

625 1388 899 1453 eeclesia
953 1408 1098 1451 esse
1152 1384 1519 1450 fundatum.
1611 1384 1807 1466 Quod
1852 1406 2237 1468 responsum
2294 1405 2417 1449 sua
2470 1384 2584 1448 ab·

627 1474 949 1540 surditate
1003 1473 1164 1537 satis
1217 1492 1339 1554 per
1393 1493 1464 1536 se
1523 1471 1867 1537 refellitur.
1959 1472 2140 1555 Ergo
2196 1491 2401 1551 quum
2458 1479 2587 1534 stae

628 1569 845 1637 tuere,
908 1579 1234 1642 quaenam
1298 1559 1386 1622 sit
1437 1578 1597 1622 vera
1651 1558 1955 1634 ecelesia,
2026 1563 2204 1621 certo
2261 1555 2583 1632 volumus,

626 1645 853 1710 valeat
894 1645 1009 1708 illa
1053 1643 1306 1709 Christi
1350 1642 1578 1726 regula
1622 1643 1881 1722 (Ioann.
1928 1649 2024 1721 10,
2065 1649 2207 1722 27):
2256 1663 2410 1706 oves
2445 1643 2585 1706 eius

628 1753 803 1808 esse,
860 1751 1029 1814 quae
1072 1750 1302 1795 vocem
1345 1729 1484 1793 eius
1539 1728 1828 1793 audiant.
1918 1726 2210 1794 Proinde
2266 1730 2437 1792 sicut
2479 1749 2586 1791 66-

625 1817 861 1882 lumna
923 1824 991 1880 et
1054 1817 1544 1879 firmamentum
1589 1814 1890 1880 veritatis
1956 1814 2102 1879 ideo
2158 1825 2258 1879 est
2314 1813 2588 1879 ecclesia

629 1903 695 1980 (1
739 1904 907 1967 Tim.
946 1906 1004 1976 3,
1052 1905 1189 1984 15),
1248 1899 1423 1982 quod
1477 1900 1839 1964 doctrinam
1884 1900 2097 1988 illam,
2144 1900 2213 1964 in
2262 1920 2393 1980 qua
2435 1900 2585 1962 fun-

631 1987 785 2052 data
829 1994 960 2065 est,
1017 1986 1300 2051 fideliter
1342 1985 1656 2064 custodit,
1713 1986 1811 2051 ita
1853 2006 1988 2050 non
2031 1987 2230 2050 aliam
2274 1985 2588 2049 debemus

629 2095 753 2157 pro
797 2073 1089 2138 ecclesia·
1112 2092 1484 2154 agnoscere,
1530 2073 1657 2135 nisi
1700 2072 1772 2136 in
1816 2092 1947 2154 qua
1990 2072 2359 2137 doctrinam
2404 2071 2588 2134 illam

627 2160 1015 2242 reperimus.
1126 2158 1273 2223 Hoc
1335 2157 1677 2223 vinculum
1742 2167 1873 2234 est,
1950 2158 2059 2223 hie
2135 2179 2352 2222 nexus
2418 2157 2589 2222 sacri

633 2245 949 2328 coniugii,
1029 2265 1154 2326 quo
1230 2243 1355 2308 sibi
1435 2242 1774 2308 eeclesiam
1831 2243 2141 2309 Christus
2221 2242 2584 2325 copulavit:

630 2351 825 2413 quem
869 2351 1115 2394 nexum
1166 2329 1373 2412 impio
1417 2351 1491 2394 ac
1545 2331 1824 2412 profano
1869 2330 2150 2394 divortio
2196 2330 2588 2410 abrumpere

629 2416 911 2499 Pighius
977 2423 1282 2492 conatur,
1342 2413 1503 2479 dum
1556 2415 1900 2480 ecclesiam
1954 2417 2171 2497 priore
2230 2415 2368 2478 loco
2434 2433 2590 2479 con-

631 2503 867 2578 stituit,
911 2502 1040 2566 Dei
1086 2510 1307 2565 autem
1352 2500 1717 2564 doctrinam
1763 2500 1846 2564 ad
1890 2501 2167 2565 inferius
2204 2499 2592 2565 subsellium

631 2588 918 2670 ablegat:
975 2598 1043 2650 et
1094 2607 1242 2651 eam
1298 2585 1599 2669 quidem,
1657 2607 1791 2650 non
1844 2587 2013 2658 sieut
2066 2608 2107 2650 a
2157 2585 2302 2651 Deo
2346 2585 2590 2649 tradita

630 2681 760 2750 est,
819 2672 1010 2737 euius
1067 2671 1249 2736 clara
1306 2681 1375 2736 et
1425 2671 1771 2753 perspicua
1828 2671 2016 2738 nobis
2062 2680 2277 2737 exstet
2318 2672 2587 2748 veritas,

631 2757 749 2823 sed
792 2757 1073 2839 qualiter
1119 2754 1495 2821 hominibus
1540 2777 1686 2824 eam
1731 2777 2063 2839 exponere
2105 2757 2392 2823 libuerit.

805 2842 1061 2908 Verum
1113 2841 1456 2906 attendant
1507 2841 1784 2907 lectores
1838 2841 1921 2907 ad
1977 2843 2259 2908 alterum
2304 2842 2591 2907 hominis

632 2935 911 2993 acumen
968 2927 1287 2992 mirabile.
1375 2926 1549 2990 Nam
1604 2949 1805 3009 quum
1866 2950 1936 2993 66
1992 2929 2181 2993 initio
2226 2929 2590 3010 scripturae

633 3012 1029 3078 testimoniis
1083 3023 1312 3078 eontra
1359 3033 1481 3077 nos
1523 3021 1827 3077 acturum
1871 3015 2344 3098 proposuisset,
2386 3035 2590 3095 quum

633 3098 719 3163 ad
764 3118 917 3162 eum
954 3098 1166 3163 locum
1198 3104 1477 3163 ventum
1514 3108 1629 3174 est,
1668 3100 2077 3182 ingeniosam
2101 3101 2590 3166 excusationem

634 3184 922 3258 invenit,
987 3206 1115 3266 quo
1176 3183 1476 3248 declinet.
1582 3183 1911 3264 Quoniam
1971 3186 2218 3251 seilicet
2271 3186 2591 3249 universa

633 3270 977 3353 scriptura,
1025 3279 1271 3352 quanta
1315 3278 1561 3351 quanta
1603 3279 1723 3346 est,
1769 3272 2025 3337 arbitrii
2059 3271 2432 3337 libertatem
2477 3270 2590 3335 de-

630 3365 975 3421 monstrat.
1079 3355 1249 3419 Nam
1313 3377 1515 3437 quum
1596 3358 1907 3422 universa
1983 3366 2292 3433 testetur,
2364 3357 2587 3420 Deum

632 3443 983 3522 unicuique
1049 3462 1168 3523 pro
1235 3443 1374 3505 suis
1440 3443 1693 3508 meritis
1756 3443 2197 3520 redditurum,
2278 3444 2592 3507 universa

630 3528 797 3592 bene
842 3527 1109 3591 vivendi
1155 3527 1335 3610 leges
1379 3535 1447 3590 et
1492 3536 1836 3610 praecepta
1877 3530 2237 3606 contineat,
2279 3531 2590 3592 universa

632 3635 752 3678 nos
810 3614 1112 3677 hortetur
1164 3614 1247 3677 ad
1294 3614 1638 3692 virtutem,
1685 3626 1952 3696 peccata
2001 3616 2374 3698 prohibeat,
2439 3619 2589 3692 [pag.

640 3701 787 3776 132]
834 3718 1077 3780 poenas
1118 3699 1428 3776 minetur,
1474 3706 1727 3764 certum
1764 3708 1866 3765 est
1900 3701 2286 3766 universam
2321 3698 2588 3764 demon·

632 3790 844 3848 strare
887 3783 1076 3847 liberi
1133 3785 1389 3849 arbitrii
1442 3794 1855 3866 potestatem.
1952 3786 2029 3852 Si
2074 3787 2454 3850 universam
2501 3787 2593 3848 ita

630 3869 917 3953 Pighius
971 3869 1308 3952 intelligit,
1366 3871 1553 3950 quasi
1620 3872 1688 3934 in
1732 3871 1855 3936 hoe
1909 3879 2049 3936 tota
2091 3871 2454 3946 incumbat,
2523 3878 2591 3936 et

633 3956 756 4020 hoc
824 3963 981 4038 agat
1044 3977 1286 4033 unum,
1354 3955 1646 4019 nondum
1711 3957 1928 4039 prima
2006 3957 2160 4022 fidei
2217 3956 2592 4022 rudimenta

633 4040 877 4106 didicit.
972 4038 1240 4105 Omittit
1283 4041 1461 4104 enim
1505 4043 1924 4124 praeeipuam
1982 4055 2050 4108 et
2106 4044 2318 4124 magis
2364 4064 2588 4107 neees-

631 4129 873 4192 sariam
920 4126 1254 4191 doetrinae
1299 4134 1582 4209 partem,
1639 4148 1805 4209 quae
1850 4130 2101 4212 gratiae
2144 4129 2590 4212 promissioni-

631 4214 760 4278 bus
804 4214 1206 4279 continetur:
1255 4232 1382 4294 qua
1424 4214 1685 4294 cognita
1727 4213 1896 4278 nihil
1941 4217 2075 4279 suis
2120 4214 2591 4280 obiectionibus

635 4300 852 4365 efficit.
956 4299 1319 4380 Postquam
1374 4297 1551 4362 enim
1608 4319 1726 4363 nos
1776 4300 1846 4363 in
1892 4301 2222 4364 mandatis
2268 4302 2406 4366 suis
2451 4322 2588 4364 am-

630 4385 861 4450 bulare
926 4385 1122 4449 iussit
1171 4383 1388 4461 Deus,
1443 4385 1771 4449 facturum
1827 4407 1897 4449 se
1954 4387 2277 4468 promittit
2331 4396 2406 4450 ut
2450 4407 2590 4451 am-

632 4470 954 4546 11111616116,
1000 4470 1122 4536 1166
1165 4481 1294 4547 ost,
1340 4471 1629 4534 animum
1678 4481 1745 4534 et
1787 4470 1985 4555 pedes
2028 4472 2216 4535 nobis
2261 4471 2588 4536 daturum.

637 4553 863 4632 Quum
922 4576 1077 4638 crgo
1124 4563 1259 4619 tota
1303 4557 1441 4634 lex,
1484 4565 1830 4638 praecepta
1873 4559 2126 4636 omnia,
2172 4579 2398 4621 omnes
2445 4567 2589 4621 tum

638 4639 1159 4718 exhortationes,
1218 4651 1358 4706 tum
1415 4643 1908 4725 castigationes,
1970 4651 2109 4707 tum
2178 4645 2422 4720 minae,
2506 4645 2588 4707 ad

636 4725 1101 4808 promissiones
1165 4747 1285 4790 nos
1354 4727 1642 4810 dirigant
1708 4739 1773 4792 ct
1816 4733 1998 4813 quasi
2069 4752 2271 4793 manu
2324 4729 2587 4808 ducant,

636 4811 750 4876 ubi
799 4819 1003 4872 totam
1050 4823 1337 4875 nostram
1384 4816 1696 4878 virtutem
1740 4815 1810 4879 in
1854 4816 2137 4880 nihilum
2182 4815 2369 4880 Deus
2413 4817 2588 4879 redi-

1945 335 2473 404 RESPONSIO
2520 334 2898 402 CONTRA
2934 333 3352 402 PIGHIUM

2635 1305 2640 1348 1

2634 1495 2639 1542 l

2635 1551 2640 1600 Ι

2635 1735 2640 1768 ι

4512 338 4618 401 328

2690 525 2973 591 habebit.
3065 523 3259 588 Facit
3301 524 3480 589 enim
3522 544 3643 606 pro
3688 542 3873 588 more
3917 542 4035 587 suo
4077 522 4360 607 Pighius
4373 572 4388 600 ,
4436 520 4624 590 decies

2689 633 2831 677 rem
2881 631 3082 675 unam
3140 608 3461 674 iterando.
3554 608 3749 690 Quod
3792 607 3924 673 Dei
3981 607 4292 674 iudicium
4337 627 4468 673 non
4509 609 4627 674 fore

2687 698 2939 763 iustum
2983 709 3479 775 commemorat,
3536 695 3665 759 nisi
3709 695 3945 776 cuique
3999 693 4233 760 reddat
4289 713 4411 775 pro
4454 696 4627 758 meri-

2689 785 2801 848 tis:
2849 780 3231 864 respondeo,
3277 782 3450 864 quod
3495 782 3942 865 Augustinus:
3989 780 4134 845 Vae
4179 780 4489 845 universo
4527 780 4630 845 ho-

2689 869 2947 933 minum
2992 870 3249 951 generi,
3307 869 3363 932 si
3410 868 3646 949 merita
3688 877 3913 931 nostra
3956 867 4029 930 in
4070 865 4424 932 iudicando
4469 866 4630 931 Deus

2691 954 3039 1038 expendat.
3131 952 3329 1033 Quod
3371 953 3454 1016 ad
3498 951 3865 1019 mercedem
3911 953 4149 1017 attinet
4165 1003 4180 1030 ,
4225 973 4425 1034 quam
4470 952 4631 1017 Deus

2690 1041 2902 1106 servis
2959 1041 3098 1104 suis
3153 1039 3527 1121 pollicetur,
3587 1038 3820 1104 reddet
3862 1038 4126 1121 quidem
4165 1038 4299 1102 illis
4343 1057 4633 1103 coronam

2689 1127 2985 1191 iustitiae
3028 1127 3243 1190 iustus
3285 1125 3503 1190 iudex.
3574 1123 3711 1190 Sed
3749 1124 3874 1190 hoe
3910 1145 4168 1208 quoqne
4202 1123 4630 1206 quaerendum

2690 1221 2848 1288 crat,
2895 1211 3074 1276 unde
3119 1212 3362 1276 sanctis
3405 1212 3755 1294 proveniat
3795 1210 4074 1290 iustitia,
4120 1231 4291 1292 quae
4334 1218 4499 1274 tnnc
4537 1230 4631 1275 co-

2689 1298 3048 1362 ronabitur.
3117 1295 3393 1363 Certum
3439 1306 3659 1361 autem
3705 1306 3826 1373 est,
3871 1295 4039 1361 nihil
4083 1317 4227 1362 esse
4271 1317 4472 1378 quam
4512 1315 4630 1359 me-

2692 1405 2842 1447 rum
2884 1384 3014 1448 Dei
3060 1383 3323 1447 donum.
3416 1381 3598 1463 Quid
3643 1403 3799 1467 ergo
3843 1382 3997 1447 inde
4041 1381 4384 1447 hominum
4421 1391 4631 1464 poten-

2689 1472 2855 1533 tiam
2895 1468 3189 1552 colligit?

2860 1556 2954 1619 Et
2994 1556 3308 1637 quoniam
3342 1553 3424 1619 de
3457 1554 3721 1620 infirmo
3767 1555 4131 1637 scripturae
4167 1552 4496 1637 praesidio
4527 1552 4634 1616 sibi

2692 1641 2865 1705 male
2908 1642 3208 1706 conscius
3252 1648 3372 1718 est,
3416 1641 3501 1705 ad
3544 1641 3815 1706 solenne
3858 1639 4024 1705 illud
4060 1661 4254 1705 suum
4289 1638 4633 1721 suffugium

2691 1728 2994 1809 protinus
3043 1726 3384 1791 dilabitur:
3433 1727 3528 1792 sie
3573 1726 3955 1810 Origenem,
4001 1728 4093 1791 sie
4139 1723 4630 1800 Tertullianum,

2690 1814 2784 1878 sie
2839 1813 3178 1876 Hilarium
3235 1824 3304 1875 et
3356 1813 3644 1895 reliquos
3709 1813 4012 1878 sensisse.
4106 1812 4390 1888 Verum,
4451 1811 4633 1873 etiam

2691 1900 2749 1964 si
2804 1899 3087 1982 astringi
3143 1919 3248 1962 me
3304 1918 3530 1962 eorum
3591 1901 3942 1963 autoritate
4003 1897 4325 1981 ligarique
4381 1897 4478 1960 sic
4533 1916 4631 1977 pa-

2689 1987 2836 2059 tiar,
2882 1993 2958 2048 ut
3001 1981 3315 2050 derelicta
3355 1985 3722 2067 scripturae
3766 1991 3945 2049 certa
3992 1984 4263 2048 veritate
4306 1983 4380 2047 in
4425 2002 4502 2046 eo
4542 2002 4633 2046 ac-

2692 2070 3042 2152 quiescam,
3088 2069 3261 2152 quod
3301 2070 3434 2134 illis
3471 2070 3687 2136 visum
3723 2071 3921 2135 fuerit
3962 2069 4164 2152 (quod
4198 2090 4322 2133 nee
4355 2069 4632 2133 factiuns

2691 2177 2856 2235 sum,
2896 2166 2963 2219 et
2995 2157 3210 2222 faeere
3244 2158 3430 2222 nefas
3466 2157 3617 2240 est),
3656 2158 3788 2221 iam
3822 2165 4046 2220 tamen
4081 2160 4229 2235 [pag.
4257 2159 4406 2233 133]
4432 2165 4632 2218 osten·

2694 2241 2778 2319 di,
2822 2262 3022 2323 quam
3065 2242 3470 2307 calumniosa
3512 2243 4053 2324 interpretatione
4108 2261 4340 2306 eorum
4383 2247 4632 2304 senten·

2694 2328 2823 2392 tias
2878 2329 2949 2391 in
3008 2348 3128 2393 nos
3173 2327 3571 2410 detorqueat.
3661 2328 3834 2392 Nam
3879 2326 4053 2409 quod
4096 2327 4356 2404 dicunt,
4402 2326 4633 2390 frustm

2694 2434 2836 2478 esse
2880 2413 3093 2497 legem
3114 2465 3127 2491 ,
3175 2414 3306 2477 nisi
3350 2415 3436 2479 sit
3479 2413 3878 2496 obsequendi
3922 2412 4229 2488 facultas,
4277 2419 4348 2475 et
4390 2412 4629 2488 similia,

2692 2500 2856 2563 haec
2899 2501 3135 2563 merito
3180 2498 3585 2576 dicerentur,
3630 2501 3687 2563 si
3731 2501 4014 2565 servitus
4054 2499 4245 2574 haec,
4305 2518 4470 2580 quae
4525 2515 4630 2560 nos

2693 2582 3043 2668 impeditos
3100 2592 3284 2649 tenet
3349 2606 3425 2650 ac
3467 2586 3784 2650 virtutem
3841 2589 4085 2662 aufert,
4143 2593 4418 2648 naturae
4461 2585 4631 2656 foret,

2694 2693 2827 2735 non
2882 2671 3132 2753 proprii
3191 2672 3353 2735 vitii.
3445 2671 3640 2737 Nunc
3694 2691 3850 2736 vero
3896 2691 4103 2753 quum
4165 2669 4350 2734 istud
4392 2687 4633 2751 semper

2692 2758 2766 2820 in
2805 2766 3117 2838 promptu
3142 2758 3247 2834 sit,
3293 2755 3610 2839 quidquid
3654 2757 4080 2840 impotentiae
4103 2766 4218 2820 aut
4244 2755 4529 2820 defectus
4571 2755 4633 2816 in

2693 2842 2882 2907 nobis
2926 2851 3042 2918 est,
3088 2842 3318 2924 culpae
3363 2853 3625 2908 nostrae
3668 2864 3811 2908 6666
3847 2840 4332 2924 imputandum,
4375 2841 4491 2905 hoe
4534 2859 4632 2902 re-

2695 2949 2934 3010 sponso
2979 2926 3325 2992 diluuntur
3368 2948 3597 2993 omnes
3637 2928 3790 2993 illae
3833 2929 4225 2994 obiectiones
4269 2947 4347 2992 ac
4381 2926 4633 2991 solvun-

2694 3021 2822 3078 tur.
2898 3015 3118 3095 Atque
3161 3014 3256 3077 ita
3301 3014 3499 3079 solvit
3542 3016 3981 3098 Augustinus,
4025 3023 4164 3089 tum
4211 3015 4282 3077 in
4317 3012 4446 3077 illis
4481 3029 4632 3093 quos

2694 3119 2909 3181 nuper
2951 3101 3252 3165 recensui
3296 3100 3501 3179 libris,
3547 3111 3691 3164 tum
3733 3101 3805 3164 111
3848 3099 4068 3164 11116116
4112 3098 4194 3163 de
4236 3099 4632 3164 Perfectione

2694 3185 3002 3249 iustitiae.
3095 3185 3330 3267 Itaque
3381 3185 3508 3250 hoc
3563 3185 3766 3250 nimis
3808 3187 4202 3267 prostitutae
4245 3184 4478 3250 frontis
4519 3193 4628 3255 est,

2695 3273 2900 3354 ipsius
2956 3292 3212 3353 quoque
3259 3273 3622 3355 Augustini
3681 3273 4055 3337 testimonio
4113 3271 4221 3338 1116
4266 3270 4463 3336 abuti.
4543 3271 4630 3332 At

2695 3356 2889 3421 claris
2945 3357 3166 3421 verbis
3222 3369 3453 3440 negat,
3515 3359 3586 3421 in
3631 3379 3706 3422 eo
3763 3358 4020 3440 peccari
4064 3355 4239 3439 quod
4276 3357 4469 3422 vitari
4509 3375 4630 3418 non

2695 3451 2936 3525 potest;
2983 3453 3050 3505 et
3091 3443 3204 3507 ubi
3250 3453 3491 3508 natura
3534 3441 3912 3508 dominatur
3947 3453 4062 3507 aut
4096 3443 4467 3514 necessitas,
4509 3440 4629 3504 illie

2695 3528 2898 3592 tradit
2940 3528 3221 3594 inveniri
3269 3550 3403 3593 non
3447 3550 3639 3610 posse
3674 3529 3908 3613 culpae
3950 3529 4293 3593 rationem.
4383 3530 4487 3592 Ex
4524 3522 4630 3590 ad-

2697 3635 2890 3679 verso
2946 3614 3290 3691 reclamat,
3346 3616 3596 3680 frustra
3651 3615 3773 3680 sibi
3841 3616 4200 3697 praescribi
4269 3615 4351 3679 de
4415 3613 4629 3677 talium

2694 3700 3009 3764 librorum
3031 3751 3045 3777 ,
3092 3720 3255 3782 quos
3307 3701 3569 3766 iuvenis
3614 3702 3992 3784 scripserat,
4051 3707 4399 3766 vetustate.
4475 3698 4632 3762 Nam

2695 3795 2762 3851 et
2803 3785 2968 3864 ideo,
3013 3786 3244 3868 inquit,
3271 3787 3323 3868 ¹)
3366 3785 3786 3853 retractanda
3827 3787 4083 3868 suscepi
4125 3806 4276 3850 mea
4317 3806 4520 3869 opera,
4559 3791 4630 3845 ut

2695 3893 2817 3937 nee
2861 3893 2966 3936 me
3009 3873 3224 3954 ipsum
3268 3874 3340 3935 in
3383 3873 3689 3938 omnibus
3742 3893 3849 3938 me
3892 3879 4246 3955 sequutum
4291 3873 4484 3936 fuisse
4523 3865 4628 3931 de-

2696 3967 3088 4035 monstrem,
3141 3958 3257 4022 sed
3313 3959 3730 4041 proficienter
3783 3980 3890 4023 me
3934 3959 4273 4040 scripsisse
4327 3956 4626 4029 existimo,

2695 4065 2829 4108 non
2885 4065 2924 4107 a
2978 4044 3375 4127 perfectione
3432 4045 3735 4127 coepisse.
3836 4045 4014 4109 Huic
4072 4065 4229 4109 vero
4273 4043 4489 4127 Pighii
4523 4061 4625 4104 ea-

2695 4129 2985 4195 lumniae
3028 4130 3098 4193 in
3142 4129 3746 4196 Retraetationibus
3790 4132 3882 4195 sie
3924 4131 4233 4196 occurrit:
4284 4127 4480 4193 Aliud
4514 4133 4629 4197 est,

2695 4236 3009 4296 quaerere
3055 4214 3229 4280 unde
3280 4218 3366 4280 sit
3410 4216 3688 4294 malum;
3735 4214 3946 4290 aliud,
3993 4215 4168 4280 unde
4212 4215 4511 4281 redeatur
4545 4207 4628 4273 ad

2699 4302 3068 4383 pristinum,
3117 4300 3224 4365 vel
3270 4301 3352 4366 ad
3395 4303 3610 4366 maius
3647 4303 4070 4384 perveniatur
4105 4303 4374 4366 bonum.
4435 4295 4626 4365 Panlo

2699 4395 2846 4468 post
2908 4389 3068 4452 citat
3122 4386 3247 4453 hoe
3301 4386 3556 4469 pridem
3612 4409 3652 4451 a
3705 4407 3775 4452 se
3820 4385 4092 4452 dictum:
4140 4385 4464 4467 Quoniam
4507 4402 4624 4447 non

2700 4473 2870 4537 sieut
2923 4481 3156 4554 sponte
3213 4473 3405 4537 homo
3447 4473 3708 4550 cecidit,
3762 4472 3858 4537 ita
3900 4495 4171 4556 surgere
4213 4481 4452 4555 potest,
4491 4488 4626 4552 por-

2695 4567 2942 4623 rectam
2999 4558 3186 4622 nobis
3245 4559 3582 4623 dexteram
3636 4560 3764 4624 Dei
3837 4559 4029 4623 firma
4092 4558 4223 4623 fide
4291 4568 4620 4623 teneamus

2697 4645 2788 4707 Et
2830 4644 3087 4708 similia.
3174 4646 3268 4709 Et
3311 4655 3531 4709 tamen
3578 4655 3868 4723 excusat,
3905 4644 4076 4726 quod
4120 4667 4205 4709 ne
4249 4646 4343 4710 616
4384 4641 4620 4726 quidem

2699 4739 2937 4802 totum,
2985 4728 3158 4810 quod
3205 4730 3384 4796 dictu
3429 4733 3870 4796 necessarium
3917 4733 4158 4806 fuerat,
4218 4728 4621 4819 eomprehen7

2695 4815 2880 4879 derit.
2983 4816 3153 4880 Item
3202 4816 3283 4880 de
3333 4818 3744 4882 Perfectione
3815 4817 4128 4880 iustitiae:
4196 4817 4330 4881 Per
4392 4809 4620 4878 arbitril

638 4899 764 4980 git,
827 4896 950 4958 sibi
1008 4898 1381 4977 gratiaeque
1437 4921 1595 4963 suae
1651 4922 1878 4966 omnes
1937 4902 2253 4967 bonorum
2312 4923 2588 4984 operum
2640 4895 2644 4942 Ι
2699 4900 3064 4966 libertatem
3109 4904 3355 4966 factum
3399 4913 3527 4980 est,
3585 4911 3663 4966 ut
3704 4902 3900 4965 homo
3943 4923 4092 4966 cum
4137 4909 4398 4983 peceato
4436 4904 4614 4963 esset:

636 4997 858 5065 partes
916 4981 1367 5060 adscribendo,
1429 4987 1537 5066 qui
1596 4985 1739 5067 lege
1782 5008 1857 5051 ae
1910 4990 2273 5070 praeceptis
2318 4989 2590 5052 metitur
2638 5011 2644 5058 i
2695 4986 2807 5050 sed
2851 4987 2982 5051 iam
3029 4989 3323 5070 poenalis
3368 4989 3692 5052 vitiositas
3733 4989 4169 5070 subsequuta,
4215 5009 4300 5052 ex
4341 4985 4614 5050 libertate

640 5068 920 5132 hominis
982 5068 1348 5140 facultates,
1409 5070 1625 5150 prima
1680 5072 1830 5135 fidei
1899 5074 2227 5137 elementa
2290 5072 2586 5137 nondum
2639 5101 2644 5138 ι
2693 5074 2849 5137 feeit
2887 5075 3365 5139 necessitatem.

638 5174 710 5216 se
752 5165 975 5216 tenere
1022 5151 1251 5234 prodit.
1342 5153 1735 5236 Quanquam
1780 5158 1847 5220 in
1895 5158 2209 5223 solvendo
2254 5159 2374 5222 hoc
2418 5157 2588 5223 nodo

635 5237 933 5303 nondum
980 5241 1320 5303 immoror:
1367 5241 1521 5322 quia
1564 5241 1756 5322 paulo
1802 5257 1951 5323 post
1993 5245 2205 5308 locum
2250 5246 2590 5327 proprium

2833 5261 2892 5322 1)
2933 5261 3012 5314 De
3049 5262 3191 5313 bono
3229 5262 3667 5328 perseverantiae
3705 5262 3773 5315 ad
3812 5261 4059 5328 Prosper.
4098 5276 4216 5328 cap.
4253 5259 4320 5311 12
4353 5265 4404 5312 et
4434 5255 4504 5308 21.
