4967 5992
496 303 616 365 631

488 486 870 552 testimonio
911 482 1285 558 laborantes
1327 480 1629 547 nonnihil
1672 482 1905 547 iuvare
1950 487 2067 547 aut
2108 480 2453 547 sublevare

491 579 784 656 possunt.
864 570 1120 634 Locum
1173 569 1352 633 enim
1407 569 1464 633 si
1499 568 1897 651 relinquant,
1943 587 2056 631 eos
2099 566 2299 632 8111181
2340 565 2451 630 de-

489 658 758 723 stitutos
781 655 1179 738 relinquunt.
1237 651 1658 737 Respondeo:
1706 653 1970 718 nullum
1989 652 2230 718 talibus
2263 672 2454 735 posse

496 742 641 807 dari
692 741 931 806 melius
986 740 1362 819 consilium,
1421 760 1619 823 quam
1673 745 1751 803 ut
1793 738 2002 804 vitam
2052 758 2238 803 suam
2279 739 2454 820 peri-

492 828 640 894 culo
674 828 999 904 obiiciant,
1044 846 1164 908 pro
1198 825 1551 890 asserenda
1586 824 1837 890 Christi
1870 824 2112 909 gloria:
2158 825 2261 888 sin
2296 844 2454 889 vero

413 909 418 912 ’
492 921 754 978 tantum
801 933 934 976 non
979 910 1227 976 habent
1259 911 1479 987 animi,
1524 910 1782 975 nullum
1826 909 2150 976 secundae
2192 908 2480 974 tabulae‘

492 999 784 1063 officium
822 997 903 1061 ab
945 995 1313 1061 idololatria
1359 1004 1427 1060 et
1477 996 1622 1061 aliis
1667 996 2187 1078 inquinamentis
2229 1015 2457 1077 super-

495 1086 833 1150 stitionum
884 1102 994 1148 eos
1038 1090 1327 1146 excusat.

1733 293 1864 360 1111
1887 267 2360 358 ’1111118118
2398 290 3315 360 88Ρ81181111οΝ11188.

4385 290 4511 353 632

2620 525 2629 532 -
2731 484 2878 560 [pag.
2930 484 3078 558 116]
3124 479 3210 544 In
3249 479 3392 561 ipso
3435 475 3835 562 quaestionis
3876 482 4082 556 statu,
4129 484 4197 541 et
4238 497 4517 559 summa,

2556 586 2690 631 non
2732 572 2894 648 puto
2937 564 3061 631 hoc
3106 585 3327 629 meum
3370 585 3758 647 responsum
3803 562 3884 628 ab
3929 564 4208 628 aliorum
4251 569 4521 629 senten-

2557 652 2652 716 tia
2694 651 3080 734 discrepare.
3152 649 3493 734 Siquidem
3540 651 3621 714 D.
3660 649 4032 731 Philippus,
4079 649 4185 715 cui
4228 649 4342 714 alii
4385 648 4521 714 duo

2560 737 3044 818 assentiuntur,
3112 744 3446 819 utcunque
3520 735 3854 818 sigillatim
3924 755 4055 799 non
4122 734 4522 817 respondeat

2558 823 2705 888 istis
2769 821 3266 898 obiectionibus,
3331 822 3489 886 dum
3554 829 3779 886 tamen
3841 827 4225 904 praetextus
4289 841 4521 886 omnes

2560 928 2695 973 uno
2739 907 2941 974 'verbo
2998 908 3313 984 excludit,
3360 909 3533 972 satis
3578 912 3895 987 testatur,
3953 906 4122 971 nihil
4177 906 4302 971 sibi
4348 908 4519 971 tanti

2562 1015 2721 1071 esse,
2767 1001 2846 1057 ut
2887 994 3139 1057 homini
3185 993 3547 1058 christiano
3589 992 3997 1057 idololatriae
4028 992 4521 1074 professionem,

2510 1147 2515 1156 ‚
2563 1079 2760 1144 etiam
2807 1081 3168 1158 obscuram,
3212 1080 3570 1161 permittat.

1495 1422 1967 1489 EPIS'POLA
2013 1422 2406 1508 QALVINI
2451 1420 2583 1486 AD
2630 1419 3096 1502 QUENDAM
3142 1403 3559 1486 AMICUM?

669 1601 818 1677 [pag.
872 1601 1019 1672 117]
1078 1594 1300 1677 Quum
1357 1596 1670 1660 haberem
1725 1595 1809 1659 ad
1863 1603 1930 1659 te
1984 1593 2237 1670 literas,
2294 1612 2457 1675 quas
2508 1595 2514 1678 1
2562 1594 2923 1672 conabitur,
2971 1593 3086 1658 ubi
3128 1614 3339 1675 neque
3384 1595 3526 1658 Deo
3566 1611 3804 1657 canere
3846 1594 4265 1675 permittitur,
4311 1614 4528 1676 neque

491 1704 628 1750 non
684 1683 880 1766 longo
949 1690 1103 1764 post
1172 1689 1469 1763 tempore
1535 1682 1864 1746 missurus
1928 1700 2137 1746 eram:
2211 1679 2457 1744 alterae
2508 1680 2889 1754 {sinceram
2955 1679 3108 1743 fidei
3177 1679 3651 1761 professionem
3694 1678 3914 1744 edere.
4008 1680 4100 1742 At
4154 1677 4212 1743 si
4264 1680 4525 1744 vocatio

491 1778 653 1836 tuae
698 1768 1207 1851 superveniunt,
1265 1766 1505 1849 quibus
1558 1766 1800 1830 iterum
1842 1766 2009 1830 mihi
2052 1785 2175 1848 pro
2220 1763 2456 1829 labori·
2508 1779 2513 1874 i
2563 1852 2598 1914 f
2715 1851 2728 1865 ⁹
2827 1843 2837 1852 Ὀ
3130 1853 3135 1862 ,
3785 1850 3797 1863 .

2508 1909 2514 1948 Ι
2592 1859 2789 1928 88111,
2849 1854 2996 1929 [pag.
3048 1855 3208 1929 119]
3263 1870 3460 1932 quam
3516 1858 3594 1913 ut
3645 1857 3998 1915 stationem
4055 1870 4245 1914 suam
4288 1859 4525 1933 sponte

492 1856 637 1932 bus,
683 1852 1080 1936 rogatu‘tuo
1118 1853 1460 1935 susceptis,
1505 1853 1649 1935 agis
1693 1853 1962 1940 gratias,
1996 1873 2071 1917 ac
2114 1849 2311 1916 simul
2345 1871 2457 1932 pe·

2565 1764 2955 1830 adstrictum
3015 1764 3389 1848 quempiam
3446 1765 3723 1841 tenebit,
3791 1764 4004 1830 (100188
4081 1768 4250 1828 111011
4310 1765 4524 1831 881188

492 1941 617 2017 118,
676 1949 751 2002 ut
795 1938 960 2002 duas
1016 1937 1105 2001 ibi
1150 1938 1567 2019 quaestiones
1619 1935 1997 2020 expediam,
2057 1958 2141 2001 ne
2187 1935 2344 2019 quid
2387 1937 2459 1999 in
2508 1953 2514 2008 1
2566 1935 2853 2014 deserat,
2926 1937 3050 2000 hoc
3106 1944 3237 2013 est,
3312 1937 3644 2017 praesenti
3703 1935 3994 2018 periculo
4052 1955 4185 2000 non
4243 1943 4524 2002 coactus.

499 2043 649 2089 meo
694 2043 1008 2106 responso
1044 2022 1465 2102 desideretur.
1537 2022 1732 2104 Quod
1776 2032 1844 2088 18
1886 2022 2264 2088 referendae
2309 2041 2458 2105 gra-

499 2112 631 2174 tiae
676 2111 787 2173 vix
812 2129 1036 2191 parem
1079 2129 1220 2174 8880
1243 2107 1599 2191 praedicas,
1649 2115 1782 2193 egos
1794 2129 1950 2173 vero
1993 2107 2155 2172 mihi
2200 2105 2459 2172 abunde

502 2194 778 2260 relatam
846 2216 987 2259 esse
1054 2195 1366 2272 arbitror,
1445 2215 1648 2277 quum
1718 2215 1936 2259 meum
2009 2193 2460 2277 qualecunque

503 2281 797 2346 studium
890 2281 1074 2344 vobis
1172 2282 1268 2344 ita
1360 2280 1622 2363 probari
1720 2280 1929 2346 audio.
2042 2279 2176 2346 8811
2267 2279 2460 2342 venio

471 2365 581 2456 ‚ad
639 2374 753 2430 tua
809 2374 1084 2450 rogata:
1151 2364 1438 2447 Quaeris
1493 2366 1708 2447 priore
1766 2365 1933 2444 1000,
1992 2386 2149 2430 88111
2206 2355 2460 2428 1101111111

501 2452 880 2529 christiane,
917 2453 1029 2533 qui
1066 2472 1136 2516 88
1182 2450 1265 2516 ab
1305 2451 1611 2516 omnibus
1654 2452 2199 2534 superstitionum
2243 2449 2463 2532 inqui-

501 2539 833 2602 namentis
889 2538 1203 2614 abstinet,
1263 2536 1456 2602 liceat
1493 2538 1776 2619 patriam
1821 2537 2221 2619 relinquere,
2264 2555 2461 2618 prop-

501 2630 686 2688 terea
727 2622 898 2705 quod
945 2622 1080 2688 illic
1125 2641 1461 2687 sacrorum
1507 2630 1954 2688 conventuum
2008 2622 2178 2686 bono
2221 2636 2464 2704 magna

393 2789 404 2798 .
504 2729 586 2773 ex
632 2716 821 2790 parte
867 2708 1183 2789 privetur.
1273 2708 1424 2771 Non
1447 2709 1727 2791 'quaeris
1774 2729 1860 2771 an
1904 2707 2002 2772 illi
2043 2709 2131 2771 sit
2173 2726 2460 2784 necesse,

502 2793 619 2858 sed
660 2813 746 2856 an
793 2792 1004 2857 liceat.
1063 2791 1202 2856 Illa
1236 2792 1619 2857 deliberatio
1663 2791 1857 2876 longe
1895 2791 2219 2860 difficilior
2263 2798 2460 2856 esset:

506 2879 672 2942 haec
731 2878 943 2960 magis
998 2877 1340 2958 expedita,
1398 2877 1590 2941 modo
1647 2898 1848 2941 unum
1907 2878 2208 2955 tollatur,
2265 2897 2350 2940 ne
2403 2876 2464 2939 is

504 2969 724 3044 certae
767 2962 1096 3026 vocationi
1119 2962 1207 3027 sit
1240 2961 1569 3046 alligatus,
1613 2983 1809 3045 quam
1846 2962 2145 3029 deserere
2185 2963 2287 3027 fas
2330 2982 2481 3050 non,

505 3049 610 3112 sit.
702 3047 1019 3127 Proinde,
1076 3068 1206 3130 quo
1260 3068 1366 3112 res
1419 3048 1507 3112 sit
1563 3046 1895 3130 liquidior:
1952 3050 2164 3132 primo
2221 3048 2463 3114 consti-

504 3139 770 3200 tuamus
829 3132 1003 3197 vitae
1057 3154 1296 3217 genus,
1355 3155 1396 3198 a
1448 3154 1575 3216 quo
1630 3134 1962 3199 discedere
2014 3136 2103 3200 sit
2159 3134 2458 3198 liberum.

507 3217 641 3300 Qui
701 3220 770 3282 in
817 3217 934 3282 tali
982 3218 1212 3284 ordine
1268 3220 1395 3285 erit
1453 3221 1881 3300 constitutus,
1942 3220 2001 3284 is
2057 3218 2220 3285 duas
2261 3218 2466 3284 habet

502 3306 711 3370 iustas
755 3323 984 3370 causas
1015 3326 1131 3370 cur
1174 3304 1485 3385 discedat,
1526 3306 1584 3371 si
1618 3305 1932 3371 voluerit:
1979 3312 2055 3370 ut
2095 3305 2462 3388 periculum

503 3397 898 3469 antevertat,
946 3399 1020 3454 ut
1062 3392 1133 3455 in
1170 3412 1319 3456 eum
1365 3392 1583 3456 locum
1627 3411 1700 3456 se
1745 3392 2052 3474 recipiat,
2108 3392 2220 3457 ubi
2254 3391 2465 3456 libera

505 3480 655 3556 [pag.
709 3480 858 3554 118]
918 3483 1479 3541 sacramentorum
1535 3477 2460 3556 communicatione'fruatur,

504 3573 572 3626 et
613 3562 683 3625 in
732 3561 992 3643 publico
1050 3564 1307 3644 piorum
1367 3570 1555 3628 coetu
1598 3561 1818 3627 Deum
1872 3564 2183 3629 invocare
2237 3563 2460 3645 possit.

504 3645 684 3712 Sunt
742 3646 922 3711 enim
976 3668 1082 3731 res
1132 3669 1375 3733 magno
1424 3648 1899 3727 aestimandae,
1969 3648 2255 3715 solennis
2309 3647 2463 3713 fidei

502 3732 838 3815 professiO,
883 3752 1218 3797 sacrorum
1268 3741 1714 3798 conventuum
1760 3755 1940 3812 usus,
1991 3755 2232 3817 purum
2279 3734 2462 3799 verbi

503 3826 571 3883 et
613 3825 1173 3884 sacramentorum
1208 3818 1667 3885 ministerium.
1738 3818 1879 3886 Nec
1922 3826 2301 3903 exspectare
2343 3840 2466 3884 nos

504 3904 687 3969 iubet
730 3902 947 3982 Deus,
1004 3904 1163 3967 dum
1220 3925 1533 3987 praesens
1576 3905 1776 3987 capiti
1830 3913 2054 3971 nostro
2097 3904 2462 3988 periculum

502 3989 877 4067 immineat,
925 3990 1053 4053 nisi
1094 3988 1353 4073 aliquod
1396 3990 1721 4073 peculiare
1761 3990 2105 4057 vinculum
2139 4012 2260 4057 nos
2305 3991 2464 4062 reti-

503 4082 688 4151 neat,
748 4083 814 4140 et
858 4075 1045 4158 quasi
1107 4074 1487 4159 praecludat
1531 4077 1802 4140 exitum.
1847 4157 1856 4166 ἱ
1895 4075 2172 4143 Summa
2213 4078 2326 4143 sit:
2382 4076 2462 4141 li-

505 4162 707 4226 citum
752 4181 895 4226 esse
925 4161 1175 4226 homini
1220 4160 1598 4240 christiane,
1644 4161 1756 4244 qui
1799 4162 1991 4228 modo
2029 4162 2271 4247 alioqui
2297 4163 2465 4230 liber

506 4246 594 4311 sit
634 4245 706 4310 in
748 4247 1067 4311 mutanda
1109 4248 1477 4326 vocatione,
1532 4248 1918 4330 praevenire
1960 4250 2313 4332 impiorum
2356 4268 2463 4312 ra·

503 4332 680 4397 biem
745 4340 813 4396 et
865 4333 1389 4415 tranquilliorem
1447 4341 1708 4416 portum
1761 4354 2102 4416 quaerere,
2158 4335 2270 4400 ubi
2322 4334 2464 4399 Do-

505 4418 687 4481 mino
732 4419 997 4484 serviat.
1089 4420 1350 4484 Relicta
1405 4427 1627 4485 autem
1680 4420 1927 4502 patria,
1988 4420 2345 4487 concedere
2388 4421 2461 4484 in

509 4520 660 4565 eum
683 4501 916 4582 locum,
933 4505 1046 4569 ubi
1069 4505 1268 4578 fidem
1297 4526 1488 4570 suam
1522 4526 1688 4588 pure
1711 4518 1778 4570 et
1805 4506 2053 4590 absque
2074 4507 2223 4572 fuco
2257 4507 2459 4588 profi-

505 4591 748 4664 teatur,
780 4608 914 4652 non
963 4589 1156 4656 modo
1191 4591 1447 4657 licitum
1492 4611 1653 4671 8888,
1705 4591 1820 4657 sed
1867 4594 2066 4658 etiam
2112 4591 2456 4657 laudabile.

504 4670 680 4770 Nam
705 4673 759 4735 si
781 4672 946 4737 haec
967 4677 1251 4759 suspiria
1271 4698 1354 4742 ex
1375 4678 1649 4761 spiritus
1672 4676 2027 4744 directione
2049 4699 2193 4745 8888
2224 4697 2458 4762 agnos-

509 4776 744 4823 clmus:
786 4755 1004 4836 Quam
1048 4760 1286 4828 dilecta
1321 4763 1745 4830 tabernacula
1778 4774 1897 4848 tua
1921 4761 2208 4830 Domine
2242 4764 2458 4829 virtu-

505 4843 684 4907 tum!
731 4841 938 4924 (Psal.
965 4849 1067 4921 84,
1106 4850 1197 4930 2.)
1236 4847 1441 4914 Item:
1487 4849 1832 4931 Quomodo
1869 4851 2280 4934 cantabimus
2302 4870 2456 4916 can-

505 4928 714 4993 ticum
737 4928 1009 4993 Domini
1031 4930 1100 4992 in
1129 4938 1308 4996 terra
1352 4934 1611 5000 aliena?
1657 4933 1865 5020 (Psal.
1920 4941 2054 5016 137,
2093 4936 2185 5020 4.)
2251 4936 2452 5001 Item:

506 5013 789 5095 Quando
811 5014 1074 5079 veniam
1105 5020 1173 5079 et
1200 5015 1460 5083 intrabo
1491 5020 1563 5083 in
1589 5022 2037 5087 sanctuarium
2059 5019 2190 5087 Dei
2211 5020 2453 5088 Iacob?

507 5101 710 5184 (Psal.
728 5105 831 5178 43,
849 5100 938 5174 4.)
966 5097 1099 5180 Qui
1125 5101 1361 5183 spiritu
1383 5104 1510 5168 Dei
1533 5106 1801 5187 regitur,
1823 5108 1882 5175 is
1911 5107 2141 5193 procul
2163 5108 2377 5187 dubio,
2401 5108 2477 5172 si'

501 5207 634 5271 qua
668 5187 753 5252 811
773 5184 1095 5251 evadendi
1130 5185 1426 5269 facultas,
1469 5187 1624 5252 inde
1653 5210 1849 5273 quam
1880 5193 2461 5277 primum,‚evolare

2566 2019 2966 2104 Quanquam
3026 2042 3110 2085 ne
3163 2020 3531 2104 periculum
3600 2019 3861 2102 quidem
3917 2040 4178 2104 semper
4232 2032 4523 2088 excusat.

2564 2105 2700 2171 Sed
2743 2106 2905 2172 illud
2949 2108 3340 2190 praevenire
3382 2106 3756 2171 voluntario
3801 2104 4123 2180 discessu,
4184 2127 4527 2191 nunquam

2565 2192 3005 2264 concederem,
3094 2193 3281 2256 Nihil
3326 2190 3481 2257 dum
3526 2202 3750 2284 18111811
3799 2192 3955 2258 111118
4009 2194 4175 2258 08111
4216 2194 4528 2258 constitui

2565 2280 2835 2361 poterit,
2892 2278 3024 2343 nisi
3078 2277 3472 2343 definiamus
3515 2278 3708 2362 quale
3763 2279 3850 2343 sit
3902 2278 4267 2344 vocationis
4319 2300 4528 2364 genus

2511 2357 2517 2376 ³
2565 2364 2736 2446 quod
2792 2365 3126 2430 hominem
3172 2363 3605 2429 christianum
3652 2362 4039 2429 adstrictum
4086 2369 4333 2429 teneat:
4394 2364 4529 2430 tale

2565 2470 2707 2515 esse
2749 2451 3034 2532 pastoris
3070 2451 3359 2516 officium
3404 2459 3593 2515 extra
3628 2449 4147 2516 controversiam
4194 2459 4312 2516 881.
4389 2449 4527 2533 Qui

2566 2535 2741 2600 enim
2799 2536 3112 2601 ecclesiae
3165 2537 3639 2620 gubernatione
3694 2543 3926 2619 sponte
3969 2533 4169 2614 cedit,
4226 2557 4363 2601 non
4400 2536 4529 2600 alio

2567 2621 2705 2686 loco
2767 2620 3110 2687 habendus
3177 2627 3304 2700 881,
3383 2641 3581 2704 quam
3646 2621 3922 2686 militiae
3987 2620 4299 2686 desertor.
4390 2618 4529 2687 Sed

2566 2707 2876 2794 quoniam
2920 2706 3105 2772 nulla
3145 2715 3246 2772 est
3286 2708 3648 2772 vocationis
3683 2707 3930 2790 species
3973 2713 4109 2772 tam
4154 2706 4380 2785 libera,
4421 2708 4530 2772 cui

2567 2813 2705 2857 non
2740 2812 3075 2858 annexum
3112 2793 3200 2857 sit
3220 2793 3558 2858 vinculum
3580 2791 3868 2876 aliquod:
3909 2791 4317 2876 distinguere
4347 2792 4529 2858 inter

2569 2877 2814 2961 gradus
2883 2880 3203 2960 convenit.
3295 2877 3692 2961 Quanquam
3752 2879 3819 2942 in
3879 2877 4184 2957 omnibus
4238 2876 4527 2942 tenenda

2569 2970 2672 3028 est
2713 2964 3062 3047 praecipue
3116 2964 3281 3029 haec
3333 2964 3591 3048 regula:
3651 2964 3807 3031 Ubi.
3841 2964 3911 3029 in
3968 2963 4330 3029 conditione
4371 2984 4524 3029 mu-

2568 3049 2772 3113 tanda
2833 3049 3019 3114 nulla
3085 3057 3183 3115 est
3253 3046 3517 3133 religio,
3560 3043 3865 3116 'liberum
3933 3070 4078 3115 esse
4143 3049 4521 3115 discessum.

2568 3133 2724 3200 8010
2767 3135 2927 3219 quid
2972 3134 3083 3201 hic
3126 3136 3318 3202 obiici
3359 3135 3589 3200 soleat:
3648 3136 3894 3200 nimiae
3949 3156 4092 3202 esse
4134 3134 4526 3214 timiditatis,

2565 3221 2795 3305 fugam
2836 3222 3214 3305 praecipere
3231 3273 3245 3298 ,
3272 3221 3323 3304 ¹)
3381 3229 3736 3305 antequam
3778 3221 3965 3287 nobis
4010 3221 4375 3287 molestiam
4428 3222 4530 3285 fa-

2567 3313 2828 3372 cessant
2881 3308 3093 3390 impii:
3153 3318 3220 3371 et
3273 3307 3711 3373 inhumanum
3768 3329 3940 3386 esse,
3996 3315 4349 3389 antequam
4390 3306 4531 3371 nlla

2564 3392 2780 3457 maior
2836 3393 2936 3457 vis
2994 3399 3213 3477 cogat,
3272 3413 3380 3478 eos
3437 3391 3790 3460 destitutos
3832 3393 4230 3476 relinquere,
4287 3393 4529 3476 quibus

2566 3480 2948 3560 profuturus
2993 3480 3083 3544 sis
3122 3478 3487 3558 manendO,
3544 3486 3611 3544 et
3654 3480 3821 3544 bene
3866 3479 4101 3564 agendi
4144 3475 4531 3544 facultatem

2569 3563 2757 3647 quasi
2810 3565 3141 3647 proiicerc.
3234 3563 3368 3630 Sed
3436 3572 3513 3629 ut
3560 3564 3797 3630 vitium
3849 3565 3918 3630 in
3974 3563 4331 3629 timiditate
4386 3585 4532 3630 8888

2569 3652 2913 3729 confitear,
2980 3671 3150 3735 nego
3206 3657 3429 3736 tamen
3488 3648 3884 3735 culpandum
3943 3655 4089 3716 e'sse
4142 3649 4529 3715 remedium.

2570 3734 2723 3815 Qua
2765 3736 3186 3819 responsione
3240 3736 3520 3800 alterum
3575 3737 3770 3802 etiam
3814 3735 3978 3801 illud
4023 3735 4349 3801 obiectum
4394 3734 4529 3801 801-

2567 3822 2776 3887 vitur:
2834 3822 3146 3905 prodesse
3190 3822 3369 3888 enim
3432 3823 3743 3888 fratribus
3799 3822 4076 3905 quisque
4120 3820 4347 3901 debet,
4407 3819 4529 3886 sed

2568 3925 2688 3992 pro
2740 3907 3052 3973 fflcultate
3109 3908 3232 3973 sibi
3289 3907 3459 3972 data.
3522 3907 3641 3972 'Et
3695 3911 3844 3987 [pag.
3895 3911 4046 3986 120]
4098 3907 4194 3973 sic
4248 3907 4527 3991 quisque

2568 3992 2890 4059 adducere
2934 3994 3095 4059 alios
3135 3992 3401 4058 studeat
3452 3992 3532 4058 ad
3577 3993 3971 4073 Dominum,
4024 4000 4104 4058 ut
4140 3992 4525 4059 formandae

2567 4078 2652 4144 ad
2702 4078 2832 4145 Dei
2908 4080 3258 4145 cultionem
3331 4080 3632 4162 propriae
3695 4080 3873 4144 vitae
3936 4078 4220 4161 primam
4282 4078 4519 4144 habeat

2567 4185 2812 4230 curam.
2904 4166 3035 4230 Hic
3088 4164 3368 4248 singulis
3406 4172 3664 4230 mature
3706 4164 4075 4229 vivendum
4122 4175 4255 4243 est,
4314 4184 4519 4247 quan-

2546 4259 2731 4329 ,tum,
2766 4252 2851 4317 ad
2905 4250 3326 4333 excipiendas
3384 4250 3919 4333 persequutiones
3964 4248 4218 4336 roboris
4261 4256 4328 4315 et
4363 4269 4519 4315 con-

2566 4339 2848 4403 stantiae
2904 4336 3193 4401 habituri
3237 4339 3401 4414 sint,
3459 4337 3517 4401 si
3546 4335 3828 4420 quando
3881 4337 3952 4399 in
4009 4356 4282 4401 arenam
4326 4335 4528 4400 tracti

2563 4424 2830 4489 fuerint.
2904 4422 3056 4487 Non
3100 4428 3257 4486 sunt
3290 4422 3551 4504 quidem
3596 4420 3908 4506 fingenda
3928 4427 4178 4487 temere
4212 4421 4525 4504 pericula,

2608 4529 2729 4574 uae
2782 4508 3011 4592 procul
3069 4507 3336 4587 absunt,
3407 4514 3523 4572 aut
3574 4516 3749 4574 certe
3799 4506 4097 4573 nondum
4150 4506 4525 4580 imminent.

2619 4594 2700 4660 ed
2755 4596 2869 4678 qui
2924 4592 3307 4677 quotidiana
3349 4594 3659 4660 saevitiae
3703 4592 4005 4677 exempla
4047 4590 4277 4657 vident
4332 4611 4527 4657 exer-

2564 4681 2698 4747 ceri
2760 4679 3074 4749 advorsus
3138 4677 3396 4759 fideles,
3467 4679 3853 4763 quibuscum
3920 4677 4205 4744 similem
4268 4677 4527 4744 habent

2564 4788 2859 4846 causam,
2916 4765 3157 4831 debent
3202 4781 3273 4830 se
3318 4764 3402 4831 ad
3445 4762 3936 4848 perferendum,
3996 4761 4316 4847 quidquid
4352 4764 4525 4829 acci·

2563 4851 2763 4931 derit,
2829 4853 2899 4918 in
2954 4859 3245 4935 tempore
3299 4871 3707 4934 comparare,
3764 4873 3848 4917 ne
3904 4850 4243 4938 inopinato
4300 4848 4528 4932 oppri-

2561 5143 2770 5210 ripere,
2807 5143 2954 5213 quod
2988 5144 3240 5210 deinceps
3273 5145 3333 5197 in
3366 5142 3758 5198 recentioribus
3794 5142 3958 5198 etiam
3993 5143 4245 5197 ocean-it.

2699 5074 2760 5137 1)
2788 5073 2879 5128 Sic
2913 5076 3111 5146 ἱερέων
3128 5076 3192 5128 in
3227 5075 3393 5130 libris
3409 5074 3829 5143 antiquioribus.
3884 5073 4041 5128 Besa
4074 5071 4325 5139 ecripeit:
4328 5086 4527 5194 1,sme-

2558 5211 2760 5278 oollica
2796 5229 2916 5266 cum
2952 5212 3053 5269 hoc
3085 5213 3353 5270 consentit
3383 5228 3549 5282 quum
3582 5212 3759 5266 dicat.-
3795 5212 4070 5281 anticipet.
4377 5154 4528 5194 m
