4967 5992
51 2417 108 2852 ·'‘³·.0:·⁴·‹.··.‘‚².,v:‘;»
51 2113 92 2192 εγ
51 1973 82 2054 *21³
53 1767 100 1914 ”sn
53 1621 104 1714 ‘J‘
53 1515 88 1572 :-
55 1389 104 1440 ..f

109 2817 110 2822 Α
99 2691 110 2702 a
97 2599 120 2606 4⁴
95 2543 102 2546 “
93 2459 114 2498 ,ν’
101 2339 106 2344 ·
109 2234 116 2242 ,
111 1223 118 1230 -

47 2855 106 2920 :L

49 3131 70 3228 ἒ

49 3235 124 3268 hs.

49 3267 98 3316 6,-
129 3295 140 3306 .

49 3321 120 3348 W.

49 3349 144 3450 512·-

49 3433 124 3482 *Fu*

49 3477 126 3520 m

547 325 673 387 359
1853 313 2381 384 REsPeNslo
2426 313 2805 382 CONTRA
2844 315 3263 385 Plemtm
3506 391 3513 400 ‚
4442 319 4563 384 360

547 508 973 592 compellant,
1033 505 1285 572 homini
1343 504 1506 571 illud
1561 507 1827 572 subesse
1891 505 2298 590 significant,
2354 526 2508 570 cum

547 595 678 660 illis
733 594 944 659 altera
1001 612 1082 657 ex
1137 599 1328 675 parte
1372 592 1538 656 aliae
1592 592 2050 664 conferuntur,
2111 609 2278 673 quae
2335 590 2510 654 dona

550 679 681 744 Dei
725 700 868 744 esse
910 678 1284 753 ostendunt,
1340 697 1764 760 quaeeunque
1816 697 1855 740 a
1897 674 2084 741 nobis
2129 678 2504 760 exiguntur.

549 764 694 829 Iam
739 785 869 847 qua
920 764 1105 847 potui
1163 765 1412 847 optima
1463 763 1593 828 fide
1648 763 1955 844 exposui,
2012 759 2169 844 quid
2214 768 2353 827 tota
2393 761 2510 825 illa

551 851 954 934 comparatio
998 850 1118 915 sibi
1170 849 1355 914 velit:
1413 849 1536 913 hec
1578 860 1712 925 est,
1768 857 1837 912 et
1878 868 2191 930 quorsum
2236 854 2507 929 spectet,

550 949 619 1001 et
660 934 816 1020 quid
862 936 1209 1001 contineat.
1278 935 1556 1000 Duobus
1601 944 1821 999 autem
1858 933 2173 999 membris
2217 939 2506 999 constat:

554 1033 788 1104 sponte
842 1040 1111 1104 peceare
1166 1018 1497 1098 homines,
1541 1040 1746 1101 quum
1788 1026 2088 1102 peceant,
2137 1027 2205 1083 et
2246 1018 2509 1101 proprio

554 1107 914 1173 voluntatis
956 1117 1165 1170 motu:
1223 1105 1497 1188 ideoque
1550 1106 1798 1170 frustra
1846 1105 1973 1169 alie
2032 1103 2329 1170 derivare
2372 1103 2510 1169 cul-

552 1213 724 1276 pam.
816 1190 1039 1272 Quum
1086 1198 1306 1257 autem
1353 1191 1481 1255 Dei
1525 1191 1761 1273 spiritu
1807 1189 1890 1253 ad
1931 1190 2173 1255 bonum
2214 1187 2509 1272 dirigun-

550 1288 681 1355 tur,
729 1298 861 1342 nen
910 1278 1005 1343 sie
1046 1276 1310 1344 excludi
1352 1297 1576 1342 eorum
1622 1276 2056 1341 voluntatem:
2104 1295 2308 1356 quum
2348 1275 2511 1340 haee

523 1365 700 1447 ..ipsa
743 1365 832 1428 sit
875 1363 1119 1446 gratia,
1179 1382 1407 1426 eorum
1449 1361 1859 1426 veluntatem
1916 1360 1998 1424 ad
2043 1359 2399 1425 amandum
2445 1369 2513 1424 et

556 1447 996 1532 appetendum
1044 1449 1289 1512 bonum
1334 1447 1670 1511 inclinare.
1745 1446 1956 1511 Porro
1999 1447 2109 1510 ubi
2153 1444 2509 1524 hominem,

552 1543 699 1599 tum
743 1535 816 1598 in
859 1532 1079 1612 bonis,
1127 1547 1267 1597 tum
1321 1533 1389 1596 in
1437 1532 1630 1596 malis
1673 1532 2007 1616 operibus,
2067 1531 2509 1597 voluntarium

554 1640 697 1685 esse
734 1619 1161 1683 monstravit:
1199 1626 1427 1701 postea
1467 1617 1549 1682 de
1584 1617 1920 1683 voluntate
1955 1619 2115 1700 ipsa,
2153 1616 2364 1699 qualis
2404 1616 2509 1695 sit,

557 1717 624 1770 et
688 1704 845 1787 quid
910 1725 1028 1786 per
1084 1725 1156 1768 se
1205 1704 1451 1781 valeat,
1509 1703 1718 1767 simul
1752 1702 1832 1766 de
1900 1703 2187 1768 efficacia
2241 1703 2509 1787 gratiae,

561 1790 896 1872 disputare
951 1789 1207 1873 incipit,
1234 1790 1284 1872 ¹)
1353 1798 1421 1853 et
1473 1789 1879 1853 voluntatem
1945 1786 2208 1871 quidem
2275 1796 2514 1852 natura

559 1895 822 1959 semper
885 1873 1127 1939 malam
1192 1895 1363 1951 esse,
1430 1882 1506 1938 ut
1569 1874 1736 1938 nihil
1788 1895 1981 1956 quam
2041 1875 2167 1939 Dei
2221 1873 2515 1938 iustitiae

561 1960 984 2043 pertinaciter
1026 1961 1326 2025 resistere
1364 1969 1588 2043 queat:
1636 1958 1775 2025 sola
1818 1960 2034 2044 gratia
2067 1958 2302 2024 bonam
2338 1959 2512 2023 fieri:

562 2057 631 2110 61
669 2047 763 2109 116
805 2046 964 2124 fieri,
1012 2054 1089 2110 ut
1131 2054 1289 2111 tunc
1330 2045 1676 2122 iustitiam,
1723 2067 1763 2110 a
1807 2066 1936 2127 qua
1978 2045 2159 2127 prius
2204 2044 2514 2110 abhorre-

558 2132 690 2208 bat,
737 2132 1104 2196 necessarie
1149 2131 1380 2214 diligat
1423 2142 1490 2195 et
1533 2139 1861 2214 sequatur.
1953 2128 2130 2211 Quid
2176 2129 2335 2195 nos?
2403 2131 2513 2194 An

559 2217 964 2281 voluntatem
1010 2216 1421 2281 excludimus
1473 2218 1724 2300 gratiae
1768 2216 2295 2299 praedicatione?
2359 2214 2514 2280 Alio

559 2303 764 2386 igitur
803 2302 1015 2378 661616
1072 2324 1141 2367 66
1186 2304 1428 2369 vestiat
1469 2302 1751 2386 Pighius
1796 2309 2081 2384 oportet,
2126 2302 2181 2366 si
2226 2301 2334 2367 vel
2375 2321 2514 2364 me-

560 2386 883 2453 diocribus
938 2388 1224 2471 ingeniis
1279 2389 1616 2470 imponere
1670 2386 1852 2452 velit.
1941 2387 2293 2451 Neminem
2339 2387 2513 2451 enim

557 2475 788 2557 fugere
841 2483 1084 2555 potest,
1154 2494 1350 2555 quam
1420 2480 1860 2556 congruenter
1902 2473 2355 2556 Augustinus,
2423 2473 2518 2536 sic

557 2556 916 2637 scribende,
963 2558 1301 2623 nobiseum
1344 2566 1411 2622 et
1454 2559 1700 2623 sentiat
1741 2563 1808 2622 et
1851 2557 2175 2640 loquatur.

731 2642 868 2709 Sed
909 2645 1042 2708 iam
1085 2652 1347 2725 tempus
1382 2650 1502 2719 est,
1547 2650 1626 2707 ut
1660 2650 2110 2708 sacrosanctae
2144 2642 2368 2726 Pighii
2404 2641 2516 2706 de-

557 2729 846 2795 finitioni
900 2727 1093 2794 detur
1144 2727 1350 2793 locus:
1411 2737 1486 2792 ut
1525 2727 1681 2792 inde
1724 2727 1959 2792 melius
2002 2734 2342 2811 appareat,
2388 2748 2517 2810 quo

558 2816 703 2879 iure
759 2814 1140 2877 universam
1209 2817 1357 2891 [pag.
1409 2819 1556 2894 176]
1631 2813 1969 2878 6661661616
2046 2814 2390 2880 nobiseum
2446 2814 2517 2877 in

559 2907 895 2963 certamen
938 2899 1319 2976 committat,
1367 2907 1443 2962 ut
1476 2898 1616 2964 eius
1651 2896 1886 2963 deinde
1919 2898 2355 2982 patrocinium
2392 2899 2518 2964 sibi

559 2990 855 3065 usurpet.
943 2985 1320 3065 Antequam
1365 3004 1523 3050 vere
1567 2984 1647 3050 de
1692 3005 1765 3050 re
1817 2983 1964 3066 ipsa
2007 3003 2273 3050 sensum
2319 3006 2515 3050 suum

559 3069 866 3152 proferat,
914 3070 1066 3151 quia
1107 3069 1179 3132 in
1224 3068 1349 3135 hac
1394 3070 1780 3152 quaestione
1823 3069 1904 3134 de
1957 3072 2170 3155 gratia
2223 3071 2353 3135 Dei
2398 3090 2517 3153 po·

559 3154 889 3219 tissimum
934 3154 1172 3238 agitur,
1218 3153 1514 3220 diversas
1556 3155 1754 3221 huius
1787 3156 1969 3222 vocis
2004 3157 2516 3241 significationes

562 3249 935 3306 enumerat:
997 3261 1206 3323 neque
1265 3249 1486 3306 tamen
1554 3240 1733 3305 aliud
1801 3242 2021 3318 affert,
2079 3242 2208 3308 nisi
2253 3241 2426 3324 quod
2476 3264 2518 3306 a

562 3327 807 3390 nostris
862 3325 1214 3409 diligenter
1270 3325 1689 3391 observatum
1756 3335 1824 3391 et
1886 3327 2204 3393 traditum
2259 3327 2514 3411 pridem

560 3409 717 3476 fuit:
776 3412 1037 3477 tametsi
1093 3411 1446 3496 pessimam
1511 3413 1791 3496 gratiam
1859 3434 2012 3478 mox
2080 3414 2336 3478 referat.
2424 3413 2519 3478 Et

560 3509 783 3561 tamen
855 3505 927 3561 ut
992 3496 1246 3575 videas,
1308 3519 1506 3580 quam
1555 3500 1807 3581 peritus
1873 3499 1959 3563 sit
2012 3498 2391 3583 theologus,
2459 3499 2518 3563 si

562 3580 720 3664 quid
779 3582 858 3647 de
915 3603 1033 3646 suo
1078 3583 1224 3647 vult
1281 3585 1611 3666 ingerere,
1668 3604 1835 3666 (11166
1896 3584 2058 3649 61166
2115 3584 2283 3649 11666
2342 3583 2519 3650 (11616

562 3669 854 3740 fuerant,
913 3668 1051 3733 suis
1102 3669 1409 3733 farcturis
1453 3671 1813 3751 corrumpit
1857 3679 2052 3752 atque
2093 3672 2516 3736 contaminat.

561 3751 731 3816 Inde
775 3750 858 3817 ad
901 3751 1378 3832 declarandam,
1423 3774 1590 3836 quae
1633 3775 1719 3819 61
1760 3756 1954 3837 primi
1999 3755 2283 3820 hominis
2324 3754 2518 3837 lapsu

565 3839 786 3916 fluxit,
834 3847 1110 3903 naturae
1155 3840 1639 3922 corruptionem
1683 3841 1950 3905 transit:
2011 3850 2085 3906 ut
2124 3839 2354 3923 procul
2399 3839 2519 3905 du-

562 3925 669 3990 bie
712 3925 782 3988 in
817 3925 960 3988 eius
995 3926 1366 4007 cognitione
1402 3926 1604 3990 tetius
1640 3924 2105 4007 disputationis
2137 3925 2333 3991 cardo
2369 3948 2517 3991 ver-

563 4012 744 4075 titur.
838 4008 1235 4091 Quanquam
1279 4011 1515 4086 miror,
1562 4009 1720 4093 quid
1766 4033 1943 4077 nunc
1988 4013 2049 4077 ei
2099 4012 2170 4076 in
2227 4018 2518 4076 mentem

563 4096 836 4174 venerit,
882 4103 959 4160 ut
1001 4096 1125 4161 hoe
1167 4093 1435 4160 exordio
1492 4103 1820 4173 uteretur,
1876 4118 2076 4179 quum
2114 4097 2269 4162 alibi
2312 4098 2516 4180 serip-

565 4183 742 4256 serit,
782 4181 944 4245 nibil
982 4202 1126 4246 6666
1162 4183 1373 4264 magis
1397 4202 1436 4244 a
1461 4183 1717 4246 ratione
1742 4179 2252 4248 dissentaneum.
2298 4181 2516 4262 Clara,

565 4268 808 4350 inquit,
867 4275 996 4344 est,
1053 4275 1122 4330 et
1176 4267 1422 4331 nemini
1482 4267 1816 4349 incognita
1859 4267 1939 4332 de
1995 4269 2201 4334 libero
2246 4269 2517 4334 arbitrio

565 4353 876 4418 ecelesiae
933 4351 1241 4417 definitio.
1345 4353 1451 4417 De
1508 4351 1812 4435 originali
1866 4362 2154 4436 peceato,
2214 4353 2516 4432 difficilis,

567 4437 840 4502 obseura
889 4447 954 4502 et
1006 4438 1319 4520 perplexa
1385 4459 1644 4520 semper
1707 4439 1833 4503 fuit
1887 4441 2197 4521 quaestio,
2297 4438 2514 4520 Quam

569 4543 725 4605 ergo
782 4521 1133 4588 absurdum
1194 4533 1321 4602 661,
1378 4545 1518 4588 rem
1576 4545 1696 4607 per
1747 4545 1818 4589 se
1862 4523 2231 4607 expeditam
2289 4546 2519 4608 super-

567 4626 774 4671 vacua
829 4606 1211 4673 difficultate
1263 4609 1640 4675 involvere?
1731 4609 1880 4677 Hoc
1932 4610 2194 4694 quidem
2244 4610 2518 4688 dicebat,

568 4704 645 4756 111
701 4712 739 4755 6
803 4691 942 4756 1666
1006 4694 1126 4757 sibi
1192 4715 1423 4776 parum
1480 4694 1817 4761 commodo
1872 4696 2272 4763 deflecteret:
2340 4718 2520 4761 nunc

568 4791 785 4843 autem
834 4778 1104 4843 rationis
1150 4782 1440 4861 potentia
1485 4782 1729 4860 vietus,
1777 4782 1932 4847 facit
1975 4780 2144 4866 quod
2192 4783 2520 4864 improba·

567 4873 770 4928 verat.
861 4864 953 4928 Et
1007 4883 1166 4928 6666
1207 4866 1445 4930 nimiae
1488 4865 1557 4929 id
1612 4867 1949 4934 socordiae
1992 4880 2059 4934 et
2112 4867 2522 4950 stupiditatis

565 4950 812 5028 fuerat,
861 4949 1030 5013 velle
1070 4970 1110 5013 a
1157 4952 1484 5032 praesenti
1542 4954 1922 5034 quaestione
1967 4975 2346 5036 expungere
2391 4954 2521 5017 eri-

568 5033 784 5116 ginale
839 5043 1210 5117 peccatum:
1269 5057 1350 5100 ex
1396 5058 1523 5119 quo
1576 5037 1926 5121 praecipua
1980 5060 2134 5121 pars
2178 5033 2520 5120 dependet.

581 5155 742 5162 *-

708 5222 764 5282 1)
803 5222 929 5291 Cap.
970 5221 1052 5276 15.

2609 504 2847 587 Longo
2900 504 3149 569 scilieet
3202 503 3538 571 volumine
3582 502 3932 569 contendet
3971 503 4288 588 Pighius,
4348 505 4563 570 Deum

2610 588 2864 653 homini
2919 588 3197 654 liberum
3253 589 3598 655 arbitrium
3655 588 4029 655 contulisse.
4121 588 4301 671 Quid
4344 591 4571 673 inepte

2609 673 2830 740 labere
2875 696 2945 740 se
2989 674 3323 741 macerat?
3390 675 3621 757 Neque
3661 676 3839 740 enim
3883 674 4059 740 aliud
4109 675 4378 741 tandem
4416 695 4567 742 eon-

2610 767 2936 843 sequetur,
2980 760 3094 825 ubi
3139 761 3250 825 (116
3293 760 3578 825 multum
3627 782 3707 826 ue
3751 760 4110 841 sudaverit,
4158 763 4288 828 nisi
4330 771 4411 827 ut
4452 783 4569 827 an-

2611 866 2892 910 nuamus
2935 867 3172 912 verum
3228 866 3404 925 esse,
3457 867 3586 929 quo
3687 867 3945 929 semper
3986 847 4265 932 professi
4308 868 4566 914 sumus:

2613 939 2682 995 et
2723 932 2892 1013 qued
2938 932 3106 996 forte
3149 953 3278 996 non
3339 933 3435 996 ita
3479 932 3721 997 diserte
3765 931 3977 1014 eloqui
4021 941 4270 1016 posset,
4328 933 4458 998 nisi
4502 934 4568 998 in

2612 1016 2836 1081 schola
2890 1026 3114 1082 nestra
3168 1018 3565 1101 prefecisset.
3667 1018 3861 1083 Nune
3906 1020 4258 1084 asserimus
4276 1070 4290 1097 ,
4339 1019 4571 1084 huma-

2612 1123 2773 1166 num
2819 1122 3029 1186 genus
3074 1104 3331 1185 perdita
3372 1102 3515 1180 illa,
3576 1124 3772 1185 quam
3817 1105 3886 1168 in
3932 1106 4261 1169 creatione
4306 1125 4456 1170 acce
4503 1125 4568 1169 e-

2614 1195 2735 1264 rat,
2779 1188 3099 1266 libertate,
3146 1190 3217 1252 in
3260 1190 3571 1253 miseram
3606 1190 3992 1254 servitutem
4032 1189 4367 1256 decidisse.
4494 1209 4567 1256 oc

2613 1273 2896 1356 Pighius
2941 1273 3253 1339 coneedit.
3342 1273 3426 1337 In
3470 1274 3596 1339 hec
3640 1275 3978 1340 servitutis
4013 1283 4193 1341 statu
4239 1277 4565 1341 hominem

2614 1379 2934 1442 negamus
2993 1359 3198 1425 libera
3251 1358 3537 1443 eligendi
3598 1369 3732 1425 tam
3789 1360 3972 1436 boni,
4031 1381 4226 1443 quam
4272 1361 4433 1425 mali
4476 1362 4566 1426 fa-

2613 1444 2862 1509 cultate
2901 1464 3045 1510 esse
3086 1443 3489 1527 praeditum,
3550 1455 3628 1509 ut
3670 1445 3755 1510 ad
3798 1451 3944 1524 [pag.
3996 1451 4141 1525 177]
4184 1446 4566 1512 utrumlibet

2613 1529 3102 1596 accommodare
3143 1551 3213 1596 66
3258 1541 3470 1614 queat.
3561 1530 3707 1597 Sub
3748 1532 3997 1615 peccati
4050 1531 4375 1615 siquidem
4416 1533 4565 1616 iugc

2614 1616 2831 1682 teneri
2883 1616 3212 1693 vinctum,
3272 1627 3348 1681 ut
3400 1616 3482 1680 ad
3527 1616 3658 1682 Dei
3713 1617 3997 1701 gratiam
4055 1619 4346 1700 aspirare
4391 1617 4564 1682 nulle

2615 1700 2808 1765 medo
2864 1702 3097 1785 pessit,
3152 1700 3354 1766 denec
3422 1701 3673 1767 Christi
3738 1703 3956 1786 gratia
4012 1703 4345 1768 liberetur.
4443 1703 4566 1769 Hie

2616 1786 2830 1851 nodus
2869 1795 2988 1864 est,
3033 1787 3103 1851 in
3148 1808 3277 1869 (166
3321 1788 3599 1871 Pighius
3644 1788 3923 1854 resistit:
3969 1797 4036 1853 et
4078 1797 4298 1854 tamen
4344 1789 4416 1852 in
4459 1810 4570 1853 ex-

2617 1871 2927 1937 cutienda
2982 1875 3426 1938 controversia
3492 1873 3697 1938 ullam
3764 1874 3904 1938 eius
3966 1876 4369 1940 mentionem
4434 1875 4570 1940 fieri

2619 1965 2825 2024 vetat:
2882 1956 2998 2023 sed
3043 1979 3246 2037 nune,
3305 1967 3383 2023 ut
3425 1959 3593 2038 dixi,
3651 1960 3944 2026 veritatis
3987 1960 4054 2024 vi
4098 1959 4449 2043 impulsus,
4505 1961 4565 2024 in

2619 2066 2765 2110 eum
2814 2043 3031 2109 locum
3076 2044 3415 2128 ingressus
3439 2053 3559 2124 est,
3607 2066 3799 2127 quem
3828 2053 4167 2127 tantopere
4189 2045 4566 2130 refugiebat.

2790 2129 3001 2194 Porro
3047 2150 3131 2193 ne
3176 2130 3243 2194 in
3291 2130 3708 2196 revolvendis
3761 2132 3903 2195 eius
3941 2130 4215 2196 somniis
4259 2131 4572 2214 prolixior

2620 2217 2764 2292 sim,
2812 2215 3026 2297 capita
3058 2222 3319 2280 tantum
3351 2216 3495 2299 ipsa
3538 2237 3756 2281 rerum
3792 2217 4085 2281 breviter
4117 2217 4372 2282 notabo,
4441 2217 4570 2281 Im-

2618 2302 2801 2384 pium
2856 2320 2998 2365 esse
3066 2308 3259 2383 atque
3326 2302 3631 2366 insanum
3686 2310 4127 2367 commentum
4185 2313 4411 2368 censet
4462 2303 4570 2368 Pi·

2621 2386 2834 2471 ghius,
2880 2383 3053 2468 quod
3090 2396 3391 2451 naturam
3437 2386 3758 2453 tradimus
3792 2387 3887 2451 sic
3924 2388 4220 2452 vitiatam
4247 2409 4394 2453 esse
4427 2409 4571 2471 pec-

2622 2482 2766 2538 cato
2823 2471 3125 2554 originiS,
3179 2477 3255 2535 ut
3308 2471 3473 2535 nihil
3532 2473 3814 2555 amplius
3914 2474 4075 2537 essit
4127 2471 4327 2537 hemo
4383 2494 4570 2556 quam

2620 2577 2908 2641 peceare.
2965 2556 3198 2638 Neque
3242 2558 3416 2622 enim
3453 2558 3738 2623 ablatam
3778 2493 3964 2623 nobis
4007 2558 4212 2623 fuisse
4249 2570 4571 2636 naturam,

2623 2640 2734 2708 sed
2794 2642 3035 2707 donum
3097 2650 3357 2708 tantum
3423 2642 3953 2725 supernaturale,
4010 2643 4182 2725 quod
4236 2645 4573 2710 meliorem

2620 2729 3202 2812 perfectioremque
3227 2725 3542 2794 reddebat
3553 2735 3879 2807 naturam,
3905 2749 4103 2813 quam
4125 2729 4198 2793 in
4226 2749 4298 2794 se
4325 2731 4570 2795 fuisset.

2622 2813 2957 2879 Haeccine
3024 2821 3127 2877 est
3179 2834 3405 2892 causa,
3475 2835 3591 2880 cur
3644 2814 4098 2898 Augustinum
4152 2817 4343 2879 toties
4388 2816 4573 2881 nobis

2622 2900 2954 2982 eripuerit,
2999 2906 3076 2963 ut
3118 2919 3276 2965 suae
3320 2901 3641 2981 opinionis
3685 2907 3919 2966 testem
3961 2908 4441 2985 patronumque
4480 2902 4573 2966 fa·

2623 2984 2847 3051 ceret?
2938 2983 3200 3049 Clamat
3240 2986 3676 3068 Augustinus,
3719 2987 3794 3050 in
3838 2985 3962 3051 hoe
4008 2997 4400 3070 argumento
4444 3008 4573 3051 nen

2622 3078 2945 3146 naturam,
2993 3070 3207 3153 qualis
3247 3090 3288 3133 a
3321 3069 3466 3136 Dee
3508 3080 3727 3136 ereata
3770 3071 3909 3149 fuit,
3956 3070 4072 3136 sed
4110 3079 4394 3137 naturae
4438 3093 4574 3138 eor-

2623 3163 2855 3239 ruptae
2908 3155 3409 3238 perversitatem
3465 3155 3941 3239 inspiciendam
4000 3176 4169 3222 esse:
4243 3179 4457 3240 neque
4510 3155 4573 3221 id

2622 3262 2755 3307 une
2799 3240 2958 3316 lece,
3005 3240 3119 3306 sed
3164 3249 3341 3306 totus
3383 3242 3453 3306 in
3498 3241 3622 3308 hec
3666 3241 3903 3325 ubique
3938 3252 4054 3307 est.
4116 3243 4369 3308 Contra
4406 3244 4571 3308 exis-

2622 3329 2816 3393 timat
2864 3326 3177 3410 Pighius,
3234 3326 3399 3390 nihil
3455 3328 3655 3392 fuisse
3709 3326 3790 3392 de
3857 3336 4094 3392 natura
4151 3327 4572 3394 diminutum:

2623 3421 2692 3479 et
2726 3419 2949 3477 tamen
2987 3412 3346 3496 Augustini
3380 3414 3631 3478 interea
3665 3413 4039 3478 testimonio
4072 3434 4143 3478 se
4174 3423 4418 3479 tuetur.
4486 3417 4575 3479 At

2622 3521 2754 3564 non
2798 3497 3168 3563 dissimulat
3209 3498 3394 3576 alibi,
3452 3498 3575 3564 hae
3619 3499 3689 3562 in
3731 3506 3922 3580 parte
3966 3519 4037 3563 se
4078 3498 4160 3564 ab
4205 3518 4284 3562 eo
4329 3498 4574 3566 dissen-

2623 3587 2765 3649 tire.
2857 3582 2991 3649 Sed
3032 3604 3235 3666 quum
3280 3584 3370 3648 sit
3412 3583 3536 3649 hoe
3577 3605 3940 3659 summum,
3988 3598 4057 3649 61
4107 3585 4386 3649 maximi
4442 3606 4574 3650 mo·

2621 3670 2832 3735 menti
2873 3670 2946 3732 in
2990 3677 3126 3733 teta
3167 3671 3613 3735 controversia
3658 3678 3873 3752 eaput,
3917 3670 3988 3734 in
4034 3689 4162 3752 (166
4205 3690 4291 3734 61
4336 3670 4574 3736 (116166-

2625 3767 2726 3820 tre
2769 3753 3108 3833 dissident,
3153 3755 3308 3837 quid
3334 3765 3644 3838 tanquam
3680 3756 3877 3837 plena
3909 3756 4333 3821 consensione
4357 3765 4575 3840 postea

2623 3840 2987 3926 gloriatur?
3079 3837 3287 3917 Adde,
3333 3840 3506 3922 quod
3549 3841 3775 3906 nullus
3818 3861 4003 3906 error
4045 3849 4163 3920 est,
4203 3861 4402 3922 quem
4438 3862 4575 3906 mae

2624 3928 2724 4012 gis
2769 3932 2885 3991 aut
2939 3926 3153 3991 aerius
3207 3927 3276 3989 in
3319 3925 3701 4011 Pelagianis
3741 3927 4161 4011 Augustinus
4214 3928 4575 4011 impugnet,

2623 4032 2820 4096 quam
2874 4009 3048 4093 quod
3114 4019 3392 4077 naturae
3447 4012 3896 4095 integritatem
3955 4012 4309 4077 iactarent:
4375 4033 4573 4095 quum

2622 4099 2764 4179 ipse
2808 4097 3251 4170 vulneratam,
3307 4106 3708 4180 corruptam,
3756 4098 4073 4180 perditam
4121 4118 4265 4164 esse
4310 4107 4577 4164 eonten-

2623 4182 2823 4248 deret.
2916 4180 3250 4262 Quorsum
3325 4202 3483 4267 ergo
3546 4182 3942 4266 Pelagianos
4010 4180 4171 4247 adeo
4251 4183 4577 4250 exsecrari

2622 4269 2927 4353 pertinet,
2972 4289 3173 4349 quum
3218 4270 3430 4351 primo
3465 4287 3693 4332 eorum
3737 4268 4047 4333 axiomati
4093 4290 4336 4334 nemen
4386 4289 4577 4335 suum

2622 4354 2840 4440 palam
2886 4353 3246 4419 inscribat?
3337 4353 3742 4433 Mortalitas,
3810 4355 4052 4436 inquit,
4123 4363 4193 4418 et
4249 4354 4579 4436 corruptio

2620 4463 2704 4505 ex
2747 4438 3116 4504 conditione
3161 4447 3278 4518 est,
3322 4460 3455 4504 nen
3502 4440 3660 4503 vitio
3701 4447 3999 4504 naturae.
4068 4438 4265 4505 Unde
4304 4438 4578 4523 probat?

2624 4525 2951 4607 Quoniam
3010 4545 3246 4607 corpus
3300 4545 3383 4590 ex
3439 4526 3605 4603 suis,
3672 4525 3910 4607 quibus
3971 4526 4404 4607 compositum
4458 4533 4579 4602 est,

2623 4610 2991 4694 principiis,
3053 4618 3121 4674 et
3174 4610 3658 4692 compositionis
3704 4610 3956 4675 ratione
3998 4611 4095 4675 ita
4141 4609 4395 4676 babeat.
4486 4610 4581 4674 At

2626 4696 2854 4763 eodem
2899 4703 3289 4780 argumento
3324 4695 3756 4773 evinceretur,
3801 4701 3948 4775 [pag.
3993 4700 4139 4774 178]
4180 4704 4329 4778 11661
4358 4717 4581 4762 resur·

2626 4783 2986 4848 rectionem
3032 4801 3287 4864 quoque
3328 4781 3688 4846 mortifere
3716 4782 4098 4847 obnoxium:
4146 4792 4215 4846 et
4235 4801 4414 4846 nunc
4436 4782 4583 4847 ani·

2626 4888 2804 4932 mam
2859 4888 3002 4933 esse
3056 4867 3418 4932 mortalem.
3508 4868 3612 4932 Ex
3658 4887 3788 4949 que
3840 4868 4016 4932 enim
4067 4866 4394 4949 principie
4436 4875 4585 4933 orta

2629 4963 2757 5031 est,
2815 4954 2941 5018 nisi
2996 4974 3080 5017 61
3134 4952 3387 5018 nihilo?
3478 4951 3802 5035 Equidem
3848 4954 3903 5017 si
3948 4952 4161 5030 illam,
4217 4974 4415 5035 quam
4462 4953 4583 5018 he-

2629 5040 2793 5103 mini
2852 5040 2934 5103 ab
2972 5038 3165 5101 initio
3210 5039 3393 5102 Deus
3435 5038 3834 5114 contulerat,
3890 5038 4390 5122 perfectionem,
4444 5059 4583 5104 nen

2629 5125 2721 5189 ita
2764 5123 3097 5188 exstitisse
3149 5124 3220 5187 in
3263 5133 3503 5188 natura
3544 5123 3820 5198 diceret,
3873 5132 3949 5188 ut
3990 5144 4108 5207 per
4150 5144 4223 5188 se
4266 5133 4336 5188 et
4378 5145 4459 5189 ex
4505 5145 4583 5190 se

2627 5209 2813 5273 illam
2868 5207 3172 5287 haberet,
3227 5207 3508 5274 libenter
3560 5211 3629 5274 in
3675 5210 3820 5274 eius
3870 5213 4267 5274 sententiam
4310 5208 4584 5277 deseen-
