4967 5992
548 330 672 394 637
715 348 722 355 ·

545 516 672 581 tim
694 515 914 584 dicata
936 524 1146 581 erant.
1206 513 1417 597 Quasi
1450 537 1606 584 vero
1641 516 1892 583 mortui
1912 517 2025 600 qui
2048 537 2088 581 a
2108 518 2385 602 papistis
2405 517 2510 583 in-

545 610 889 691 vocantur,
913 610 982 667 et
1001 600 1239 684 quibus
1259 602 1652 677 nominatim
1674 601 1899 669 dicant
1918 623 2073 669 suas
2091 603 2349 683 missas,
2372 623 2510 668 non

545 688 683 757 sint
724 688 925 754 etiam
967 686 1246 752 Baalim.
1316 685 1712 771 Quanquam
1753 688 1942 754 litem
1986 686 2068 754 de
2100 687 2225 756 hac
2258 710 2331 754 re
2374 709 2509 754 non

543 793 797 841 moveo.
887 770 1227 857 sacrificia
1336 792 1462 840 uae
1526 776 1599 839 in
1660 773 1907 840 Bethel
1975 774 2250 855 fiebant,
2318 774 2510 841 cuius

543 879 790 925 nomen
844 858 1303 942 praeferebant
1432 865 1543 925 An
1597 865 1819 925 autem
1885 858 2034 925 ideo
2086 859 2311 927 minus
2364 866 2510 925 erat

542 943 1028 1028 inquinamenti
1083 944 1158 1007 in
1207 943 1471 1010 illorum
1521 944 2149 1012 communicatione?
2239 944 2316 1012 Si
2361 946 2510 1028 quis

545 1050 755 1113 aequa
795 1028 1049 1094 trutina
1090 1027 1441 1113 expendat,
1485 1030 1638 1129 plus
1682 1029 2135 1097 similitudinis
2177 1030 2511 1098 habebant

544 1113 664 1180 illa
730 1136 884 1181 cum
960 1114 1137 1180 veris
1210 1116 1549 1182 sacrificiis
1624 1116 1856 1200 templi
1917 1116 2507 1203 hierosolymitani,

547 1204 696 1280 [pag.
739 1203 888 1280 129]
923 1220 1123 1283 quam
1153 1202 1360 1266 missa
1390 1223 1541 1268 cum
1576 1200 1832 1269 Christi
1869 1203 2294 1268 institutione.
2369 1200 2511 1269 Cur

547 1306 706 1385 ergo
748 1285 1173 1386 negabimus,
1197 1286 1393 1352 hodie
1432 1288 1656 1371 pollui,
1698 1288 1809 1371 qui
1830 1288 2068 1355 missae
2089 1288 2508 1371 participant,

441 1432 450 1441 .
547 1393 607 1436 51
661 1371 947 1436 fatemur
998 1373 1251 1437 nemini
1305 1373 1562 1457 piorum
1615 1373 1716 1439 fas
1770 1373 1971 1439 fuisse
2024 1373 2393 1441 sacrificare
2436 1374 2510 1438 in

548 1455 836 1522 Bethel?
903 1455 983 1522 si
1015 1456 1150 1522 fuci
1190 1457 1288 1522 illi
1319 1459 1779 1544 perstringunt
1819 1458 2009 1525 nobis
2050 1458 2288 1538 oculos,
2333 1457 2508 1543 quod

548 1540 899 1626 doxologia
940 1543 1230 1622 canitur,
1285 1543 1603 1611 recitatur
1654 1566 1792 1610 una
1843 1566 1929 1611 ex
1984 1544 2276 1628 epistolis
2318 1565 2510 1629 apos-

548 1626 836 1694 tolorum
877 1626 1100 1707 lectio,
1146 1628 1356 1695 altera
1399 1651 1482 1696 ex
1526 1629 1890 1714 evangeliis
1904 1681 1920 1708 ,
1965 1630 2325 1713 cogitemus
2371 1650 2509 1695 non

547 1711 831 1779 defuisse
874 1714 1074 1779 etiam
1104 1715 1397 1798 profanis
1431 1723 1734 1782 veterum
1763 1716 2260 1781 idololatrarum
2303 1715 2509 1783 sacris

544 1805 933 1883 praetextus
976 1801 1141 1865 satis
1196 1802 1540 1884 speciosos.
1630 1798 1767 1867 Sed
1807 1801 2203 1867 intuendum
2247 1822 2510 1886 semper

546 1883 720 1968 quod
761 1885 1194 1968 praecipuum
1236 1895 1339 1952 est
1389 1888 1462 1952 in
1504 1908 1898 1970 unaquaque
1942 1888 2229 1966 actione,
2287 1896 2357 1954 et
2399 1907 2509 1952 ac-

547 1970 950 2038 cessionibus
1007 1971 1532 2055 praeferendum.
1620 1972 1729 2038 Ita
1785 1974 2190 2056 reperiemus
2204 2024 2222 2052 ,
2267 1974 2509 2039 missae

546 2055 985 2122 substantiam
1027 2078 1181 2124 cum
1214 2055 1471 2123 Christi
1505 2057 1815 2123 instituto
1855 2079 1943 2124 ex
1975 2057 2296 2125 diametro
2341 2078 2509 2142 pug-

547 2162 727 2207 nare.
816 2139 1018 2208 Certe
1076 2154 1152 2208 ut
1218 2142 1741 2209 moderatissime
1796 2143 1878 2209 de
1942 2144 2088 2229 ipsa
2144 2144 2509 2211 sentiamus

1462 2250 1661 2295 umus
1723 2228 1915 2295 aliter
1973 2251 2238 2311 vocare,
2305 2251 2510 2313 quam

1355 2334 1602 2381 arvam.

548 2232 618 2293 et
679 2226 1056 2309 loquamur,
1122 2248 1259 2292 non

562 2311 1002 2379 adulterinam
1045 2333 1285 2380 coenae

722 2395 860 2464 Sed
915 2406 1119 2483 negat
1162 2405 1353 2465 autor
1405 2400 1548 2465 eius
1590 2400 1819 2483 scripti
1905 2399 2036 2467 uod
2077 2400 2347 2480 misisti,
2403 2400 2508 2466 ul·-

543 2481 688 2549 Ium
729 2483 974 2566 impiae
995 2484 1452 2636 (professionis
1493 2484 1762 2571 signum
1899 2508 2010 2553 ere
2025 2539 2041 2566 ,
2099 2489 2211 2571 qui
2266 2487 2509 2553 missae

547 2569 907 2638 intersunt.
1061 2570 1314 2650 bsecro,
1394 2570 1555 2654 quid
1628 2572 1836 2657 igitur
1911 2594 2022 2639 eos
2086 2572 2169 2639 ad
2234 2573 2510 2639 missam

549 2653 922 2721 adeundam
958 2655 1174 2739 cogit?
1243 2654 1321 2723 Si
1356 2678 1478 2723 sua
1508 2665 1787 2736 tantum,
1820 2677 1960 2723 non
1991 2658 2274 2725 aliorum
2308 2679 2511 2725 causa

546 2739 708 2805 illuc
749 2739 1086 2821 accedunt,
1131 2742 1232 2808 bis
1275 2762 1548 2826 peccare
1590 2764 1701 2810 eos
1745 2743 1920 2810 dico:
1966 2746 2026 2809 si
2068 2743 2346 2811 aliorum
2387 2744 2509 2810 ha—

546 2824 712 2891 bent
749 2827 1094 2905 rationem,
1137 2827 1495 2911 quorsum?
1584 2831 1699 2895 An
1740 2850 1878 2896 non
1921 2839 2001 2897 ut
2042 2829 2166 2897 hoc
2209 2829 2509 2916 symbolo

547 2930 739 2976 suam
789 2933 943 2978 cum
983 2911 1117 2978 illis
1161 2914 1233 2978 in
1276 2913 1595 2999 religione
1638 2917 2136 2982 consensionem
2184 2914 2506 3000 probent?

548 2996 651 3061 'ru
696 2996 1036 3065 destinato-
1063 2999 1332 3064 consilic
1376 3000 1459 3065 ad
1513 3022 1664 3067 eam
1706 3002 2032 3068 actionem
2075 3010 2143 3067 te
2187 3021 2508 3087 aggrega-

549 3079 670 3162 bis,
707 3104 873 3166 quae
906 3085 1272 3153 communis
1301 3094 1411 3151 est
1442 3086 1752 3152 omnibus
1780 3087 2138 3171 impietatis
2217 3088 2505 3166 rofessio,

546 3176 616 3233 et
654 3169 968 3235 immunis
1007 3169 1141 3233 0115
1190 3189 1229 3232 0
1272 3170 1675 3252 pollutione?
1765 3172 1888 3250 Tu,
1933 3174 2122 3256 quasi
2166 3109 2318 3238 dato
2359 3173 2508 3256 pig·

545 3272 726 3333 nore,
748 3254 824 3318 in
840 3255 1081 3320 missae
1104 3254 1639 3338 approbationem
1661 3266 1726 3320 te
1746 3255 2135 3342 obstr-iuges,
2176 3262 2324 3337 [pag.
2355 3263 2504 3338 130]

547 3351 617 3404 et
657 3338 845 3404 nulla
887 3340 1017 3405 erit
1056 3340 1415 3422 professio?
1467 3344 1714 3407 Annon
1758 3351 2125 3425 praestaret
2166 3341 2325 3408 dare
2366 3343 2506 3409 Do-

545 3424 727 3490 mino
793 3424 1077 3509 gloriam
1092 3477 1110 3505 ,
1186 3446 1383 3510 quam
1466 3426 1630 3493 adeo
1700 3421 2150 3495 manifestum'
2193 3424 2505 3494 delictum

542 3532 783 3662 aarum
828 3509 1196 3663 170ἔοοψᾀο
1226 3509 1630 3663 l‹llei'essriidere‘P
1681 3513 1893 3613 ‚Nam
1910 3601 1923 3614 ·
1938 3513 2503 3665 ᾳέιθοᾶωοηώιιέἑς

698 3617 842 3663 0550
942 3618 1145 3664 01111111
1189 3618 1225 3662 0
1276 3620 1368 3664 115
1426 3620 1553 3663 0110
1605 3620 1846 3665 missae
1905 3622 1973 3665 111
2046 3620 2254 3679 10550,
2306 3621 2377 3665 111
2462 3620 2502 3664 0

543 3681 626 3747 ab
667 3684 849 3748 omni
892 3683 1352 3769 approbandae
1385 3684 1748 3775 impietatis
1788 3686 2265 3770 significatione
2299 3685 2503 3751 absti-

543 3776 727 3847 neat,
789 3769 1087 3836 fortassis
1143 3791 1383 3836 verum
1436 3792 1580 3836 esse
1620 3768 2072 3850 concederem,
2129 3773 2187 3837 si
2237 3772 2388 3839 fieri
2432 3769 2502 3836 id

543 3853 681 3919 ullo
724 3854 919 3920 modo
962 3866 1203 3939 posset.
1293 3856 1551 3922 Verum
1592 3857 1916 3922 rationem
1951 3878 2291 3941 nunquam
2333 3856 2502 3922 mihi

542 3939 873 4022 expediet,
930 3962 1143 4025 neque
1190 3942 1483 4009 inveniet
1523 3945 1664 4027 ipse
1718 3942 1859 4008 sibi.
1934 3943 2301 4010 Facessant
2345 3963 2502 4026 ergo

540 4024 696 4091 illae
741 4025 822 4092 de
866 4028 1202 4095 chimaera
1236 4027 1730 4111 disputationes.

713 4111 818 4176 De
853 4134 1093 4179 coenae
1127 4112 1580 4180 observatione
1614 4113 1910 4180 breviter.
1937 4115 2326 4198 respondeo:
2364 4137 2500 4182 non

536 4219 680 4267 esse
743 4200 954 4264 nostri
1018 4199 1271 4265 arbitrii
1335 4199 1638 4283 symbola
1702 4199 2108 4266 comminisci
2163 4222 2204 4267 a
2246 4200 2501 4268 Christi

532 4284 948 4351 institutione
1003 4283 1246 4365 aliena,
1303 4285 1540 4369 quibus
1592 4307 1714 4352 ncs
1768 4288 1842 4351 in
1898 4286 2215 4369 memoria
2265 4289 2499 4353 mortis

534 4370 743 4454 ipsius
779 4391 1224 4437 exerceamus.
1290 4371 1705 4453 Memoriam,
1743 4373 2038 4455 1110110111,
2071 4371 2307 4438 11101115
2339 4393 2498 4439 51100

532 4456 745 4523 voluit
787 4456 1120 4522 Dominus
1171 4476 1394 4523 sacrae
1445 4477 1688 4524 coenae
1745 4457 2182 4524 celebratione
2225 4478 2267 4522 a
2305 4456 2495 4524 nobis

531 4542 674 4609 coli.
765 4542 991 4626 Quum
1062 4543 1144 4609 ab
1207 4564 1285 4608 ea
1338 4540 1766 4622 discedimus,
1835 4542 2154 4627 quidquid
2213 4544 2493 4628 agimus,

577 4629 878 4728 refanum
919 4648 1062 4695 esse
1106 4628 1269 4697 dico.
1357 4627 1846 4695 Abstinendum
1889 4629 2114 4712 itaque
2130 4679 2148 4709 ,
2203 4650 2351 4695 meo
2392 4631 2497 4695 iu-

601 4734 699 4778 010
712 4765 730 4793 ,

529 4798 782 4864 miscen
828 4818 940 4866 um
973 4806 1458 4868 sacramentum
1503 4820 1659 4866 011111
1689 4798 1921 4865 multis
1951 4799 2490 4883 inquinamentis,

473 4894 480 4901 '
529 4882 641 4950 vel
678 4882 818 4982 1000
861 4888 1252 4953 sacramenti
1313 4884 1696 4970 usurpanda
1747 4886 1965 4952 inanis
2012 4905 2269 4968 pompa.
2356 4887 2491 4954 Pa·

529 4990 684 5033 nem
700 5020 714 5046 ,
771 4973 1014 5052 inquit,
1067 4973 1388 5038 sumimus
1442 4979 1927 5039 consecratum:
1984 4971 2217 5049 yinum
2268 4981 2494 5038 autem

531 5073 664 5119 non
730 5063 1200 5122 consecratum.
1291 5057 1627 5141 Principio
1644 5109 1658 5134 ‚
1725 5057 1874 5141 quis
1937 5057 2062 5124 hoc
2128 5055 2491 5125 divortium

525 5138 744 5206 facere
784 5140 1126 5224 permisit?
1197 5144 1368 5215 Pars
1410 5165 1546 5209 una
1587 5142 1941 5229 tyrannide
1983 5143 2279 5225 eripitur.
2333 5142 2491 5227 ,Sed

528 5226 677 5309 quis
728 5227 801 5290 in
866 5225 1072 5292 altera
1134 5235 1322 5311 parte
1391 5248 1662 5295 coenam
1715 5229 1988 5295 Domini
2050 5234 2301 5295 restare
2355 5228 2490 5295 illis

2256 296 2870 397 APPEN'moEs

881 4717 1015 4781 tius
1079 4715 1253 4780 foret
1316 4712 1400 4780 ab
1464 4735 1590 4780 usu
1645 4714 2058 4794 sacramenti,
2122 4734 2320 4798 quam
2384 4715 2513 4795 vel,

4443 333 4569 399 638

2612 517 2977 587 revelavit?
3065 516 3214 583 Hoc
3253 525 3482 583 tamen
3515 515 3765 581 omitto.
3854 516 4111 582 Panem
4154 517 4385 585 dicunt
4425 540 4570 587 esse

2614 613 3085 672 consecratum.
3175 608 3324 683 [pag.
3366 605 3518 682 131]
3561 599 3824 682 Quaero
3838 653 3854 681 ,
3899 623 4028 685 quo
4069 602 4248 667 ritu?
4334 603 4571 690 Longe

2614 690 2795 756 enim
2846 690 3033 756 abest
3113 711 3155 754 a
3206 710 3369 755 vera
3434 687 3921 755 consecratione
3984 687 4374 769 incantatio,
4441 710 4572 775 qua

2612 782 2900 841 utuntur
2952 774 3250 841 sacrifici.
3337 774 3549 858 Ergo,
3614 779 3735 839 aut
3790 780 4153 857 sequantur
4205 781 4400 859 atque
4442 775 4571 855 ,ob-

2613 868 2886 928 servent
2950 860 3120 945 quod
3196 859 3531 944 praecepit
3593 857 3924 925 Dominus
3938 910 3954 940 ,
4031 868 4151 923 aut
4223 880 4308 925 110
4380 881 4569 928 500115

2612 946 2868 1031 agendo
2910 945 3220 1013 inanibus
3262 946 3474 1011 titulis
3516 966 3586 1010 se
3629 945 3805 1028 ipsos
3849 943 4183 1011 deludant.

2784 1032 3059 1111 Restat,
3113 1042 3192 1097 ut
3246 1031 3328 1097 de
3382 1030 3791 1115 argumentis
3844 1028 4093 1114 aliquid
4146 1029 4444 1097 dicamus
4498 1032 4571 1101 in

2611 1117 2850 1201 quibus
2908 1117 3318 1184 satisfactum
3384 1115 3510 1183 sibi
3576 1123 3796 1200 negat.
3886 1112 4301 1182 Soluticnem
4352 1138 4572 1184 meam

2613 1204 2696 1270 de
2740 1203 3046 1269 Naaman
3090 1199 3270 1287 Syro
3310 1201 3509 1268 valde
3551 1201 3871 1285 exagitat:
3928 1201 4083 1284 quia
4134 1199 4419 1267 dixerim
4462 1223 4571 1269 me

2611 1288 2900 1355 libenter
2942 1288 3206 1355 veniam
3249 1288 3559 1353 daturum
3576 1338 3592 1365 ,
3649 1288 3707 1352 si
3761 1287 3907 1370 quis
3951 1285 4128 1352 edita
4180 1287 4379 1353 simili
4420 1309 4572 1372 pro-

2611 1374 2910 1454 fessione,
2956 1373 3171 1441 civilis
3215 1372 3539 1439 duntaxat
3579 1372 3776 1438 officii
3819 1393 4038 1452 causa,
4082 1372 4323 1438 missae
4363 1374 4570 1440 inter-

2612 1462 2715 1526 sit.
2804 1460 2988 1527 Dicit
3030 1480 3102 1525 se
3137 1468 3202 1525 et
3245 1479 3398 1524 suos
3439 1458 3563 1525 hcc
3605 1457 3782 1523 idem
3823 1457 4110 1541 quotidie
4152 1461 4407 1524 testari:
4454 1458 4573 1526 sed

2612 1566 2746 1611 11011
2810 1545 3060 1629 palam,
3138 1545 3296 1629 quia
3357 1545 3446 1609 sit
3516 1543 3970 1627 periculosum.
4062 1541 4242 1625 Quid
4306 1542 4567 1612 simile?

2612 1652 2814 1714 quum
2861 1630 3168 1696 Naaman
3222 1630 3295 1695 in
3352 1629 3617 1712 publico
3665 1628 3754 1695 sit
3795 1627 4172 1712 professus?
4238 1628 4372 1693 Hic
4416 1651 4573 1698 vero

2612 1716 3100 1800 simplicitatem
3155 1736 3371 1780 meam
3423 1713 3622 1793 ridet,
3681 1713 3856 1798 quod
3898 1713 4225 1798 imaginer
4265 1714 4572 1783 innume-

2612 1824 2757 1867 ram
2812 1802 3074 1868 turbam
3125 1801 3442 1867 astitisse:
3500 1821 3705 1884 quum
3756 1798 4180 1867 verisimilius
4221 1801 4309 1865 sit
4322 1852 4339 1879 ,
4394 1821 4571 1866 secr-

2614 1908 2763 1953 sum
2804 1909 2957 1954 cum
3007 1886 3328 1972 propheta
3370 1886 3733 1970 loquutum.
3821 1885 3971 1970 Ego
4023 1906 4181 1951 vero
4222 1886 4572 1968 professio-

2613 1994 2769 2039 nem
2813 1974 2954 2040 eius
2988 1994 3124 2039 non
3165 1971 3433 2039 includo
3475 1974 3550 2037 in
3592 1971 3726 2037 illis
3757 1971 3990 2054 paucis
4032 1970 4279 2038 verbis:
4324 1971 4443 2037 sed
4486 1993 4571 2038 ex

2613 2081 2691 2125 00
2734 2058 3218 2125 aestimandum
3240 2079 3475 2125 censeo
3496 2056 3671 2142 quod
3710 2056 4042 2123 facturum
4075 2077 4149 2121 se
4190 2056 4568 2140 pollicetur:

2612 2145 2747 2212 imo
2789 2144 2965 2229 quod
3010 2145 3233 2210 statim
3275 2144 3452 2211 facit.
3542 2141 3879 2224 Quorsum
3924 2142 4104 2206 enim
4144 2141 4359 2209 mulos
4403 2141 4570 2211 duos

2610 2238 2792 2297 terra
2844 2238 3103 2310 onerat,
3159 2232 3289 2296 nisi
3341 2239 3417 2296 ut
3471 2234 3786 2294 testatum
3839 2228 4038 2294 faciat
4089 2228 4423 2309 omnibus,
4494 2250 4569 2296 50

2612 2316 2862 2384 cultum
2907 2315 3152 2383 habere
3194 2314 3320 2383 sibi
3361 2314 3779 2399 peculiarem,
3825 2324 4022 2397 atque
4064 2333 4105 2378 a
4146 2312 4417 2397 reliquis
4463 2335 4569 2381 se-

2612 2402 2956 2486 paratum?
3025 2399 3532 2469 Consideremus
3574 2420 3706 2484 quo
3748 2398 3887 2466 loco
3924 2397 4141 2479 fuerit,
4186 2418 4383 2481 quam
4424 2421 4570 2467 sus-

2612 2489 2886 2554 tinuerit
2916 2509 3293 2572 personam:
3331 2493 3400 2553 et
3429 2485 3802 2564 fatebimur,
3845 2492 4102 2550 tantam
4132 2484 4571 2551 mutationem

2612 2573 2935 2641 occultam
2979 2595 3112 2639 non
3154 2574 3375 2640 fuisse.
3461 2572 3910 2651 Putamusne,
3965 2590 4171 2654 quum
4214 2569 4300 2636 ad
4343 2592 4570 2655 regem
4679 2601 4683 2605 ·

2611 2680 2804 2725 suum
2846 2680 3159 2726 reversus
3199 2659 3396 2738 foret,
3451 2658 3733 2724 tacuisse
3776 2655 3857 2723 de
3900 2664 4041 2720 tam
4081 2655 4331 2739 insigni
4365 2657 4569 2723 mira-

2612 2743 2807 2812 culo?
2877 2746 3025 2829 Ego
3053 2752 3232 2812 certe
3267 2749 3415 2824 [pag.
3460 2748 3608 2823 182]
3642 2764 3776 2809 non
3809 2740 4055 2821 dubito,
4146 2741 4263 2807 uin
4295 2740 4569 2809 modum

2611 2831 2968 2897 curationis
3007 2831 3356 2914 magnifice
3408 2827 3904 2913 praedicaverit.
3994 2762 4146 2895 Sedl
4174 2828 4570 2895 coniecturis

2612 2936 2748 2982 non
2791 2925 2895 2984 est
2945 2937 3109 3000 opus
3152 2917 3225 2981 in
3266 2938 3340 2981 re
3393 2913 3759 3000 perspicua.
3848 2912 4072 2980 Malos
4117 2922 4347 2979 onerat
4389 2921 4569 2980 terra

2612 3000 2968 3083 Chanaan,
3022 3003 3094 3067 in
3149 3023 3280 3086 qua
3319 3000 3539 3067 Deum
3596 2998 3864 3066 Israelis
3921 2998 4172 3066 adoret:
4231 3005 4307 3065 ut
4356 3022 4426 3066 se
4484 3000 4567 3066 ab

2612 3087 2894 3155 aliorum
2937 3086 3213 3154 deorum
3242 3087 3427 3153 cultu
3470 3085 3825 3152 abhorrere
3864 3092 4160 3151 testetur.
4229 3082 4345 3151 Sic
4388 3085 4567 3155 enim

2612 3174 2852 3239 sonant
2893 3175 3037 3240 eius
3080 3175 3297 3241 verba.
3388 3170 3566 3255 Quid
3609 3170 3735 3237 hac
3777 3171 4183 3237 confessione
4226 3170 4565 3254 apertius?

2609 3258 2758 3325 Hoc
2814 3260 3061 3326 faciant
3074 3310 3091 3338 ,
3147 3259 3259 3342 qui
3313 3258 3456 3325 eius
3511 3255 3815 3339 exemplo
3869 3277 3940 3321 50
3995 3263 4298 3321 tuentur:
4352 3266 4418 3322 et
4458 3279 4567 3322 me

2610 3344 2948 3411 habebunt
2999 3344 3508 3412 clementiorem.
3595 3340 3997 3426 Quanquam
4044 3340 4154 3406 hic
4207 3339 4418 3408 bonus
4463 3342 4567 3409 vir

2606 3436 2864 3514 pugnat
2903 3431 3047 3515 ipse
3091 3450 3332 3496 secum.
3420 3428 3601 3494 Ante
3644 3427 3980 3494 confessus
4022 3426 4269 3507 fuerat,
4323 3427 4567 3494 alieno-

2608 3537 2759 3581 rum
2794 3515 3064 3581 deorum
3098 3535 3285 3581 sacra
3317 3523 3538 3580 tantae
3572 3512 4042 3580 abominationi
4076 3510 4379 3578 habenda
4400 3533 4563 3593 esse,

2607 3608 2684 3666 ut
2719 3602 2799 3667 ab
2832 3622 3109 3675 ,accessu
3140 3597 3564 3666 interdiceret
3596 3598 3725 3682 piis
3755 3598 4085 3665 omnibus:
4132 3617 4310 3664 nunc
4341 3605 4565 3665 autem

2607 3686 2872 3768 licitum,
2915 3709 3057 3754 esse
3113 3685 3453 3753 contendit
3466 3737 3485 3765 ,
3544 3683 3722 3769 quod
3777 3692 3934 3751 ante
3977 3704 4246 3767 prorsus
4291 3682 4564 3751 damna-
4690 3724 4701 3733 ·

2605 3780 2811 3839 verat.
2915 3772 3089 3839 Nam
3145 3780 3263 3838 aut
3326 3770 3495 3837 nihil
3574 3771 3958 3855 proficiunt,
4044 3769 4129 3835 ad
4186 3770 4566 3853 exemplum

2604 3857 2911 3925 Naaman
2955 3856 3419 3943 confugiendo:
3480 3866 3597 3923 aut
3639 3863 3777 3922 tam
3821 3853 4043 3922 licebit
4084 3855 4356 3939 quaevis
4401 3877 4563 3941 gen-

2605 3944 2777 4010 tium
2824 3944 3174 4024 sacrificia,
3226 3964 3425 4026 quam
3468 3943 3741 4009 missam
3780 3938 4219 4025 frequentare.
4306 3941 4565 4007 Verum

2605 4052 2710 4108 ea,
2766 4050 2967 4113 quam
3013 4030 3206 4096 attuli
3219 4081 3237 4109 ,
3291 4029 3719 4113 responsione
3772 4034 4114 4094 contentos
4157 4026 4297 4093 fore
4351 4048 4560 4110 spero,

2603 4117 2977 4200 quicunque
3022 4115 3287 4183 veritati
3330 4114 3562 4181 cedere
3605 4135 3739 4179 non
3776 4112 4194 4179 recusabunt.

2777 4199 2972 4282 Quod
3025 4200 3109 4267 ad
3165 4201 3380 4266 locum
3432 4199 3704 4266 Baruch
3760 4199 3853 4283 (6,
3893 4199 3964 4283 3)
4023 4203 4304 4298 spectat:
4370 4217 4561 4262 suam

2602 4287 2729 4354 sibi
2772 4286 3414 4354 verisimilitudinem
3472 4285 3729 4351 habeat.
3814 4284 4088 4350 Nemini
4110 4290 4357 4347 ·tamen
4400 4302 4562 4348 sano

2605 4394 2894 4456 unquam
2958 4369 3381 4457 persuadebit
3395 4420 3411 4450 ,
3484 4370 3802 4454 populum
3847 4369 3979 4435 Dei
4045 4371 4117 4432 in
4177 4367 4557 4433 solennibus

2599 4458 3120 4544 Babyloniorum
3163 4478 3317 4540 pom
3362 4456 3453 4536 is,
3510 4457 3580 4521 in
3625 4454 3950 4521 idolorum
3997 4454 4241 4520 circum
4291 4454 4555 4518 estatio-

2600 4545 2816 4624 nibus,
2843 4545 3247 4627 permixtum
3279 4543 3304 4608 i
3351 4540 3641 4608 ololatris
3682 4539 3905 4619 fuisse,
3949 4539 4065 4624 qui
4099 4537 4184 4605 ad
4225 4539 4247 4603 i
4295 4538 4557 4605 olorum

2598 4630 3093 4709 venerationem
3142 4649 3229 4693 ex
3269 4628 3561 4711 professo
3606 4625 3988 4710 cougregati
4029 4630 4238 4691 erant.
4323 4624 4557 4709 Neque

2595 4715 2803 4782 verba
2837 4715 2970 4780 tale
3012 4713 3169 4798 quid
3213 4735 3371 4780 uam
3414 4711 3852 4779 subindicant.
3923 4709 4550 4801 Videbitishinquit,

2595 4801 3000 4886 Babylonios
3062 4799 3182 4865 illu
3293 4806 3580 4883 agentes.
3671 4797 3822 4863 Non
3888 4796 4075 4865 dicit:
4143 4795 4370 4878 Quum
4432 4817 4552 4863 vos

2596 4894 2864 4973 cogent:
2896 4893 3061 4966 ants
3088 4890 3236 4965 [pag.
3281 4889 3427 4964 133]
3459 4884 3678 4966 Quum
3709 4890 3894 4949 metu
3926 4883 4348 4950 accesseritis.
4414 4880 4553 4947 Ne—

2596 4995 2723 5057 que
2777 4980 3000 5038 tamen
3054 4970 3218 5037 adeo
3260 4970 3450 5037 nobis
3504 4967 3941 5037 laborandum
3983 4976 4087 5036 est
4126 4968 4209 5034 de
4252 4967 4377 5034 1100
4420 4976 4553 5031 ms-

2595 5056 2898 5137 timoni0,
3001 5077 3164 5122 uum
3220 5064 3411 5122 autor
3462 5057 3550 5123 sit
3598 5056 3909 5123 incertus.
3998 5054 4170 5120 Mihi
4225 5052 4385 5119 satis
4429 5060 4551 5131 est,

2638 5144 2770 5210 uod
2802 5164 2965 5228 prop
3015 5152 3191 5208 etam
3222 5142 3416 5208 audio
3460 5144 3641 5210 clara
3669 5161 3827 5210 voce
3854 5140 3984 5207 illis
4020 5139 4549 5205 concionantem:

2593 5166 2871 5317 {ugitffi
2898 5229 3136 5314 fugite:
3162 5226 3581 5297 immundum
3604 5250 3690 5294 ne
3723 5227 4073 5310 tetigeritis
4105 5223 4262 5307 (Ies.
4291 5227 4392 5304 52,
4420 5224 4549 5308 ll).
