4967 5992
605 323 733 388 515

605 510 784 576 enim
831 514 935 573 est
976 506 1062 573 ab
1102 506 1514 572 institutione
1550 505 1805 573 Christi
1849 506 2014 572 haec
2056 506 2274 593 ratio.¹
2333 505 2569 572 Caete-

601 614 775 674 rum,
816 614 1023 678 quum
1066 599 1165 657 tot
1251 593 1466 659 ublica
1509 592 1829 658 dedecora
1879 597 2032 657 ante
2075 592 2374 657 omnium
2416 613 2568 657 oeu-

602 682 704 746 los
755 686 1139 758 versentur,
1190 676 1325 745 ilic
1368 686 1581 744 cessat
1620 677 2227 744 excommunicatio
2315 678 2410 742 Et
2451 677 2568 742 ad·

606 767 738 832 huc
789 764 983 831 nobis
1039 762 1290 842 ἀταξίαν
1354 765 1753 848 exprobrare
1819 763 2095 842 audent,
2163 763 2340 846 apud
2401 783 2567 845 quos

605 851 829 918 omnia
884 852 978 917 sic
1032 858 1191 915 sunt
1244 847 1602 934 dissipata?
1684 848 2082 932 Quanquam
2127 848 2298 913 nihil
2340 869 2568 914 eorum

603 938 1021 1005 accusatione
1062 937 1371 1001 iuvamur
1414 937 1471 1001 si
1513 936 1581 1000 in
1623 935 1852 1001 eodem
1886 955 2113 1001 sumus
2156 940 2361 1000 reatu.
2431 932 2569 999 Sed

607 1023 788 1089 enim
842 1043 978 1088 non
1035 1022 1164 1086 huc
1206 1021 1655 1104 pertinebant,
1702 1041 1870 1104 quae
1910 1021 2232 1086 hactenus
2275 1020 2445 1099 dixi,
2490 1027 2568 1085 ut

607 1110 888 1187 crimen,
942 1128 1068 1190 quo
1122 1128 1242 1173 nos
1299 1107 1657 1187 infamant,
1709 1107 1782 1171 in
1836 1127 1947 1172 eos
1992 1106 2471 1189 retorquendo,
2529 1126 2569 1169 a

605 1195 797 1261 nobis
839 1194 1060 1260 abster
1105 1213 1312 1258 erem:
1353 1194 1401 1277 ¹)
1444 1192 1560 1258 sed
1604 1199 1682 1257 ut
1723 1190 2133 1259 ostenderem
2171 1191 2383 1275 qualis
2425 1192 2569 1256 fue-

567 1357 576 1366 ,
606 1281 697 1345 rit
736 1279 980 1344 eximia
1016 1278 1065 1342 il
1094 1299 1134 1343 a
1170 1277 1535 1362 disciplina,
1573 1299 1772 1362 quam
1807 1300 1848 1344 a
1887 1278 2075 1344 nobis
2109 1277 2567 1343 labefactatam

605 1366 810 1431 fuisse
863 1371 1375 1447 conqueruntur.
1466 1362 1543 1429 Si
1598 1366 1817 1430 facere
1875 1364 2434 1447 comparationem
2484 1362 2566 1426 li-

604 1451 787 1529 beat,
833 1470 968 1514 non
1009 1470 1347 1526 veremur,
1404 1450 1565 1532 quin
1609 1448 1958 1533 aliquando
2015 1448 2246 1515 saltem
2301 1447 2566 1515 ordina-

605 1537 737 1601 tior
786 1536 868 1601 ab
910 1534 1215 1600 omnibus
1268 1535 1395 1618 piis
1452 1534 1777 1600 iudicetur
1831 1542 2059 1601 nostra
2098 1534 2569 1617 qualiscunque

608 1620 980 1705 dissipatio,
1036 1640 1232 1703 quam
1286 1628 1466 1686 totus
1510 1642 1734 1686 eorum
1783 1619 1941 1686 ordo
1982 1640 2113 1702 quo
2217 1620 2562 1686 loriantur.

606 1708 762 1778 Non
808 1706 1107 1773 blandior
1149 1705 1343 1771 malis
1385 1707 1656 1784 nostris,
1712 1727 1916 1790 quum
1958 1705 2122 1771 haee
2209 1706 2330 1773 ico.
2413 1704 2567 1772 Scio

606 1813 806 1877 quam
849 1791 1062 1858 multa
1105 1791 1463 1858 desiderari
1516 1793 1589 1856 in
1630 1791 1821 1857 nobis
1870 1792 2144 1874 possint.
2234 1792 2328 1857 Et
2369 1798 2566 1870 certe,

608 1880 662 1944 si
730 1877 927 1943 hodie
992 1899 1111 1942 nos
1153 1878 1342 1943 Deus
1393 1885 1660 1944 vocaret
1723 1877 1806 1942 ad
1863 1876 2221 1957 calculum,
2281 1876 2566 1943 difficilis

607 1969 784 2030 esset
825 1964 1185 2029 excusatio:
1244 1962 1360 2028 sed
1404 1984 1610 2046 quum
1665 1962 1964 2029 hostibus
2007 1964 2251 2029 nostris
2293 1983 2565 2045 respon-

607 2048 902 2115 dendum
955 2055 1085 2128 est,
1144 2048 1478 2114 meliorem
1526 2054 1674 2128 [pag.
1719 2054 1866 2128 108]
1911 2049 2233 2116 habemus
2276 2069 2563 2128 causam,

604 2141 674 2200 et
715 2135 1072 2201 faciliorem
1115 2135 1454 2200 victoriam
1498 2154 1697 2217 quam
1737 2133 2080 2202 vellemus.

782 2219 1038 2287 Similis
1094 2220 1506 2304 impudentia
1562 2228 1696 2300 est,
1758 2219 1931 2303 quod
1987 2219 2184 2304 diripi
2230 2218 2404 2303 apud
2443 2241 2564 2286 nos

612 2306 924 2373 ecclesiae
973 2327 1129 2389 opes
1185 2313 1252 2370 et
1307 2308 1378 2371 in
1432 2307 1740 2389 profanos
1784 2327 1943 2371 usus
1988 2307 2289 2373 converti
2335 2305 2563 2370 clami-

604 2398 768 2457 tant.
871 2390 948 2457 Si
1003 2390 1171 2456 nihil
1216 2391 1326 2459 hic
1367 2391 1542 2475 apud
1597 2413 1716 2458 nos
1758 2393 2014 2475 peccari
2057 2392 2315 2472 dixero,
2373 2410 2562 2456 men-

604 2478 751 2543 tiar.
809 2477 903 2542 Et
938 2498 1118 2557 sane,
1163 2499 1314 2543 raro
1359 2484 1585 2543 tautae
1619 2498 1846 2543 rerum
1880 2479 2339 2545 conversiones
2373 2477 2563 2556 fiunt,

604 2564 765 2647 quin
831 2584 1055 2629 secum
1121 2562 1394 2628 trahant
1458 2562 1706 2647 aliquid
1763 2563 2172 2630 incommodi.
2275 2560 2351 2629 Si
2406 2562 2563 2646 quid

604 2650 812 2734 igitur
857 2648 966 2714 hic
1028 2657 1366 2731 peccatum
1435 2655 1565 2728 est,
1632 2670 1768 2714 non
1830 2671 2088 2715 excuso.
2187 2647 2562 2728 Caeterum,

606 2756 737 2819 qua
778 2735 994 2799 fronte
1037 2733 1230 2799 nobis
1284 2734 1529 2799 crimen
1586 2733 1711 2799 hoc
1755 2733 2117 2800 adversarii
2160 2734 2560 2800 intendunt?

602 2820 941 2885 Ecclesiae
995 2817 1339 2884 facultates
1379 2819 1448 2882 in
1495 2818 1742 2884 alienos
1786 2840 1945 2885 usus
1989 2827 2400 2901 convertere,
2457 2840 2563 2885 sa-

604 2904 948 2988 crilegium
1004 2924 1146 2969 esse
1207 2902 1452 2969 dicunt.
1540 2905 1907 2971 Assentior.
1990 2903 2364 2984 Adiiciunt,
2420 2906 2565 2970 fieri

603 2990 732 3055 hoe
797 3010 838 3053 a
900 2989 1106 3054 nobis.
1194 2989 1503 3072 Excipio,
1562 3011 1683 3055 nos
1747 2989 2022 3056 minimo
2088 2990 2562 3075 subterfugere,

605 3076 765 3158 quin
809 3095 931 3158 pro
965 3075 1152 3141 nobis
1185 3075 1729 3159 respondeamus:
1774 3074 1968 3141 modo
2010 3077 2137 3162 ipsi
2179 3096 2436 3160 quoque
2479 3076 2566 3141 ad

602 3180 869 3228 causam
914 3159 1256 3227 dicendam
1287 3161 1577 3227 vicissim
1621 3162 1835 3245 parati
1869 3162 2162 3228 veniant.
2231 3161 2395 3227 Mox
2437 3162 2564 3247 igi-

603 3256 715 3312 tur
768 3246 850 3312 de
903 3247 1116 3312 nobis:
1172 3248 1428 3312 interea
1493 3246 1836 3315 videamus
1901 3248 2060 3333 quid
2121 3248 2249 3333 ipsi
2300 3248 2560 3314 faciant.

598 3334 706 3399 De
765 3333 1085 3416 episcopis
1151 3332 1321 3397 nihil
1377 3332 1552 3411 dico,
1617 3334 1745 3399 nisi
1800 3334 1974 3417 quod
2029 3355 2260 3400 omnes
2313 3333 2561 3414 vident,

599 3440 712 3484 eos
755 3439 890 3483 non
932 3418 1279 3501 splendore
1334 3419 1528 3486 modo
1572 3420 1885 3499 vestium,
1940 3440 2322 3485 mensarum
2362 3420 2563 3485 lauti-

598 3505 733 3586 tiis,
759 3504 1017 3587 copioso
1040 3504 1379 3584 famulitio,
1409 3505 1804 3588 palatiorum
1840 3505 2353 3590 magnificentia,
2380 3506 2560 3571 omni

599 3590 878 3673 denique
919 3590 1118 3655 luxus
1154 3611 1395 3675 genere
1436 3596 1690 3656 certare
1746 3611 1898 3655 cum
1939 3592 2385 3676 principibus:
2444 3591 2560 3657 sed

599 3676 799 3740 etiam
851 3676 924 3740 in
983 3685 1285 3760 sumptus
1341 3676 1548 3741 multo
1620 3674 1937 3743 foediores
1989 3676 2350 3762 dilapidare
2405 3699 2561 3761 opes

587 3761 1082 3838 ecclesiasticas,
1131 3781 1206 3828 ac
1247 3761 1661 3845 profundere.
1753 3763 1963 3829 Taceo
2006 3764 2413 3844 venationes,
2459 3770 2558 3828 ta-

589 3867 703 3911 ceo
744 3847 924 3912 aleae
958 3845 1208 3925 ludum,
1254 3858 1437 3914 taceo
1471 3848 1759 3931 reliquas
1793 3849 2185 3932 voluptates,
2221 3869 2389 3933 quae
2424 3870 2558 3913 non

590 3933 902 4016 exiguam
947 3931 1204 3998 reditus
1240 3940 1498 4016 partem
1541 3934 1906 4001 absorbent.
1971 3933 2108 4002 Sed
2153 3934 2238 4000 ab
2282 3934 2559 4001 ecclesia

592 4038 856 4084 sumere
911 4037 1024 4083 eos
1077 4018 1252 4101 quod
1309 4019 1378 4083 in
1435 4027 1649 4086 scorta
1711 4028 1780 4084 et
1834 4021 2110 4087 lenones
2154 4020 2557 4104 expendant,

590 4104 659 4169 id
703 4124 862 4170 vero
918 4104 1118 4170 nimis
1167 4102 1304 4168 indi
1400 4127 1532 4169 um.
1622 4105 1769 4171 Iam
1824 4106 1948 4172 hoc
2001 4106 2265 4190 quidem
2326 4106 2557 4172 absur-

592 4190 782 4266 dum,
821 4211 958 4255 non
1005 4190 1149 4257 dico
1192 4126 1395 4256 mode?
1428 4211 1673 4274 pompa
1717 4198 1787 4257 et
1829 4200 2151 4275 apparatu
2195 4192 2554 4276 superbire,

592 4275 705 4341 sed
751 4275 884 4341 illis
929 4275 1331 4355 redundare,
1389 4275 1567 4340 unde
1618 4278 1889 4360 possint.
1978 4278 2143 4344 Fuit
2184 4278 2343 4344 olim
2385 4285 2555 4342 tem-

589 4383 714 4445 pus
746 4360 934 4440 illud,
980 4384 1182 4445 quum
1222 4364 1292 4427 in
1338 4362 1788 4428 sacerdotibus
1823 4363 2109 4449 gloriosa
2146 4361 2555 4447 praedicare-

592 4456 705 4511 tur
757 4456 1131 4531 paupertas.
1238 4446 1352 4515 Sic
1396 4450 1575 4514 enim
1620 4449 1906 4516 habetur
1957 4449 2029 4515 in
2073 4450 2237 4516 actis
2283 4449 2554 4533 Aquile-

593 4531 795 4596 iensis
830 4532 1081 4617 synodi.
1145 4534 1323 4600 Olim
1360 4556 1616 4618 quoque
1655 4539 1806 4614 [pag.
1853 4540 2001 4615 109]
2036 4535 2364 4601 sancitum
2409 4535 2552 4615 fuit,

595 4623 672 4681 ut
734 4617 1072 4699 episeopus
1135 4640 1274 4685 non
1337 4620 1563 4703 procul
1621 4622 1703 4686 ab
1770 4621 2047 4688 ecclesia
2111 4620 2553 4705 hospitiolum,

595 4700 796 4767 vilem
840 4722 1137 4768 mensam
1182 4715 1249 4770 ct
1291 4706 1768 4790 supellectilem
1811 4707 2105 4774 haberet.
2127 4708 2186 4791 ²)
2274 4707 2553 4787 Verum,

593 4794 674 4853 ut
724 4788 1006 4853 facessat
1063 4791 1371 4874 antiquus
1425 4792 1538 4857 ille
1583 4794 1790 4877 rigor:
1838 4801 2182 4877 postquam
2239 4794 2372 4858 iam
2419 4814 2556 4858 una

594 4894 745 4940 cum
781 4872 1116 4957 opulentia
1153 4874 1398 4941 multae
1432 4879 1843 4962 corruptelae
1870 4886 2354 4959 succreverant,
2391 4886 2556 4946 tunc

595 4980 854 5043 quoque
905 4966 1129 5024 tamen
1182 4963 1565 5029 confirmata
1619 4965 1863 5030 iterum
1916 4964 2026 5031 lex
2084 4965 2358 5050 antiqua
2408 4966 2553 5046 fuit,

732 5164 797 5302 {3
830 5162 1614 5306 ’ὀιζῗῖὖῗθὸἶῗῖὲέἕῗνῗῳοὲῂ
1652 5235 1738 5290 14.
2219 5178 2236 5221 x

2217 316 2348 383 DE
2392 315 3037 384 NECESSITATE

4505 320 4628 383 516

2671 512 2750 572 ut
2786 510 3236 590 proventuum
3269 502 3857 571 ecclesiastieorum
3893 512 4175 589 quatuor
4204 506 4449 571 fierent
4480 525 4631 589 por-

2672 591 2915 656 tiones:
2961 611 3096 656 una
3138 591 3439 675 episcopo
3478 589 3756 670 cederet,
3800 597 4074 677 propter
4113 590 4632 673 hospitalitatem

2673 683 2743 742 et
2785 676 3272 760 susceptionem
3310 696 3696 759 pauperum,
3740 675 3948 742 altera
3989 676 4182 755 clero,
4226 677 4430 741 tertia
4472 696 4633 761 pau-

2670 762 2958 846 peribus,
3004 769 3239 846 quarta
3278 761 3666 845 reparandis
3699 762 4005 829 ecclesiis.
4070 762 4268 828 Hanc
4302 763 4633 827 rationem

2673 868 2792 913 sua
2823 869 3085 932 quoque
3119 854 3332 913 aetate
3364 848 3657 932 viguisse
3690 853 3971 913 testatur
3994 847 4378 932 Gregorius.
4424 848 4633 913 Prae-

2672 940 2888 1013 terea,
2943 942 3021 999 ut
3073 932 3296 1000 nullae
3352 935 3488 998 sint
3528 933 3742 1018 leges,
3799 934 3971 1000 sicut
4013 932 4365 1017 aliquando
4410 932 4632 999 nullae

2670 1021 2945 1085 fuerunt
2996 1019 3192 1106 (haec
3244 1020 3450 1099 enim,
3496 1040 3698 1103 quam
3741 1017 3911 1100 dixi,
3966 1017 4517 1103 quemadmodum
4564 1026 4631 1084 et

2674 1106 2875 1185 aliae,
2931 1127 3014 1171 ex
3066 1104 3261 1171 malis
3316 1106 3609 1172 moribus
3663 1112 3824 1171 nata
3866 1107 3996 1189 est)
4054 1105 4477 1173 verissimum
4531 1112 4629 1170 ta·

2671 1212 2826 1257 men
2860 1213 3004 1258 esse
3037 1190 3202 1256 illud
3236 1191 3654 1275 Hieronymi,
3690 1211 3887 1256 nemo
3920 1211 4058 1256 non
4095 1191 4443 1257 fatebitur:
4490 1190 4628 1274 glo-

2673 1278 2841 1341 riam
2876 1298 3019 1344 esse
3046 1277 3348 1360 episcopi,
3385 1297 3753 1427 palffiemm
3775 1277 4005 1360 opibus
4024 1274 4401 1360 providere:
4440 1276 4629 1425 Ἐτω-

2672 1364 2949 1429 miniam
2992 1363 3286 1427 omnium
3330 1382 3479 1428 sace
3561 1370 3771 1440 otum,
3816 1363 4101 1448 propriis
4145 1361 4415 1428 studere
4508 1361 4629 1426 'vi-

2672 1448 2801 1514 tiis.
2831 1448 2881 1534 ¹)
2977 1448 3328 1514 Austerius
3379 1449 3550 1513 forte
3591 1447 3927 1514 videbitur
3968 1447 4143 1532 quod
4196 1447 4333 1514 illic
4374 1467 4629 1530 quoque

2672 1534 2870 1614 iubet,
2914 1534 3284 1599 mensulam
3329 1533 3685 1600 sacerdotis
3728 1535 4093 1619 peregrinis
4128 1541 4197 1600 et
4274 1531 4629 1616 auperibus

2671 1627 2929 1704 patere:
2987 1618 3102 1685 sed
3162 1640 3366 1703 aeque
3418 1628 3645 1685 tamen
3703 1627 3805 1686 est
3845 1639 4095 1687 verum.
4165 1555 4462 1684 Abbates
4504 1639 4629 1702 quo

2669 1707 2958 1789 propius,
3002 1703 3339 1770 redituum
3382 1705 3845 1789 amplitudine,
3890 1705 4211 1772 accedunt
4252 1703 4336 1770 ad
4380 1705 4627 1787 episeo-

2669 1812 2809 1875 pos,
2855 1811 2934 1857 eo
2978 1799 3134 1857 sunt
3174 1790 3308 1856 illis
3352 1790 3719 1857 similiores.
3801 1790 4151 1858 Canonicis
4192 1797 4263 1856 et
4303 1789 4623 1874 parochis,

2671 1877 2825 1962 quia
2878 1876 2961 1943 ad
3014 1876 3412 1961 ingluviem,
3470 1875 3734 1943 delicias
3785 1885 3854 1943 et
3906 1897 4219 1961 pompam
4280 1898 4417 1941 non
4475 1897 4624 1960 sup-

2667 1963 2935 2046 petebat
2976 1983 3186 2027 unum
3229 1961 3692 2043 sacerdotium,
3737 1963 3926 2029 facilc
3967 1961 4457 2046 compendium,
4502 1982 4623 2045 quo

2672 2049 2827 2115 huic
2888 2048 3302 2114 incommodo
3378 2048 3831 2129 mederentur,
3906 2050 4326 2113 invenerunt.
4440 2047 4621 2112 Nihil

2671 2135 2849 2199 enim
2893 2134 3137 2212 obstat,
3195 2135 3549 2218 quominus
3592 2142 3875 2218 quatuor
3918 2141 4036 2200 aut
4076 2135 4371 2218 quinque
4415 2153 4618 2200 saeer-

2669 2219 2995 2287 detiorum
3050 2228 3445 2305 proventum
3485 2220 3762 2305 recipiat
3803 2241 4006 2300 unus,
4064 2221 4180 2303 qui
4222 2219 4438 2285 multo
4480 2219 4615 2302 plus

2668 2305 2992 2391 deglutire
3031 2312 3253 2389 posset
3293 2327 3425 2371 uno
3466 2327 3719 2386 mense,
3776 2326 3973 2390 quam
4015 2304 4256 2371 habeat
4298 2306 4368 2370 in
4414 2312 4615 2370 totum

2668 2413 2936 2457 annum.
3047 2393 3152 2457 De
3216 2412 3444 2472 onere,
3522 2413 3655 2458 non
3721 2393 3957 2477 agitur.
4068 2390 4249 2457 Sunt
4316 2392 4495 2456 enim
4554 2391 4614 2455 in

2667 2485 2980 2562 promptu
3045 2478 3303 2557 vicarii,
3381 2478 3495 2561 qui
3548 2477 3834 2544 libenter
3876 2484 4255 2561 supponant
4297 2477 4613 2556 humeros,

2673 2568 2824 2643 [pag.
2880 2569 3026 2644 110]
3105 2562 3299 2628 modo
3358 2563 3844 2648 portiunculam
3914 2564 4197 2647 aliquam
4284 2562 4613 2648 liguriunt.

2672 2647 2852 2730 Quin
2895 2650 3095 2714 etiam
3145 2651 3343 2734 pauci
3385 2650 3837 2733 reperiuntur,
3941 2651 4007 2714 ui
4052 2670 4182 2715 uno
4224 2649 4448 2732 cpiseo
4491 2656 4611 2728 atu,

2671 2743 2786 2800 aut
2829 2733 3093 2802 abbatia
3133 2756 3272 2801 una
3315 2735 3450 2801 sint
3489 2737 3797 2803 contenti.
3866 2733 3921 2802 C
3951 2735 4173 2813 erices,
4218 2737 4331 2818 qui
4364 2756 4452 2818 pu
4492 2734 4614 2800 lieo

2670 2821 2940 2886 aluntur
2982 2820 3292 2887 ecclesiae
3335 2828 3624 2904 sumptu,
3660 2843 3865 2906 quum
3909 2843 3993 2887 ex
4035 2820 4423 2904 patrimonio

2671 2907 2807 2972 sint
2851 2907 3099 2988 vivere,
3138 2907 3489 2992 sacrilegos
3523 2908 3975 2994 Hieronymus
4014 2906 4306 2990 appellat.
4330 2907 4386 2992 ²)
4431 2839 4611 2986 duid

2669 3011 2827 3077 ergo
2873 2991 2954 3058 de
2994 2993 3077 3058 iis
3119 2992 3531 3060 sentiendum
3552 3045 3568 3073 ,
3616 2997 3726 3078 qui
3770 3001 3906 3059 tres
3950 2992 4150 3058 simul
4193 2992 4612 3075 episcopatus,

2672 3078 2796 3144 hoc
2840 3085 2957 3157 est,
3003 3087 3118 3146 aut
3158 3080 3663 3164 quinquaginta,
3712 3086 3827 3145 aut
3872 3086 4140 3145 centum
4184 3078 4462 3143 honesta
4500 3087 4612 3160 pa-

2668 3164 2980 3229 trimonia
3031 3165 3498 3249 ingurgitant?
3588 3166 3681 3230 Et
3736 3187 3821 3231 ne
3863 3184 4228 3250 paucorum
4271 3163 4463 3248 culpa
4496 3163 4609 3227 im·

2668 3250 2906 3315 merito
2962 3271 3033 3316 se
3090 3249 3342 3317 traduci
3402 3258 3915 3336 conquerantur,
3974 3250 4133 3336 quid
4178 3249 4262 3314 de
4320 3250 4427 3315 his
4477 3269 4611 3314 sen·

2667 3333 2967 3401 tiendum
3012 3337 3123 3420 qui
3168 3336 3445 3420 publicis
3488 3336 3800 3403 ecclesiae
3855 3335 4198 3419 stipendiis
4252 3357 4386 3401 non
4430 3335 4612 3399 luxu-

2666 3422 2929 3487 riantur
2970 3422 3182 3504 modo,
3227 3422 3341 3488 sed
3388 3421 3470 3487 ad
3511 3422 3860 3490 solvendas
3902 3421 4251 3488 lenonibus
4286 3441 4367 3487 ac
4400 3420 4613 3487 scortis

2666 3505 3035 3589 mercedes,
3094 3507 3503 3574 abutuntur?
3592 3510 3799 3593 Atqui
3842 3510 3975 3574 iam
4017 3507 4189 3574 nihil
4234 3507 4411 3588 dico,
4455 3503 4615 3590 quod

2666 3614 2801 3658 non
2845 3594 2934 3659 sit
2985 3593 3278 3679 vulgare.
3346 3593 3539 3660 Adde
3595 3594 3801 3678 quod,
3847 3595 3901 3660 si
3947 3601 4301 3680 rogentur,
4345 3610 4615 3676 quonam

2664 3680 2807 3745 iure
2848 3680 2954 3745 vel
2995 3679 3254 3765 frugalo
3307 3678 3770 3763 modicumque
3823 3679 4228 3765 stipendium
4281 3678 4616 3762 accipiant,

2664 3786 2801 3830 non
2861 3764 3003 3830 dico
3059 3786 3319 3845 omnes,
3380 3765 3498 3831 sed
3540 3768 3727 3850 pauci
3773 3766 3902 3846 illi,
3960 3766 4073 3849 qui
4114 3766 4187 3829 in
4245 3761 4615 3831 sacerdotiis

2663 3852 2802 3917 suis
2844 3850 3153 3931 resident,
3198 3873 3285 3917 ne
3329 3851 3414 3917 ad
3456 3851 3630 3917 hane
3672 3852 3933 3935 quidem
3967 3851 4423 3935 quaestionem
4455 3845 4613 3933 quod

2663 3936 3107 4020 respondeant
3147 3937 3292 4004 erit.
3359 3936 3617 4019 Quibus
3653 3939 3830 4004 enim
3858 3938 4094 4003 officiis
4128 3936 4199 4002 id
4232 3930 4609 4003 merentur?

2664 4020 3240 4103 Quemadmodum
3285 4022 3443 4088 olim
3488 4022 3612 4089 sub
3643 4024 3811 4108 lege,
3855 4024 3967 4106 qui
4010 4023 4202 4089 altari
4229 4021 4610 4096 serviebant,

2663 4108 2981 4175 vivebant
3024 4129 3106 4173 ex
3152 4109 3365 4187 altari,
3412 4109 3510 4175 ita
3543 4129 3724 4175 nune
3757 4110 3867 4193 qui
3906 4108 4327 4193 evangelium
4365 4127 4619 4172 annun-

2662 4194 2870 4275 ciant,
2926 4216 3009 4260 ex
3065 4193 3412 4279 evangelio
3486 4196 3712 4261 vivere
3767 4215 4043 4279 aequum
4102 4201 4236 4260 est:
4294 4202 4495 4277 atque
4532 4193 4625 4256 ita

2661 4279 2848 4347 Deus
2882 4281 3228 4365 praecepit.
3285 4280 3474 4345 Haec
3509 4287 3667 4347 sunt
3698 4281 3893 4346 Pauli
3929 4278 4131 4346 verba
4166 4281 4234 4365 (1
4264 4279 4419 4347 Cor.
4448 4283 4507 4359 9,
4538 4276 4624 4362 9).

2661 4366 3047 4433 Exhibeant
3087 4386 3246 4450 ergo
3288 4368 3475 4433 nobis
3513 4366 3839 4452 evangelii
3876 4367 4234 4446 ministros,
4271 4373 4343 4431 et
4376 4365 4629 4516 stiffiu-

2660 4449 2840 4517 dium
2887 4452 3019 4518 illis
3072 4473 3207 4518 non
3264 4473 3461 4537 aegre
3504 4452 3879 4520 concedam.
3968 4452 4202 4536 Neque
4245 4452 4421 4517 enim
4552 4448 4631 4514 vi

2659 4539 2997 4603 trituranti
3039 4558 3112 4603 os
3147 4537 3589 4623 obligandum.
3658 4540 3879 4605 Boves
3916 4545 4135 4603 autem
4175 4546 4445 4604 arantes
4479 4556 4635 4601 esu·

2660 4624 2813 4704 rire,
2860 4631 2928 4689 et
2968 4622 3216 4690 inertes
3260 4625 3480 4690 asinos
3520 4626 3721 4708 pasci,
3770 4645 3964 4709 quam
4015 4623 4099 4689 ab
4139 4624 4328 4688 omni
4372 4623 4639 4690 ratione

2662 4709 3199 4776 dissentaneum?
3262 4711 3486 4794 Atqui,
3531 4712 3780 4779 servire
3823 4731 3895 4777 se
3940 4710 4134 4776 altari
4178 4708 4429 4776 dicent.
4503 4709 4639 4774 Re-

2659 4796 2976 4880 spondeo,
3033 4795 3264 4862 altaris
3318 4796 3685 4863 ministerio
3728 4798 3980 4863 victum
4036 4796 4361 4861 meruisse
4422 4814 4640 4861 saeer-

2661 4882 2844 4948 dotes
2879 4882 3000 4948 sub
3033 4882 3210 4967 lege:
3258 4882 3454 4948 aliam
3491 4903 3634 4949 esse
3669 4883 3988 4949 rationem
4030 4882 4184 4948 novi
4221 4881 4641 4958 testamenti,

2799 5173 2858 5241 1)
2894 5174 2983 5228 Ad
3016 5172 3397 5243 Nepotianum.

2797 5242 2860 5311 2)
2905 5242 2963 5297 C.
2999 5243 3240 5299 clericos
3272 5241 3314 5296 I.
3352 5241 3599 5311 quaestio
3635 5238 3685 5293 2.
3803 5280 3809 5289 .
