4967 5992
636 365 761 428 375
1935 354 2465 424 RESPONSIO
2511 354 2890 423 CONTRA
2929 354 3346 423 PIGHIUM
4520 365 4642 428 376

635 550 862 633 (Prov.
902 553 1004 629 21,
1049 551 1144 631 1),
1204 550 1298 613 ita
1351 568 1460 614 cor
1502 548 1681 633 regis
1723 548 1794 612 in
1834 568 2038 612 manu
2082 547 2241 612 Dei:
2301 566 2591 629 quocun-

633 656 760 719 que
812 635 1129 713 voluerit,
1193 634 1534 701 inclinabit
1596 631 1777 698 illud.
1889 630 2069 713 Quid
2136 653 2320 716 ergo,
2389 652 2592 714 quum

634 722 831 786 doceo
872 740 985 787 cor
1016 719 1248 801 fidelis,
1285 718 1459 803 quod
1492 718 1823 785 Dominus
1858 718 2180 803 singulari
2222 714 2415 782 modo
2449 737 2592 782 sus-

632 806 806 889 cepit
848 806 1231 892 regendum,
1274 806 1453 872 flecti
1497 827 1575 872 ac
1612 806 1881 870 formari
1917 806 2061 869 eius
2102 804 2359 887 spiritu,
2404 802 2590 869 verbi

628 893 926 958 novitate
968 911 1047 957 ac
1087 891 1441 957 insolentia
1483 890 1841 956 offenditur
1882 889 2208 975 Pighius?
2275 885 2595 968 Queritur

634 979 813 1043 enim
867 998 977 1043 me
1018 998 1258 1044 novam
1310 976 1375 1042 lo
1422 976 1617 1041 uendi
1672 977 1946 1041 formam
1992 973 2409 1040 introducere
2424 1025 2439 1052 ,
2485 974 2593 1039 cui

635 1084 773 1128 non
808 1065 1051 1129 assueti
1089 1064 1222 1128 sint
1260 1062 1389 1128 fide
1416 1085 1503 1127 es.
1562 1062 2007 1127 Verissimum
2044 1068 2143 1126 est
2185 1060 2353 1143 quod
2392 1059 2594 1144 vulgo

635 1150 943 1228 iactatur,
1000 1147 1080 1214 de
1135 1148 1318 1213 nullo
1360 1147 1660 1214 dubitare
1718 1147 1981 1213 stultos:
2038 1144 2207 1229 quod
2254 1167 2339 1210 ex
2382 1145 2594 1211 veteri

635 1245 704 1300 et
746 1235 1127 1319 elegantiori
1184 1235 1528 1318 proverbio
1584 1240 1817 1298 natum
1871 1241 1988 1298 est.
2079 1233 2253 1297 Ecce
2294 1231 2473 1296 enim
2518 1237 2597 1296 ut

636 1320 777 1386 sola
830 1341 951 1386 sua
1003 1320 1265 1386 inscitia
1321 1328 1616 1384 armatus
1668 1318 1984 1403 Pighius,
2043 1318 2290 1383 bellum
2335 1315 2481 1381 Deo
2527 1325 2597 1381 et

637 1405 1016 1471 hominibus
1055 1404 1344 1472 indicere
1389 1404 1585 1470 simul
1631 1404 1885 1469 audeat.
1975 1404 2320 1468 Profertur
2362 1403 2594 1485 loquu-

632 1493 747 1571 tio,
793 1512 993 1575 quam
1037 1491 1310 1575 spiritus
1353 1499 1621 1556 sanctus
1663 1490 1953 1574 primum
1969 1542 1986 1569 ‚
2030 1487 2268 1554 deinde
2311 1495 2379 1552 et
2421 1487 2591 1554 sacri

635 1577 949 1655 doctores,
988 1578 1130 1642 eius
1164 1577 1619 1661 magisterium
1647 1575 1925 1659 sequuti,
1962 1574 2376 1640 familiariter
2398 1595 2592 1639 usur-

635 1659 2423 1827 {etta-rtzdfflffassissssssstfissgb53303333132fl32‘2230
2448 1680 2593 1809 32¹²

634 1843 900 1917 tequam
968 1832 1068 1898 illi
1132 1832 1551 1917 respondeat,
1624 1832 2000 1910 anathema,
2069 1833 2125 1898 si
2191 1830 2370 1896 aliud
2430 1829 2591 1914 quid

621 1919 898 1994 dixerit,
944 1938 1139 2001 quam
1181 1918 1351 2002 quod
1396 1919 1519 1984 sibi
1570 1919 1896 2002 persuasit
1936 1917 2276 1984 ecclesiam
2322 1918 2588 1994 sentire,

635 2026 772 2070 non
818 2003 1194 2070 dubitanter
1234 2006 1545 2069 minatur.
1634 2002 1770 2070 Sed
1813 2025 1943 2086 qua
1996 2003 2281 2068 fiducia?
2342 2003 2588 2068 Notum

638 2097 741 2155 est
775 2089 966 2155 illud:
1012 2089 1405 2174 Ignorantia
1438 2090 1903 2155 confidentiam
1939 2089 2128 2173 parit.
2190 2088 2403 2154 Paulo
2446 2094 2595 2171 post

636 2184 885 2254 tamen,
942 2175 1336 2241 moderatior
1390 2175 1525 2240 iam
1568 2176 1806 2254 factus,
1862 2175 2025 2241 haec
2079 2196 2210 2239 nou
2254 2194 2431 2254 mea,
2476 2171 2592 2240 scd

638 2261 909 2345 spiritus
952 2263 1161 2327 sancti
1206 2263 1427 2339 verba,
1473 2268 1804 2344 utcunque
1845 2262 1933 2325 im
1986 2261 2205 2345 ropria
2247 2261 2412 2338 sint,
2458 2282 2591 2324 non

636 2347 920 2412 multum
973 2345 1215 2412 habere
1271 2346 1664 2412 incommodi
1720 2368 1917 2413 conce
1965 2349 2048 2423 it,
2109 2347 2236 2411 nisi
2293 2367 2402 2411 me
2447 2346 2592 2411 ani-

633 2432 1078 2498 madverteret
1110 2433 1467 2517 impietatis
1507 2453 1694 2498 meae
1728 2454 2058 2499 venenum
2093 2433 2223 2497 illis
2257 2432 2595 2496 insinuare

634 2518 832 2584 velle:
874 2516 1099 2583 Deum
1143 2519 1393 2585 scilicet
1434 2519 1533 2582 uti
1576 2518 1771 2584 corde
1827 2527 2050 2583 nostro
2091 2527 2207 2583 aut
2249 2518 2594 2583 voluntate

636 2606 705 2669 iu
747 2605 938 2670 bonis
980 2605 1307 2687 operibus,
1347 2605 1520 2670 sicut
1560 2605 2052 2688 arreptitiorum
2096 2605 2409 2670 membris
2451 2625 2593 2668 ma-

634 2690 801 2774 ligni
861 2688 1130 2772 spiritus
1187 2698 1495 2764 utuntur,
1558 2689 1716 2753 dum
1758 2711 1876 2772 per
1918 2710 2029 2755 eos
2074 2709 2387 2773 responsa
2431 2689 2595 2754 dant

638 2786 707 2840 et
759 2775 1145 2858 loquuntur,
1212 2794 1380 2857 quae
1444 2774 1570 2856 ipsi
1637 2795 1771 2840 non
1837 2775 2232 2858 intelligunt.
2336 2775 2591 2840 Verum

639 2881 843 2943 quum
898 2881 1160 2925 omnem
1210 2859 1306 2924 illi
1354 2861 1763 2925 occasionem
1820 2869 1976 2926 ante
2040 2859 2453 2939 abstulerim,
2510 2882 2594 2925 ne

640 2943 793 3029 quid
841 2944 920 3009 de
964 2966 1071 3010 me
1113 2945 1245 3010 tale
1287 2966 1399 3011 sus
1446 2946 1608 3011 icari
1652 2955 1901 3029 posset,
1945 2967 2063 3012 cur
2105 2946 2379 3025 divinat,
2423 2945 2594 3030 quod

638 3031 856 3095 timeri
911 3029 1096 3095 nullo
1151 3030 1345 3096 modo
1433 3031 1658 3096 ebuit?
1746 3032 2235 3116 Exposueram,
2277 3030 2450 3097 velle
2493 3033 2595 3096 in-

641 3137 784 3181 esse
829 3115 1204 3182 hominibus
1247 3138 1331 3182 ex
1374 3125 1638 3183 natura:
1687 3137 1771 3182 ex
1814 3125 2091 3183 naturas
2134 3140 2291 3183 vero
2326 3139 2594 3201 corrup-

640 3203 819 3267 tione
877 3203 1052 3280 ficri,
1109 3213 1185 3267 ut
1240 3224 1371 3268 non
1429 3204 1556 3269 nisi
1600 3202 1772 3269 male
1820 3205 2146 3287 possimus
2189 3204 2391 3284 velle3
2450 3226 2596 3270 esse

639 3289 845 3372 igitur
926 3289 1216 3371 roprium
1245 3286 1373 3354 Dei
1411 3288 1677 3368 donum,
1716 3299 1792 3354 ut
1825 3290 1994 3356 bene
2034 3289 2326 3356 velimus.
2375 3287 2592 3370 Quam

635 3373 746 3440 hic
790 3374 890 3459 syl
920 3375 1113 3440 abam
1154 3374 1471 3453 inveniet,
1522 3396 1686 3458 quae
1729 3377 2075 3441 materiam
2121 3377 2435 3460 praebeat
2476 3375 2592 3440 tali

636 3459 1050 3525 calumniae?

811 3545 904 3609 At
968 3566 1101 3609 non
1167 3543 1658 3611 dissimulanter
1722 3555 1947 3631 postea
2010 3546 2078 3611 id
2142 3567 2252 3611 me
2306 3549 2594 3612 sensisse

636 3630 885 3712 aperio:
944 3632 1094 3713 quia
1148 3641 1499 3698 contentus
1553 3654 1686 3697 non
1742 3634 1864 3698 sim
1886 3685 1901 3710 ‚
1961 3635 2015 3698 si
2059 3634 2204 3716 quis
2260 3630 2435 3699 dicat
2477 3653 2594 3697 vo-

635 3715 993 3795 luntatem,
1053 3716 1215 3781 alias
1268 3738 1404 3781 non
1460 3739 1726 3801 prorsus
1766 3720 2041 3798 malam,
2101 3718 2216 3783 sed
2260 3720 2593 3783 infirmam

637 3821 714 3865 ac
755 3800 1056 3881 debilem,
1103 3802 1393 3868 subsidio
1429 3805 1682 3887 gratiae
1718 3805 2041 3870 adiuvari:
2090 3813 2284 3887 atque
2320 3803 2402 3868 ad
2447 3824 2594 3868 eam

636 3908 776 3952 rem
823 3888 1181 3972 prophetae
1224 3890 1600 3954 testimonio
1642 3899 1820 3956 utor:
1865 3889 2057 3955 Dabo
2094 3891 2277 3956 vobis
2321 3911 2434 3957 cor
2476 3911 2593 3956 no-

634 3996 824 4051 vum,
879 3983 948 4039 et
1002 3975 1306 4057 spiritum
1362 3997 1606 4040 novum
1668 3997 1909 4061 ponam
1959 3978 2029 4042 in
2086 3976 2301 4042 medio
2355 3977 2592 4056 vestri5

636 4060 929 4124 auferam
984 4081 1024 4124 a
1080 4059 1266 4126 vobis
1317 4083 1429 4126 cor
1485 4060 1847 4143 lapideum,
1905 4073 1972 4127 et
2027 4061 2193 4128 dabo
2246 4061 2436 4128 vobis
2483 4083 2594 4128 cor

636 4167 947 4212 carneum
996 4146 1142 4227 (ΕΖ.
1188 4150 1288 4223 36,
1329 4147 1460 4230 26).
1551 4146 1812 4213 Deinde
1868 4147 2166 4215 subiicio:
2222 4148 2369 4212 Hac
2412 4148 2593 4213 simi-

634 4231 914 4297 litudine
960 4253 1093 4296 non
1134 4232 1479 4298 ostendere
1535 4234 1678 4298 vult
1721 4235 1933 4312 Deus,
1989 4234 2336 4299 mollitiem
2381 4233 2593 4299 cordi-

634 4319 757 4384 bus
801 4319 1045 4384 nostris
1102 4319 1348 4396 inesse,
1410 4319 1699 4385 flexilem
1746 4319 1908 4384 alias
1964 4321 2032 4385 in
2075 4320 2237 4385 recti
2284 4317 2593 4384 obedien-

636 4404 817 4483 tiam,
864 4404 979 4470 sed
1024 4424 1189 4488 quae
1233 4426 1354 4488 per
1396 4426 1465 4470 se
1511 4406 1773 4470 infirma
1817 4407 2066 4490 gratiae
2111 4425 2267 4471 suae
2312 4404 2593 4470 admini-

636 4487 781 4553 culo
824 4490 1147 4574 indigeat,
1200 4488 1315 4555 sed
1363 4491 1525 4555 nihil
1570 4493 1839 4574 penitus
1883 4492 2035 4557 boni
2080 4510 2464 4575 expressum
2489 4490 2592 4555 iri

639 4595 677 4635 a
731 4572 923 4638 corde
977 4584 1231 4654 nostr0,
1289 4577 1417 4641 nisi
1473 4577 1653 4642 aliud
1720 4580 1853 4643 fiat.
1953 4578 2126 4643 Nam
2182 4576 2240 4641 si
2294 4576 2462 4659 lapis
2519 4576 2588 4641 in

639 4678 903 4723 carnem
942 4663 1462 4742 transformatur,
1507 4664 1768 4746 quando
1812 4686 1934 4729 nos
1977 4662 2061 4729 ad
2096 4663 2257 4729 recti
2298 4662 2588 4727 studium

636 4744 965 4810 Dominus
1008 4750 1355 4812 convertit:
1403 4750 1726 4828 aboletur,
1772 4750 2090 4833 quidquid
2134 4760 2235 4815 est
2280 4747 2588 4814 volunta-

638 4832 723 4895 tis
778 4838 1039 4896 nostrae
1094 4834 1458 4915 proprium,
1527 4847 1594 4898 et
1658 4835 1832 4919 quod
1895 4835 2210 4914 succedit,
2277 4843 2495 4900 totum
2550 4856 2590 4899 a

633 4917 780 4982 Deo
825 4924 942 4981 ost.
1012 4917 1161 4994 Hic,
1198 4940 1327 5000 qua
1370 4919 1728 5001 plurimum
1768 4922 1946 4987 valet
1986 4920 2397 4988 conviciandi
2433 4941 2588 5003 pro·

635 5002 866 5080 tervia,
912 5003 985 5067 in
1021 5025 1126 5068 me
1163 5002 1623 5070 debacchatur:
1670 5006 1909 5072 clamat
1949 5006 2588 5091 pseudoprophetam

636 5088 708 5150 in
753 5097 937 5154 veste
979 5089 1122 5155 ovis
1164 5089 1566 5173 deprehendi
1609 5092 2049 5175 seducentem,
2096 5095 2220 5159 hoc
2253 5102 2370 5170 est,
2409 5113 2586 5157 seor-

635 5194 784 5238 sum
829 5179 978 5256 [pap.
1023 5179 1167 5252 199]
1210 5174 1557 5240 ducentem
1611 5178 1692 5243 ab
1735 5178 1958 5243 ovium
2001 5180 2205 5246 caulis
2260 5176 2590 5261 simplices

570 5328 576 5335 ,
630 5261 901 5327 animas.
994 5259 1108 5327 Sic
1152 5263 1331 5326 enim
1375 5264 1445 5327 in
1488 5262 1604 5328 illa
1657 5283 1777 5327 sua
1818 5286 2037 5330 crassa
2081 5264 2587 5331 hallucinatione

2693 544 2820 611 sibi
2907 544 3105 622 lacet,
3163 553 3242 608 ut
3288 565 3424 610 non
3477 545 3640 611 satis
3695 545 3935 612 habeat
3987 568 4174 612 suam
4213 546 4644 613 insulsitatem

2694 651 2873 695 seme
2937 627 3319 713 prodidisse.
3414 631 3564 697 Huc
3608 639 3827 699 antem
3874 639 4147 715 spectat,
4191 654 4277 698 ne
4322 653 4475 698 eum
4510 634 4645 698 sine

2694 716 2955 781 ratione
2987 714 3380 781 maledicere
3415 729 3625 800 putes,
3648 716 3964 801 quidquid
3999 727 4236 784 sonent
4269 719 4472 784 verba
4505 740 4646 801 pro-

2695 801 2954 886 phetae,
3001 808 3078 866 ut
3119 807 3342 867 tamen
3386 803 3603 885 opinio
3639 825 3762 869 sua
3797 803 4045 869 valeat:
4093 805 4405 887 quoniam
4449 804 4646 871 eccle-

2697 889 2833 952 siae
2890 886 3243 952 autoritate
3299 888 3571 954 nitatur.
3673 887 4050 973 Aliquando
4106 896 4329 955 tamen
4374 889 4458 954 ad
4513 911 4646 955 rem

2698 970 2962 1039 accedit.
3055 970 3248 1038 Sicut
3290 983 3473 1052 ante,
3529 974 3778 1058 inquit,
3835 975 4020 1041 nulla
4061 975 4292 1040 auxilii
4334 976 4440 1040 sui
4483 976 4645 1042 facta

2696 1059 3045 1136 mentione,
3085 1064 3290 1123 totam
3313 1061 3728 1143 perfectionis
3763 1082 4091 1126 summam
4127 1062 4470 1144 potestatis
4505 1083 4648 1126 nos-

2696 1152 2842 1210 trae
2883 1144 3146 1222 fecerat,
3194 1166 3396 1228 quum
3442 1145 3712 1213 diceret:
3758 1147 4069 1213 Proiicite
4108 1167 4149 1210 a
4182 1147 4371 1212 vobis
4413 1146 4646 1229 iniqui-

2697 1237 2868 1296 tates
2911 1239 3198 1308 vestras3
3242 1233 3704 1297 convertimini
3749 1230 3831 1298 ad
3875 1254 4012 1311 me;
4069 1232 4265 1297 facite
4310 1232 4501 1298 vobis
4543 1254 4647 1298 cor

2696 1337 2944 1381 novum
2990 1325 3058 1380 et
3091 1316 3395 1398 spiritum
3436 1339 3708 1383 novum:
3756 1319 3849 1383 ita
3891 1317 4001 1384 hic
4035 1318 4317 1383 eandem
4353 1318 4473 1383 uni
4507 1316 4645 1383 Deo

2696 1402 2946 1480 tribuit,
2991 1404 3346 1485 praeterita
3389 1411 3619 1468 nostra
3660 1403 3988 1470 facultate.
4076 1405 4259 1488 Ergo
4303 1414 4645 1486 utrumque

2695 1486 2917 1553 locum
2959 1487 3145 1552 iubet
3185 1488 3510 1588 coniungi,
3558 1498 3634 1554 ut
3677 1490 3999 1556 habeatur
4039 1489 4174 1569 illa,
4219 1489 4301 1554 de
4345 1511 4479 1573 qua
4521 1489 4644 1555 dis-

2698 1573 2934 1651 seruit,
2987 1572 3180 1660 liberi
3224 1574 3478 1639 arbitrii
3535 1584 3604 1640 et
3659 1576 3909 1660 gratiae
3953 1575 4352 1660 coniugatio.
4444 1573 4642 1656 Quasi

2696 1679 2852 1724 vero
2895 1658 2992 1722 illi
3037 1659 3447 1741 permittam,
3493 1681 3576 1725 ex
3622 1662 3984 1746 praeceptis
4027 1661 4354 1746 colligere,
4408 1673 4646 1744 quanta

2697 1753 2813 1809 aut
2877 1744 3091 1827 qualis
3158 1747 3244 1810 sit
3308 1745 3650 1811 hominum
3706 1745 3789 1812 ad
3847 1746 4290 1813 obediendum
4359 1747 4641 1812 facultas.

2695 1830 2896 1895 Hunc
2936 1830 3220 1897 iubendo
3262 1830 3428 1915 legis
3471 1832 3776 1898 effectum
3819 1854 3963 1899 esse
4003 1855 4086 1897 ex
4131 1831 4345 1898 Paulo
4388 1833 4641 1906 scimus,

2694 1927 2772 1980 ut
2813 1916 3067 1982 occidat
3106 1919 3176 1999 (2
3215 1915 3364 1982 Cor.
3406 1922 3461 1996 3,
3504 1921 3590 1998 6).
3680 1918 3865 1985 Cur?
3924 1919 4054 1985 nisi
4099 1919 4254 2002 quia
4298 1940 4432 1983 non
4477 1917 4644 1983 aliud

2695 2009 2942 2153 gotest,
3021 2023 3220 2085 quam
3293 2001 3628 2069 hominem
3696 2004 4207 2089 transgressioni
4288 2003 4639 2071 subiicere?

2752 2088 2961 2153 cimus
3005 2101 3072 2151 et
3114 2087 3236 2153 hoc
3277 2108 3420 2153 esse
3462 2090 3606 2155 eius
3648 2089 3954 2170 officium,
4001 2099 4076 2155 ut
4116 2089 4484 2167 hominem,
4527 2091 4641 2153 mi-

2696 2173 2906 2239 seriae
2949 2193 3107 2238 suae
3150 2175 3486 2258 agnitione
3529 2176 3928 2257 perculsum,
3972 2177 4328 2260 confugere
4372 2173 4457 2240 ad
4498 2196 4637 2259 gra-

2695 2258 2857 2323 tiam
2917 2256 3145 2324 doceat
3197 2259 3377 2343 (Gal.
3430 2264 3488 2339 3,
3541 2262 3670 2344 24).
3771 2262 3957 2346 Ergo
4010 2262 4092 2327 ab
4148 2269 4426 2326 externa
4486 2260 4638 2344 legis

2695 2342 3178 2428 praedicatione
3212 2345 3648 2412 recedendum
3680 2355 3801 2427 est,
3838 2355 3913 2412 ut
3947 2347 4027 2413 ad
4064 2346 4478 2430 spiritualem
4510 2348 4637 2410 eius

2696 2430 3220 2513 inscriptionem,
3292 2430 3372 2497 de
3435 2452 3566 2514 qua
3631 2434 3919 2517 loquitur
3970 2433 4288 2499 Ieremias
4343 2433 4479 2517 (31,
4516 2433 4636 2514 33),

2661 2516 3061 2581 ‘veniamus
3151 2515 3301 2584 Illic
3345 2522 3523 2582 enim
3568 2520 3897 2585 Dominus
3939 2518 4167 2584 foedus
4211 2541 4282 2584 se
4324 2520 4635 2584 facttirum

2695 2603 3054 2685 promittit,
3114 2624 3246 2667 non
3304 2603 3496 2685 quale
3552 2616 3706 2669 ante
3760 2605 4129 2690 pepigerat,
4185 2605 4342 2687 quia
4393 2604 4634 2669 irritum

2697 2689 2949 2753 factum
2992 2689 3212 2753 fuerat
3254 2687 3612 2755 defectione
3655 2690 3879 2776 populi
3894 2742 3908 2769 ‚
3951 2690 4067 2756 sed
4109 2689 4339 2757 foedus
4381 2709 4632 2764 novum,

2698 2795 2828 2857 quo
2873 2773 3087 2857 legem
3131 2775 3450 2840 inscribat
3491 2777 3718 2861 populi
3761 2777 3859 2842 sui
3908 2776 4229 2854 cordibus,
4277 2783 4346 2841 et
4389 2775 4634 2841 visceri-

2698 2859 2824 2924 bus
2866 2859 3209 2942 insculpat.
3281 2860 3487 2926 Vides
3529 2882 3812 2940 causam,
3860 2884 3979 2929 cur
4019 2862 4247 2928 foedus
4279 2860 4443 2927 illud
4477 2858 4634 2944 quod

2699 2955 2975 3010 externa
3006 2945 3491 3028 praedicatione
3525 2948 3886 3026 constabat,
3922 2950 4306 3032 abrogetur:
4339 2947 4490 3030 quia
4519 2947 4634 3011 sci·

2700 3029 2857 3096 licet
2907 3031 3226 3096 violatum
3281 3032 3483 3097 fuerit
3536 3035 3617 3100 ab
3673 3033 4069 3101 hominibus.
4145 3031 4358 3098 Vides
4396 3041 4460 3097 et
4492 3031 4634 3096 novi

2698 3115 3069 3200 paciscendi
3113 3118 3604 3185 necessitatem:
3651 3120 3805 3204 quia
3848 3120 4097 3187 scilicet
4123 3140 4260 3184 non
4304 3119 4488 3184 aliter
4523 3137 4630 3180 ra-

2698 3213 2842 3267 tum
2885 3201 2973 3267 sit
3013 3203 3330 3282 futurum,
3372 3203 3578 3272 donec
3620 3207 3854 3289 spiritu
3899 3204 4030 3271 Dei
4077 3206 4462 3288 inscriptum
4500 3223 4634 3266 cor-

2701 3285 2891 3353 dibus
2933 3288 3150 3353 fuerit.
3218 3289 3439 3355 Huius
3483 3291 3806 3357 efficaciae
3851 3292 3908 3356 si
3950 3292 4056 3357 vel
4101 3292 4449 3356 minimum
4493 3309 4636 3373 gus-

2700 3384 2839 3437 tum
2877 3373 3153 3440 haberet
3173 3375 3485 3458 Pighius:
3522 3385 3639 3441 aut
3672 3378 3727 3443 si
3763 3378 4185 3461 impotentiae
4223 3376 4460 3442 saltem
4492 3395 4637 3440 suae

2699 3460 3100 3526 conscientia
3152 3469 3567 3545 tangeretur,
3637 3485 3768 3528 non
3832 3464 4118 3546 amplius
4172 3462 4638 3545 obloqueretur,

2698 3546 2767 3609 in
2823 3545 3159 3611 hominum
3208 3548 3411 3612 statui
3466 3556 3787 3631 potestate
3829 3548 3998 3631 quod
4047 3549 4178 3614 illis
4233 3549 4637 3631 praecipitur.

2870 3636 3017 3711 [pag.
3058 3636 3207 3711 200]
3237 3634 3454 3716 Atque
3499 3633 3653 3700 hinc
3697 3635 3898 3700 etiam
3930 3643 4127 3718 patet,
4173 3655 4374 3717 quam
4417 3632 4640 3699 frivola

2696 3717 2785 3782 sit
2828 3728 2895 3782 et
2935 3718 3282 3801 nugatoria
3324 3720 3467 3785 eius
3509 3720 3938 3787 ratiocinatio,
4029 3718 4104 3786 Si
4149 3742 4234 3785 ex
4276 3719 4640 3804 promissio-

2697 3802 2893 3867 nibus
2928 3802 3305 3885 inferamus,
3347 3806 3548 3870 solius
3580 3807 3707 3871 Dei
3752 3828 3917 3889 opus
3959 3827 4105 3872 esse
4135 3806 4639 3879 conversionem,

2696 3889 2853 3971 quia
2894 3909 2967 3954 se
3009 3889 3219 3954 solum
3264 3891 3407 3956 eius
3450 3900 3743 3956 autorem
3782 3891 3919 3958 illic
3961 3905 4452 3969 commemoret,
4502 3890 4642 3974 pari

2697 3975 2955 4040 ratione
2981 3975 3353 4041 evicturum
3382 3999 3465 4041 ex
3509 3978 3876 4062 praeceptis
3895 3977 4262 4063 Pelagium,
4309 3998 4495 4060 posse
4524 3997 4642 4040 nos

2699 4061 2937 4138 omnia,
2973 4062 3101 4126 Dei
3144 4061 3360 4145 gratia
3391 4062 3559 4126 nihil
3604 4062 3887 4129 adiutos:
3935 4063 4242 4147 quoniam
4273 4062 4412 4129 illic
4452 4083 4488 4126 a
4527 4081 4646 4126 no-

2699 4147 2818 4223 bis,
2865 4147 3006 4211 sine
3041 4148 3372 4213 mentione
3395 4148 3676 4232 gratiae,
3723 4150 4011 4233 perfecta
4041 4150 4289 4215 iustitia
4326 4150 4642 4234 exigatur.

2700 4230 2912 4312 Quasi
2935 4252 3091 4297 vero
3125 4231 3273 4297 ideo
3295 4231 3538 4299 dentur
3558 4243 3925 4319 praecepta,
3972 4245 4048 4300 ut
4080 4235 4256 4318 quod
4278 4234 4463 4301 deest
4493 4253 4645 4319 gra-

2698 4317 2858 4397 tiae,
2915 4318 3154 4382 virium
3210 4327 3586 4385 nostrarum
3641 4321 3929 4388 subsidio
3982 4320 4355 4404 expleatur:
4410 4328 4476 4386 et
4513 4340 4648 4384 non

2698 4404 2947 4486 potius,
3046 4410 3123 4468 ut
3198 4407 3500 4489 propriae
3575 4407 4002 4490 impotentiae
4090 4406 4462 4484 convictos,
4553 4403 4640 4469 ad

2697 4489 2980 4572 gratiam
3023 4511 3224 4554 manu
3258 4491 3518 4556 ducant.
3587 4492 3740 4557 Alia
3782 4501 3889 4559 est
3905 4493 4406 4576 promissionum
4451 4492 4651 4556 ratio:

2696 4575 2923 4652 Dabo,
2979 4576 3194 4657 inquit
3246 4576 3604 4652 Dominus,
3659 4586 3982 4658 mentem,
4039 4587 4112 4643 ut
4167 4577 4343 4662 quod
4397 4585 4649 4644 rectum

2699 4669 2800 4725 cst
2839 4659 3118 4726 videatis
3163 4669 3230 4726 et
3274 4662 3533 4746 eligatis
3544 4686 3560 4742 ;
3618 4663 3785 4730 dabo
3828 4687 3938 4730 cor
3980 4685 4324 4742 carneum,
4380 4674 4457 4729 ut
4494 4664 4652 4729 obe-

2697 4746 2919 4826 diatis3
2964 4747 3197 4812 faciam
3245 4755 3322 4812 ut
3364 4748 3713 4815 ambuletis
3749 4750 3822 4813 in
3865 4749 4011 4833 lege
4053 4771 4220 4816 mea.
4307 4749 4459 4814 Non
4499 4771 4654 4814 sus·

2694 4831 2923 4915 pendit
2966 4855 3006 4896 a
3050 4832 3238 4898 nobis
3281 4854 3509 4899 eorum
3553 4835 4126 4919 complementum,
4174 4856 4340 4920 quae
4383 4836 4655 4920 pollice-

2693 4926 2823 4996 tur,
2870 4915 2987 4982 sed
3020 4919 3403 5002 simpliciter
3432 4920 3501 4984 in
3536 4943 3606 4987 se
3647 4942 3782 4986 uno
3822 4921 4009 4987 locat.
4066 4921 4367 4987 Iubendo
4406 4929 4654 4998 autem,

2693 5024 2826 5069 non
2869 5004 3250 5069 facultatem
3296 5012 3412 5070 aut
3453 5026 3695 5072 novam
3739 5007 3927 5072 nobis
3969 5009 4251 5085 confert,
4297 5017 4414 5072 aut
4451 5027 4654 5090 quam

2693 5089 3010 5154 habemus
3072 5090 3437 5173 praedicat,
3512 5090 3628 5157 sed
3684 5092 3855 5157 nihil
3932 5094 4200 5158 omnino
4267 5113 4390 5158 nos
4451 5113 4660 5176 pom

2692 5174 2879 5241 nobis
2923 5175 3230 5256 ostendit,
3276 5185 3354 5241 ut
3393 5198 3520 5260 quo
3563 5199 3767 5262 penes
3809 5199 3933 5245 nos
3976 5177 4334 5257 deficimur,
4379 5177 4656 5244 aliunde

2693 5281 3004 5343 quaerere
3033 5260 3379 5328 discamus.
3446 5262 3691 5329 Valeat
3719 5285 3877 5350 ergo
3895 5264 4200 5330 fictitium
4233 5262 4397 5328 illud
4420 5263 4657 5347 Pighii
