4967 5992
517 384 638 448 351

516 591 664 635 mus
716 566 962 632 malam
1016 584 1190 641 esse,
1251 560 1462 626 videri
1505 560 1676 625 forte
1719 580 1870 625 cum
1927 557 2062 622 illis
2114 556 2359 621 habere
2399 551 2469 618 id

517 672 862 722 commune
917 651 983 714 in
1040 648 1325 731 speciem
1377 665 1732 729 possemus.
1836 644 2088 708 Verum
2106 693 2121 720 ,
2181 638 2468 707 secundo

516 737 752 805 deinde
799 735 1014 813 verbo,
1061 741 1322 799 tantum
1365 733 1540 796 inter
1573 751 1694 796 nos
1729 749 1872 796 esse
1913 727 2311 794 discriminis
2353 745 2469 807 pa-

516 826 648 890 lam
704 823 1012 898 facimus,
1071 828 1148 884 ut
1200 840 1283 883 ne
1339 818 1614 881 minima
1665 814 1931 898 quidem
1985 813 2269 897 suspicio
2301 810 2470 909 ,hae-

516 919 676 976 reat.
766 908 942 973 Nam
995 925 1198 988 quum
1251 903 1351 967 ini
1408 901 1820 967 essentialem
1879 901 1950 964 in
2003 907 2239 964 natura
2282 895 2474 961 mah-

517 998 681 1062 tiam
746 993 1175 1068 constituant,
1235 1008 1508 1070 eamque
1562 987 1643 1053 ab
1698 988 1839 1069 ipso
1895 984 2241 1051 creationis
2284 981 2472 1046 initio

519 1083 720 1148 talem
762 1079 1089 1144 exstitisse
1132 1075 1600 1158 imaginentur,
1645 1071 1854 1136 nostri
1898 1092 1979 1134 ex
2016 1075 2296 1134 naturae
2331 1087 2473 1132 eor-

519 1167 825 1251 ruptione
883 1162 1116 1228 vitium
1171 1180 1314 1226 esse
1371 1158 1729 1224 definiunt:
1787 1166 2094 1220 naturam
2139 1174 2296 1217 vero
2341 1172 2475 1216 non

519 1251 780 1322 coelesti
825 1249 1041 1331 aliquo
1086 1247 1365 1323 influxu,
1408 1243 1522 1310 sed
1561 1241 1931 1307 voluntario
1965 1239 2250 1303 hominis
2285 1236 2476 1319 lapsu

518 1349 894 1421 corruptam
950 1333 1182 1411 fuisse,
1243 1336 1625 1396 constanter
1673 1327 2094 1410 profitentur:
2156 1332 2231 1388 ut
2272 1342 2477 1405 quum

516 1424 853 1509 quaeritur
895 1419 1054 1484 mali
1098 1437 1327 1494 eausa,
1373 1436 1506 1479 non
1551 1419 1741 1478 extra
1784 1432 1905 1475 nos
1941 1411 2152 1486 exire,
2197 1407 2313 1473 sed
2358 1427 2475 1471 no-

520 1512 622 1578 bis
666 1516 873 1574 totam
929 1505 1192 1587 eulpam
1243 1504 1570 1583 imputare
1616 1497 1985 1563 debeamus.
2077 1495 2207 1559 Hie
2249 1499 2477 1558 noster

521 1605 621 1664 es't
681 1612 832 1661 cum
891 1588 1275 1663 Valentino,
1333 1586 1671 1650 Marcione
1687 1634 1702 1660 ,
1759 1589 1828 1647 et
1871 1578 2280 1646 Manichaeis
2322 1598 2475 1643 con·

521 1701 782 1749 sensus:
830 1681 1151 1759 quantum
1185 1672 1434 1738 scilieet
1477 1671 1651 1734 inter
1684 1669 1907 1752 ignem
1949 1673 2016 1730 et
2048 1684 2286 1748 aquam
2321 1683 2476 1728 con-

522 1767 723 1835 venit.
815 1762 894 1826 Si
947 1760 1147 1825 fidem
1204 1756 1330 1823 sibi
1373 1757 1517 1838 quis
1574 1754 1718 1819 fieri
1761 1757 1947 1835 petat
1961 1802 1976 1828 ‚
2027 1750 2317 1832 primum
2361 1769 2476 1812 ex-

525 1859 704 1918 stant
756 1847 908 1913 libri
970 1844 1207 1918 nostri,
1274 1841 1501 1924 optimi
1558 1848 1625 1904 et
1678 1835 2177 1920 locupletissimi
2242 1838 2475 1898 testes:

525 1935 762 2004 deinde
816 1931 985 1997 nihil
1038 1930 1146 1995 hic
1200 1929 1409 2012 leges,
1467 1923 1641 2009 quod
1693 1944 1829 1988 non
1883 1923 2025 2006 ipse
2069 1919 2350 2004 Pighius
2394 1938 2479 1982 ex

525 2043 676 2088 mea
731 2017 1158 2085 Institutione
1211 2014 1458 2078 recitet.
1564 2010 1792 2093 Neque
1843 2015 2071 2072 tamen
2138 2010 2479 2103 contentus

525 2127 720 2191 pares
774 2123 897 2168 nos
953 2111 1090 2167 tam
1143 2096 1442 2165 absurdis
1497 2094 1876 2160 hominibus
1929 2092 2191 2169 fecisse,
2247 2090 2482 2154 maiori

526 2189 975 2259 exsecratione
1030 2184 1264 2268 dignos
1306 2203 1451 2248 esse
1511 2181 1782 2246 clamat:
1837 2178 1991 2261 quia
2033 2182 2242 2241 totam
2283 2182 2480 2239 natu-

524 2300 669 2344 ram
715 2276 1118 2340 damnemus.
1176 2270 1448 2360 Nempe,
1486 2286 1690 2351 quum
1725 2284 1862 2328 non
1899 2263 2120 2361 aliqua
2153 2260 2256 2360 sui
2289 2268 2478 2342 parte

527 2365 722 2429 homo
825 2356 1177 2433 secaverit,
1234 2354 1350 2420 sed
1405 2360 1615 2429 totus,
1674 2349 1836 2433 quid
1877 2368 2122 2412 mirum
2165 2368 2220 2411 si
2265 2367 2336 2411 se
2380 2353 2478 2409 to-

526 2459 669 2515 tum
727 2447 983 2513 dicatur
1039 2438 1444 2526 perdidisse?
1546 2435 1684 2502 Sed
1724 2433 2126 2517 permultum
2180 2431 2476 2509 interest,

525 2532 922 2602 accersitone
950 2548 1072 2594 sua
1107 2524 1300 2609 eulpa
1318 2525 1502 2602 vitio,
1536 2523 1707 2588 sicut
1740 2518 2083 2597 tradimus,
2108 2538 2194 2582 an
2216 2514 2481 2581 aliunde

526 2620 649 2688 sibi
689 2617 918 2695 indite,
954 2615 1124 2680 sieut
1146 2610 1432 2674 delirant
1467 2607 1586 2684 illi,
1627 2604 1882 2670 dicatur
1916 2602 2230 2668 laborare.
2288 2599 2483 2682 Quod

525 2707 582 2773 si
625 2703 971 2769 hominum
1015 2695 1372 2781 patrocinio
1416 2714 1583 2776 opus
1626 2699 1743 2767 est,
1788 2688 2243 2772 Augustinum
2280 2686 2483 2752 habe-

527 2810 676 2857 mus
718 2787 958 2852 horum
1005 2781 1302 2847 omnium
1343 2785 1491 2859 [pag.
1535 2779 1683 2854 166]
1726 2782 2039 2839 autorem.
2111 2773 2216 2837 De
2256 2792 2483 2872 neees-

529 2875 702 2942 sario
746 2880 861 2937 aut
901 2867 1173 2934 fortuito
1214 2885 1438 2930 rerum
1482 2867 1745 2941 eventu,
1785 2857 1956 2924 nihil
1997 2860 2067 2923 in
2109 2864 2488 2942 praesentia

530 2960 860 3042 attingere
908 2954 1152 3037 placet:
1223 2973 1306 3015 ne
1361 2971 1468 3015 res
1523 2946 1821 3012 diversas
1884 2942 2284 3027 implicando
2340 2962 2484 3007 ora-

531 3043 733 3111 tionis
777 3041 1012 3108 seriem
1056 3036 1458 3106 conturbem.
1526 3030 1885 3097 Hominem
1929 3030 2022 3095 sic
2066 3027 2330 3112 quidem
2375 3027 2488 3092 do·

534 3149 757 3196 cemus
796 3127 903 3212 agi
945 3123 1079 3189 Dei
1116 3122 1349 3209 gratia,
1392 3128 1470 3185 ut
1511 3126 1736 3183 tamen
1782 3115 1979 3181 simul
2021 3121 2202 3199 agat:
2251 3113 2346 3179 sic
2389 3121 2491 3178 ta-

534 3236 689 3281 men
743 3214 963 3296 ipsum
1223 3259 1241 3286 ,
1294 3213 1367 3272 ut
1423 3224 1624 3289 penes
1680 3203 1809 3267 Dei
1863 3201 2166 3285 spiritum
2223 3205 2358 3264 tota
2402 3199 2492 3265 sit

535 3321 610 3367 ae
655 3306 920 3364 maneat
959 3293 1234 3362 actionis
1278 3290 1584 3358 efficacia.

705 3387 928 3467 Atque
970 3387 1047 3447 ut
1089 3389 1418 3463 appareat,
1464 3383 1780 3459 quantam
1817 3393 1899 3438 ex
1936 3370 2297 3438 mentiendi
2333 3391 2489 3438 eon-

536 3469 883 3539 suetudine
923 3466 1261 3532 licentiam
1297 3463 1764 3543 audaciamque
1786 3458 1913 3525 sibi
1933 3457 2329 3541 acquisierit,
2353 3477 2491 3521 non

534 3556 728 3623 modo
771 3575 893 3621 sua
945 3550 1284 3618 mendacia
1333 3549 1553 3630 aliquo
1606 3544 1841 3612 saltem
1897 3545 2110 3610 colore
2166 3541 2492 3609 obducere

537 3641 704 3708 nihil
747 3645 962 3717 curat,
1019 3635 1134 3703 sed
1189 3657 1274 3701 ne
1318 3635 1424 3701 eui
1467 3634 1696 3716 ignota
1745 3631 1909 3709 sint,
1965 3652 2047 3695 ex
2091 3648 2242 3693 mea
2283 3628 2490 3693 Iusti-

539 3728 792 3793 tutione
846 3724 1078 3801 refert,
1136 3742 1302 3805 quae
1355 3741 1434 3785 ea
1488 3720 1561 3782 in
1619 3723 1930 3801 promptu
1958 3721 2266 3815 arguant.
2324 3713 2490 3813 ’Ne-

537 3834 664 3897 que
717 3812 892 3877 enim
949 3810 1018 3873 in
1072 3807 1399 3874 creatione
1443 3803 1550 3868 vel
1607 3822 1801 3885 opere
1845 3798 1975 3864 Dei
2031 3806 2492 3895 constituimus

537 3895 888 3985 pravitatis
939 3899 1204 3959 nostrae
1262 3891 1612 3975 originem,
1671 3885 1786 3952 sed
1829 3886 1899 3950 in
1957 3886 2153 3967 primi
2196 3891 2493 3967 parentis

539 3984 750 4051 nostri
813 3980 1036 4063 culpa:
1107 3976 1277 4062 quod
1332 3974 1708 4040 voluntaria
1770 3970 2130 4036 defectione
2183 3972 2494 4034 miseram

539 4066 869 4136 serviendi
915 4063 1350 4131 conditionem
1409 4059 1534 4125 sibi
1588 4057 1992 4123 contraxerit
2007 4107 2021 4134 ,
2078 4076 2282 4139 quum
2327 4056 2494 4119 liber

540 4162 800 4224 creatus
857 4158 1047 4218 esset.
1151 4147 1297 4213 Hoc
1352 4152 1570 4211 autem
1625 4163 1833 4207 unum
1889 4149 2019 4219 est,
2075 4161 2203 4224 quo
2260 4162 2300 4205 a
2344 4141 2492 4206 Ma-

540 4240 835 4309 nichaeis
877 4245 945 4302 et
998 4232 1319 4301 similibus
1370 4228 1767 4296 orthodoxos
1811 4226 2180 4292 discernere
2224 4235 2493 4291 eonten-

540 4337 650 4393 tus
703 4335 802 4391 est
861 4320 1293 4407 Augustinus.
1392 4314 1600 4380 Vides
1654 4333 1841 4397 ergo,
1898 4319 1977 4376 ut
2031 4312 2139 4377 hic
2191 4312 2493 4410 furiosus,

540 4421 888 4496 postquam
931 4408 1132 4473 verbo
1177 4426 1297 4471 nos
1342 4400 1697 4478 damnavit,
1743 4418 1815 4463 re
1853 4398 1997 4481 ipsa
2038 4405 2339 4496 protinus
2382 4398 2496 4463 ab·

544 4497 774 4562 solvat.
875 4491 1073 4576 Quod
1126 4498 1347 4557 autem
1401 4495 1615 4553 totum
1669 4484 2006 4550 hominem
2028 4567 2042 4581 ·
2057 4502 2152 4547 sic
2191 4490 2498 4548 vitiatum

547 4602 687 4646 esse
742 4579 1044 4657 dicimus,
1099 4586 1176 4642 ut
1229 4575 1412 4642 nulla
1467 4573 1571 4640 sui
1621 4577 1812 4656 parte
1862 4568 2197 4653 adspirare
2254 4588 2372 4649 per
2426 4590 2499 4634 se

549 4664 633 4730 ad
676 4665 894 4729 Deum
945 4664 1174 4746 possit,
1229 4683 1364 4728 non
1409 4658 1588 4725 aliud
1633 4656 2015 4734 asserimus,
2078 4674 2275 4738 quam
2322 4652 2499 4737 quod

550 4756 833 4815 testatur
878 4749 1090 4813 Deus:
1144 4769 1271 4830 quo
1325 4766 1518 4812 nemo
1575 4744 1807 4809 melior
1849 4739 1932 4807 de
1985 4740 2254 4806 homine
2297 4739 2499 4805 iudex

550 4833 838 4904 inveniri
879 4839 1091 4915 queat,
1132 4853 1335 4915 quum
1378 4830 1602 4896 nullus
1637 4829 1888 4905 melius,
1933 4825 2091 4912 quid
2132 4826 2222 4892 sit
2262 4824 2334 4890 in
2378 4825 2500 4890 ho-

549 4922 732 4988 mine
745 4971 760 4998 ‚
817 4917 1099 4984 noverit.
1196 4914 1539 5000 Siquidem
1599 4922 1815 4980 totum
1880 4913 2214 4979 hominem
2280 4912 2501 4977 carnis

551 5007 817 5072 nomine
874 5002 1233 5087 designari,
1290 5021 1428 5067 non
1470 5007 1572 5067 est
1612 4998 1878 5066 difficile
1930 4997 2209 5081 probare
2222 5049 2240 5077 ‚
2298 5018 2503 5080 quan·

556 5090 862 5157 tumlibot
903 5095 1281 5173 repugnent
1324 5085 1733 5153 contentiosi.
1807 5084 1982 5149 Nam
2024 5083 2297 5167 quoties,
2342 5103 2501 5150 con-

552 5177 758 5242 traria
799 5174 1206 5259 oppositione
1219 5223 1234 5249 ,
1278 5191 1432 5238 cum
1473 5171 1708 5253 spiritu
1751 5175 2186 5253 comparatur,
2231 5169 2503 5252 spiritus

553 5282 797 5330 nomen
829 5259 1055 5345 procul
1100 5258 1295 5324 dubio
1349 5276 1468 5339 pro
1511 5253 2026 5339 regenerationis
2069 5254 2285 5339 gratia
2325 5256 2504 5338 capi-

1818 365 2348 436 RESPONSIO
2391 364 2771 434 CONTRA
2810 363 3227 434 PIGHIUM
3310 413 3318 421 -

4395 365 4518 429 3⁶2

2573 560 2698 618 tur.
2788 554 3026 619 Restat
3068 554 3302 638 igitur,
3347 560 3426 619 ut
3465 574 3617 620 caro
3659 555 3776 633 sit,
3833 552 4035 637 quod,
4080 551 4380 618 nondum
4422 572 4521 618 re-

2573 639 2867 724 generati
2881 689 2898 717 ,
2952 637 3270 704 habemus
3321 659 3361 703 a
3417 646 3675 704 natura.
3775 638 3913 705 Nec
3955 638 4083 703 alio
4129 647 4524 723 argumento

2575 724 2807 808 probat
2827 722 3152 803 Christus,
3188 732 3491 807 oportere
3530 744 3652 790 nos
3691 727 3963 803 renasci,
4001 725 4128 788 nisi
4163 724 4321 807 quia
4354 724 4525 808 quod

2575 815 2807 875 natum
2849 816 2951 874 est
2992 831 3077 875 ex
3119 830 3333 889 carne,
3371 830 3522 876 caro
3563 817 3664 875 est
3706 808 3967 892 (Ioann.
4009 814 4065 889 3,
4105 808 4197 894 ὃ).
4262 808 4340 877 Si
4358 830 4526 895 »pars

2575 902 2838 960 tantum
2893 894 3178 960 hominis
3233 895 3404 960 foret
3455 916 3633 972 caro,
3699 915 3916 961 nonne
3968 897 4139 962 ratio
4193 895 4359 962 haec
4412 917 4528 980 per

2576 1001 2648 1047 se
2691 980 3148 1064 frangeretur?
3238 980 3322 1044 In
3363 989 3676 1064 promptu
3718 981 3897 1046 enim
3941 989 4116 1047 esset
4156 983 4524 1065 responsio:

2576 1073 2834 1149 partem
2910 1065 3199 1131 hominis
3275 1065 3810 1132 excellentiorem
3886 1067 4112 1150 procul
4179 1066 4426 1133 distare
4490 1089 4529 1133 a

2573 1172 2790 1217 carne.
2880 1149 3029 1231 Quo
3073 1157 3293 1217 autem
3336 1150 3545 1235 elogio
3587 1173 3855 1218 earnem
3898 1152 4071 1219 hane
4115 1151 4531 1219 commendat

2576 1235 2872 1302 Paulus?
2962 1232 3133 1316 Scio,
3179 1236 3424 1320 inquit,
3473 1237 3647 1320 quod
3693 1258 3825 1303 non
3870 1237 4125 1305 habitet
4167 1239 4240 1303 in
4279 1259 4418 1316 me,
4460 1239 4529 1303 id

2578 1330 2695 1398 est,
2741 1322 2811 1385 in
2857 1341 3053 1386 carne
3097 1343 3272 1402 mea,
3319 1322 3561 1388 bonum
3607 1323 3830 1407 (Rom.
3872 1327 3929 1402 7,
3979 1323 4103 1405 18).
4189 1328 4341 1403 [pag.
4384 1328 4526 1404 166]

2576 1406 2776 1471 Item:
2837 1404 3088 1472 Sensus
3105 1458 3120 1485 ,
3174 1415 3292 1472 aut
3342 1409 3647 1491 cogitatio
3703 1409 3922 1474 carnis
3938 1458 3953 1486 ,
4022 1408 4372 1475 inimicitia
4428 1423 4530 1475 est

2578 1491 2897 1557 adversus
2921 1493 3141 1557 Deum
3173 1493 3395 1575 (Rom.
3428 1497 3486 1572 8,
3514 1494 3602 1572 7).
3673 1492 3806 1575 Qui
3843 1514 4108 1560 carnem
4144 1495 4328 1559 omni
4364 1495 4529 1560 bono

2580 1596 2859 1642 vacuam
2893 1598 3036 1642 csse
3070 1585 3373 1657 testatur,
3411 1585 3480 1643 et
3518 1598 3783 1643 causam
3812 1579 4012 1644 simul
4046 1579 4317 1658 indicat,
4363 1579 4533 1663 quod

2580 1669 2722 1728 tota
2764 1661 3027 1728 rebellis
3073 1664 3163 1729 sit
3204 1661 3335 1728 Dei
3391 1663 3707 1743 iustitiae,
3765 1671 3833 1729 et
3873 1665 4043 1731 nihil
4087 1683 4164 1730 co
4213 1665 4378 1730 'tare
4422 1674 4535 1730 aut

2580 1746 2885 1813 meditari
2940 1757 3161 1831 queat,
3222 1749 3352 1815 nisi
3405 1750 3551 1814 Deo
3605 1750 4039 1816 contrarium:
4096 1751 4165 1815 ni
4214 1750 4307 1814 ilo
4363 1750 4533 1835 plns,

2583 1839 2699 1897 aut
2738 1833 2978 1913 minus,
3020 1854 3219 1918 quam
3262 1855 3382 1900 nos
3426 1832 3599 1900 dicit.
3679 1835 3771 1899 Et
3811 1856 3896 1901 ne
3939 1835 4088 1919 quis
4129 1838 4201 1900 in
4244 1836 4388 1918 ipso
4422 1836 4534 1901 ad-

2583 1918 2717 1982 hue
2755 1919 2973 1984 carnis
3015 1919 3281 1985 nomine
3327 1919 3823 2003 ambiguitatem
3868 1942 3947 1986 ca
3993 1927 4109 1999 tet,
4153 1921 4342 2005 prius
4389 1922 4536 1986 nul-

2583 2003 2717 2068 lam
2775 2023 3041 2086 prorsus
3105 2005 3176 2069 in
3239 2004 3506 2069 homine
3561 2012 3816 2089 partem
3881 2028 3953 2072 re
3986 2006 4272 2091 querat,
4335 2028 4534 2090 quam

2582 2110 2714 2153 non
2758 2087 3167 2155 damnationi
3211 2090 3609 2156 subiecisset.
3700 2092 3800 2157 Le
3886 2100 3999 2156 tur
4041 2091 4378 2157 humanae
4420 2113 4538 2157 na-

2583 2183 2770 2240 turae
2812 2172 3181 2258 descriptio,
3225 2197 3391 2260 quae
3432 2177 3645 2258 eapite
3681 2176 3764 2241 ad
3911 2196 4142 2243 manos
4177 2178 4377 2242 tertio
4420 2177 4535 2241 ha-

2582 2260 2804 2326 betur:
2853 2260 3007 2343 quid
3052 2260 3306 2326 homini
3348 2281 3388 2325 a
3430 2260 3848 2327 damnatione
3899 2262 4197 2328 immune
4251 2261 4391 2328 illie
4434 2283 4539 2327 re-

2581 2344 2864 2428 linquit?
2947 2345 3144 2428 Quod
3197 2367 3353 2431 ergo
3407 2345 3489 2412 de
3544 2357 3820 2413 naturae
3872 2355 4135 2413 nostrae
4180 2347 4535 2414 vitiositate
4602 2427 4613 2432 ,

2583 2431 3043 2580 arti-nunciavi,
3087 2451 3226 2497 non
3264 2453 3486 2497 meum
3529 2438 3659 2511 est,
3706 2433 3821 2498 sed
3865 2434 4136 2516 spiritus
4181 2435 4395 2499 sancti
4437 2434 4541 2498 iu-

2651 2536 2846 2582 cium.
4480 2549 4487 2556 ·

2756 2601 2936 2668 Hinc
2980 2622 3135 2667 vero
3177 2602 3354 2685 quod
3396 2601 3632 2669 deinde
3676 2602 3944 2670 subiicio
3987 2605 4334 2687 consequi,
4395 2604 4541 2688 quis

2587 2707 2720 2752 non
2764 2686 3030 2753 videat?
3118 2687 3275 2752 Non
3323 2708 3466 2753 esse
3518 2687 3590 2752 in
3644 2688 3931 2754 hominis
3976 2695 4305 2773 potestate
4349 2697 4429 2754 ιιι
4472 2711 4543 2755 se

2587 2782 2936 2858 praeparet
2991 2771 3075 2837 ad
3130 2771 3570 2855 recipiendam
3622 2775 3751 2840 Dei
3928 2776 4114 2853 tiam,
4174 2773 4291 2840 sed
4333 2783 4546 2840 totam

2589 2859 3089 2925 conversionem
3159 2878 3305 2924 esse
3360 2857 3609 2924 donum
3673 2859 3803 2926 Dei
3954 2858 4351 2943 Quanquam
4415 2859 4545 2924 hoc

2591 2963 2846 3027 quoque
2899 2951 3097 3028 caput
3149 2944 3350 3011 habet
3392 2964 3514 3011 sua
3566 2951 3749 3011 certa
3800 2952 3868 3011 et
3914 2945 4095 3012 clara
4146 2945 4545 3012 testimonia.

2590 3030 2766 3094 Nam
2790 3050 2991 3113 quum
3011 3029 3361 3111 Dominus,
3405 3051 3525 3114 pro
3567 3031 3762 3097 corde
3802 3030 4082 3115 lapideo,
4117 3029 4434 3097 daturum
4474 3051 4545 3096 se

2590 3114 2779 3181 nobis
2823 3136 2934 3181 cor
2974 3135 3291 3182 carneum
3328 3118 3688 3199 promittit,
3731 3116 3877 3201 quis
3912 3117 4402 3202 praeparationi
4444 3116 4539 3181 lo-

2590 3223 2707 3268 cus
2763 3201 3202 3285 relinquitur?
3290 3200 3422 3283 Qui
3490 3223 3574 3267 ex
3627 3204 3894 3268 nolente
3962 3203 4041 3268 fit
4102 3201 4540 3279 voluntarius,

2591 3309 2673 3353 ex
2718 3287 2945 3352 rebelli
2980 3294 3047 3352 et
3071 3289 3443 3354 contumaci
3569 3296 3754 3355 ratus
3788 3287 3872 3353 ad
3906 3287 4312 3371 obsequium,
4350 3307 4545 3371 quam

2593 3373 2715 3439 sibi
2771 3374 3291 3457 praeparationis
3348 3373 3460 3437 lau
3507 3396 3612 3440 em
3655 3374 4029 3459 arrogabit?
4122 3372 4189 3439 N
4188 3394 4266 3440 ec
4324 3374 4543 3438 minus

2594 3459 2813 3526 verbis
2856 3458 2990 3523 illis
3035 3478 3117 3522 ex
3165 3459 3459 3523 rimitur:
3514 3459 3840 3525 Inventus
3892 3480 4042 3525 sum
4086 3479 4127 3523 a
4169 3479 4306 3524 non
4350 3478 4544 3542 quae-

2593 3545 2892 3611 rentibus
2935 3564 3043 3608 me
3085 3548 3109 3626 (
3183 3594 3199 3609 .
3240 3549 3343 3623 65,
3380 3546 3469 3629 2).
3559 3545 3852 3611 Tametsi
3894 3545 4069 3611 enim
4123 3541 4205 3610 de
4250 3545 4545 3629 gentium

2592 3631 2937 3697 vocatione
2981 3629 3269 3712 loquitur
3330 3629 3671 3714 propheta,
3737 3631 3810 3694 in
3865 3651 3946 3697 ea
4000 3636 4224 3695 tamen
4280 3630 4545 3696 univer·

2594 3715 2800 3782 salem
2842 3723 3107 3781 nostrae
3151 3715 3444 3780 omnium
3486 3716 3847 3783 vocationis
3890 3723 4129 3801 typum
4164 3735 4547 3799 repraesen-

2592 3808 2707 3864 tat.
2797 3801 2928 3866 Dei
2983 3801 3189 3886 igitur
3243 3809 3376 3880 est,
3431 3823 3550 3867 nos
3600 3801 4018 3884 praevenire,
4065 3807 4142 3866 ut
4181 3820 4306 3865 nos
4351 3800 4435 3866 ad
4478 3821 4549 3865 se

2595 3893 2954 3952 convertat.
3053 3887 3193 3952 Nec
3244 3887 3505 3952 mirum.
3603 3886 3942 3971 Siquidem
3997 3906 4204 3970 quum
4259 3887 4551 3972 cogitare

2598 3973 2804 4039 multo
2848 3973 3069 4037 minus
3125 3972 3214 4036 sit
3255 3993 3453 4055 quam
3497 3972 3668 4038 velle
3683 4024 3698 4050 ,
3756 3995 3839 4038 ne
3883 3972 4009 4037 hoc
4051 3970 4321 4055 quidem
4362 3973 4551 4038 nobis

2597 4060 2923 4141 reliquum
2965 4056 3216 4123 Paulus
3270 4059 3455 4138 facit,
3508 4065 3586 4123 ut
3636 4056 3855 4123 idonei
3901 4058 4107 4122 simus
4161 4055 4246 4122 ad
4302 4056 4550 4140 aliquid

2597 4144 2751 4212 boni
2794 4141 3215 4228 cogitandum
3263 4148 3328 4226 (2
3368 4143 3517 4220 Cor.
3557 4146 3615 4222 3,
3657 4145 3742 4225 5).
3831 4142 4150 4222 Proinde,
4206 4163 4356 4209 cum
4398 4163 4550 4224 pro-

2597 4231 2799 4314 pheta
2841 4229 3289 4308 confiteamur,
3333 4249 3562 4295 omnes
3603 4249 3722 4294 nos
3765 4230 3937 4295 sicut
3978 4249 4134 4295 oves
4190 4227 4550 4306 aberrasse,

2598 4335 3129 4399 unumquemque
3174 4314 3531 4380 declinasse
3571 4317 3643 4380 in
3688 4316 3863 4380 viam
3905 4334 4120 4379 suam:
4165 4335 4370 4397 quum
4412 4314 4551 4379 Do-

2600 4403 2820 4467 minus
2862 4402 2933 4464 in
2977 4402 3151 4466 viam
3207 4422 3395 4466 suam
3448 4422 3572 4466 nos
3629 4399 3894 4466 reduxit
3936 4400 4053 4484 (Is.
4094 4403 4195 4479 53,
4235 4400 4323 4480 6).
4411 4399 4550 4466 Nec

2600 4487 2929 4553 Dominus
2965 4488 3162 4551 etiam
3206 4486 3409 4551 ullam
3458 4485 3704 4572 gloriae
3746 4484 3946 4552 huius
3986 4485 4377 4568 particulam
4422 4484 4552 4550 alio

2601 4572 2857 4638 traduci
2882 4572 3150 4671 patitur.
3222 4570 3436 4638 Suum
3460 4573 3638 4637 enim
3681 4592 3844 4654 opus
3879 4591 4023 4638 esse
4065 4570 4328 4650 clamat,
4373 4569 4552 4654 quod

2601 4680 2683 4724 ex
2737 4664 3051 4724 caecitate
3102 4657 3581 4724 illuminamur:
3640 4657 3813 4740 quod
3865 4679 3949 4722 ex
4002 4656 4292 4722 tenebris
4334 4663 4556 4723 trans-

2601 4744 2878 4810 ferimur
2920 4746 2991 4808 in
3034 4742 3249 4811 lucem
3293 4763 3508 4809 suam:
3556 4742 3737 4826 ‘quod
3791 4748 3940 4823 [pag.
3990 4746 4139 4822 167]
4181 4748 4404 4807 mente
4444 4762 4555 4806 re-

2602 4850 2955 4896 novamur:
3015 4828 3187 4913 quod
3244 4828 3523 4913 denique
3578 4851 3617 4893 a
3670 4836 3881 4895 morte
3931 4828 4297 4894 excitamur
4338 4828 4411 4891 in
4452 4829 4557 4891 vi·

2600 4924 2757 4982 tam.
2848 4916 2999 4998 Quo
3041 4916 3558 5001 praeparationis
3601 4935 3842 4998 genere
3882 4913 4012 4980 Dei
4057 4912 4341 4999 gratiam
4378 4933 4559 4978 mor·

2602 5010 2759 5069 tuus
2800 5001 3221 5086 provocabit?
3762 5057 3771 5068 .

2777 5087 3092 5171 Sequitur
3134 5087 3404 5153 tertium
3448 5085 3847 5165 membrum,
3893 5084 3974 5151 de
4016 5085 4262 5152 efficaci
4306 5085 4561 5170 gratiae

2605 5174 2998 5257 operatione.
3088 5173 3274 5258 Nego
3316 5172 3548 5258 igitur,
3609 5172 3890 5257 gratiam
3947 5172 4038 5237 sic
4081 5171 4271 5237 nobis
4313 5169 4561 5248 offerri,

2606 5267 2682 5324 ut
2723 5266 2989 5325 nostrae
3032 5266 3258 5342 postea
3299 5259 3389 5325 sit
3428 5256 3732 5342 optionis,
3777 5256 3887 5324 vel
3930 5257 4402 5340 obtemperare,
4448 5256 4567 5323 vel
