4967 5992
487 317 617 381 313

495 506 576 571 de
631 513 1049 589 peccatorum
1101 504 1351 569 meritis
1411 513 1477 568 et
1531 502 1946 579 remissione,
2003 499 2158 584 quid
2203 500 2272 564 in
2317 500 2447 565 Pe-

491 592 773 675 lagianis
816 589 1258 673 reprehendat
1299 589 1744 673 Augustinus:
1793 607 2059 670 nempe,
2097 608 2233 651 non
2274 585 2448 668 quod

487 676 772 742 liberum
818 677 1166 741 arbitrium
1200 684 1518 752 statuant,
1564 673 1682 739 sed
1715 672 1893 756 quod
1928 671 2124 738 nimis
2170 672 2443 754 erigant.

490 763 748 829 Verum
800 762 933 826 iam
989 762 1249 844 saepius
1306 759 1554 825 dictum
1610 765 1737 838 est,
1798 779 1995 841 quam
2039 767 2112 822 ut
2154 767 2447 839 repetere

492 870 656 932 opus
701 849 802 923 sit,
850 846 997 911 ideo
1040 847 1231 912 liberi
1274 847 1529 911 arbitrii
1566 866 1803 909 nomen
1840 843 2196 909 consedere
2241 843 2446 926 hosti3-

491 935 617 1000 bus
652 933 919 998 solitum
935 984 950 1009 ,
1013 954 1100 997 ne
1153 933 1235 998 ob
1276 953 1504 998 vocem
1560 932 1803 1013 passim
1857 937 2188 1013 receptam
2228 947 2447 992 moro-

494 1020 707 1085 sitatis
761 1018 1081 1083 invidiam
1136 1019 1400 1083 subiret.
1504 1015 1707 1081 Aliud
1760 1036 1917 1099 ergo
1971 1016 2205 1080 afferat
2257 1034 2445 1097 opor-

492 1115 605 1182 tet,
651 1106 706 1170 si
764 1123 1061 1186 premere
1114 1124 1233 1168 nos
1275 1102 1454 1168 velit.
1544 1103 1685 1168 Nec
1736 1122 1832 1180 se,
1891 1122 2011 1167 nee
2055 1120 2445 1182 quemquam

493 1190 825 1256 dubitasse
881 1187 1392 1253 orthodoxorum
1448 1196 1732 1252 testatur
1748 1238 1762 1264 ,
1823 1188 1982 1268 quin
2042 1206 2236 1250 nemo
2296 1189 2445 1265 [pag.

499 1281 649 1355 112]
695 1281 949 1358 peccet,
1008 1274 1135 1339 nisi
1190 1272 1392 1340 libere
1447 1272 1692 1339 volens.
1791 1273 1921 1337 His
1975 1269 2445 1337 subscribimus

492 1382 614 1427 nos
657 1381 912 1444 quoque
928 1412 942 1436 ,
991 1362 1046 1425 si
1095 1359 1295 1425 libere
1336 1380 1457 1444 pro
1501 1367 1732 1441 sponte
1790 1358 2078 1440 positum
2120 1359 2445 1438 interpre-

491 1447 685 1526 teriS,
752 1457 829 1511 ut
889 1467 1077 1510 mens
1141 1445 1480 1528 scriptoris
1534 1446 1660 1509 fuit
1713 1444 2024 1526 accipere.
2129 1441 2447 1525 Sequitur

491 1541 744 1616 postea:
800 1540 870 1596 et
925 1532 1102 1614 quod
1155 1532 1341 1597 Deus
1396 1531 1564 1596 nihil
1620 1530 2043 1613 praeceperit,
2093 1526 2266 1611 quod
2311 1546 2444 1590 non

492 1619 579 1683 sit
620 1619 693 1682 in
733 1624 1054 1700 potestate
1099 1626 1324 1683 nostra
1362 1620 1579 1682 situm.
1646 1616 1920 1699 Nempe,
1966 1615 2024 1679 si
2067 1634 2231 1679 sana
2273 1620 2446 1678 esset

489 1704 796 1770 voluntas
814 1755 829 1781 ,
876 1711 954 1766 ut
996 1702 1310 1786 quidquid
1356 1703 1556 1768 habet
1597 1702 1841 1766 virium
1885 1700 1969 1765 ad
2013 1700 2179 1783 legis
2224 1698 2446 1763 obser-

488 1790 784 1856 vantiam
840 1787 1223 1870 applicaret:
1280 1789 1452 1853 sicut
1508 1789 1649 1871 ipse
1691 1786 1866 1851 idern
1923 1784 2308 1868 respondet,
2366 1782 2447 1847 de

486 1875 898 1940 Perfeetione
954 1875 1266 1939 iustitiae.
1291 1877 1339 1950 ι)
1442 1874 1636 1939 Nunc
1703 1892 1861 1937 vero
1915 1893 2118 1955 quum
2177 1890 2447 1953 prorsus

493 1968 841 2043 corruptae
885 1960 1022 2024 sint
1077 1962 1275 2024 totius
1317 1960 1577 2024 animae
1619 1957 1966 2023 facultates
1982 2009 1997 2034 ,
2044 1969 2110 2020 et
2153 1955 2238 2020 ad
2281 1956 2449 2020 bene

371 2037 382 2046 ’
492 2045 818 2130 agendum
861 2045 1160 2124 inutiles,
1207 2066 1340 2109 non
1380 2044 1662 2126 amplius
1705 2045 1775 2107 in
1821 2043 2009 2108 nobis
2053 2041 2446 2125 quaerenda,

489 2131 606 2196 sed
641 2152 678 2196 e
714 2130 890 2195 coelo
935 2131 1218 2213 petenda
1257 2137 1358 2194 est
1400 2139 1688 2211 potestas
1731 2128 1872 2206 illa,
1934 2148 2101 2210 quae
2143 2127 2308 2210 legis
2347 2127 2446 2190 iu-

493 2218 710 2282 stitiae
768 2215 1071 2282 sufficiat.
1160 2215 1348 2280 Haec
1394 2234 1530 2278 non
1578 2233 1754 2290 mea,
1812 2213 1928 2278 sed
1966 2213 2172 2296 ipsius
2216 2214 2450 2295 Augu-

492 2303 651 2369 stini
696 2301 905 2367 verba
950 2310 1123 2364 sunt.
1216 2301 1310 2363 At
1354 2319 1616 2382 semper
1660 2297 2017 2364 adiuvandi
2071 2297 2271 2364 verbo
2315 2298 2447 2362 uti-

486 2397 628 2453 tur:
685 2408 815 2470 quo
860 2385 1121 2450 videtur
1163 2386 1465 2462 innuere,
1525 2406 1658 2449 non
1701 2386 1920 2467 ipsum
1964 2404 2159 2467 agere
2204 2383 2443 2462 omnia,

485 2473 607 2539 sed
650 2471 838 2536 nobis
880 2479 1102 2555 partes
1145 2472 1213 2535 in
1259 2467 1512 2554 agendo
1556 2470 1805 2553 aliquas
1840 2469 2229 2551 relinquere.
2295 2470 2445 2534 Pri-

482 2578 702 2634 mum,
760 2564 876 2622 aut
917 2577 1050 2622 non
1095 2555 1595 2634 animadvertit,
1654 2564 1769 2620 aut
1808 2555 2330 2622 animadvertere
2374 2574 2445 2620 se

485 2642 862 2708 dissimulat
917 2643 1022 2707 hic
1076 2651 1388 2725 nugator,
1445 2643 1897 2724 Augustinum
1954 2641 2025 2703 in
2080 2640 2212 2705 illis
2257 2641 2444 2705 libris

485 2749 618 2792 non
679 2748 762 2792 ex
815 2728 1119 2791 instituto
1177 2734 1491 2802 tractare,
1549 2725 1706 2809 quid
1760 2730 1872 2802 sit,
1951 2731 2069 2790 aut
2124 2725 2442 2807 quidnam

485 2812 703 2880 valeat
759 2810 1041 2877 liberum
1097 2812 1477 2890 arbitrium,
1548 2813 1664 2877 sed
1739 2812 1951 2876 obiter
2017 2811 2160 2875 eius
2227 2813 2441 2876 facere

383 2927 390 2934 ·
483 2898 905 2964 mentionem.
1006 2897 1155 2963 Illic
1209 2898 1388 2961 enim
1444 2898 1732 2979 primum
1786 2898 2158 2980 quaeritur,
2214 2907 2442 2962 utrum

487 3005 572 3049 ex
635 2991 913 3048 naturae
990 2984 1378 3048 necessitate
1453 2985 1542 3048 sit
1603 3004 1808 3061 mors,
1882 3004 1970 3048 an
2042 3003 2125 3047 ex
2188 2984 2441 3065 peccati

484 3090 716 3154 poena.
827 3068 1119 3146 Deinde,
1203 3090 1287 3133 an
1356 3070 1639 3133 inveniri
1705 3068 2028 3151 quispiam
2097 3067 2441 3133 hominum

487 3156 694 3238 possit
737 3153 1162 3236 ἀναμάρτητος,
1199 3153 1266 3217 id
1311 3165 1428 3232 ost,
1474 3155 1618 3220 sine
1660 3164 1942 3236 peccato.
2010 3152 2206 3220 Unde
2248 3160 2317 3218 et
2358 3154 2439 3218 de

535 3252 753 3307 eccato
809 3239 1117 3323 originali
1174 3240 1468 3305 nascitur
1523 3239 1719 3303 tertia
1772 3241 2086 3321 quaestio.
2187 3238 2292 3303 De
2357 3238 2437 3302 li-

568 3347 641 3392 ro
685 3327 891 3408 igitur
933 3325 1235 3401 arbitrio,
1294 3345 1427 3389 non
1472 3334 1795 3407 quantum
1836 3322 1922 3388 ad
1964 3322 2441 3406 expediendam

483 3421 693 3477 totam
738 3411 1188 3496 quaestionem
1242 3410 1405 3476 satis
1461 3412 1548 3476 sit
1561 3462 1576 3486 ,
1639 3409 1754 3476 sed
1809 3418 2131 3491 quantum
2188 3410 2438 3476 occasio

483 3497 736 3563 ferebat
775 3497 850 3560 in
893 3496 1166 3562 alterius
1209 3497 1586 3581 argumenti
1631 3495 2039 3572 tractatione,
2080 3494 2215 3560 illic
2261 3493 2435 3561 dicit.

483 3583 594 3649 Ad
637 3582 782 3661 hoo,
825 3583 880 3646 si
924 3581 1286 3648 clausulam
1343 3582 1652 3664 inspicias
1667 3632 1683 3658 ,
1741 3579 1952 3645 nihilo
1996 3580 2218 3645 minus
2261 3600 2439 3646 com-

480 3668 860 3753 prehendit,
918 3688 1114 3751 quam
1165 3667 1339 3749 quod
1392 3667 1741 3732 tradimus:
1799 3664 1931 3731 Dei
1985 3665 2236 3731 scilicet
2273 3686 2438 3744 esse,

482 3753 760 3837 implere
817 3773 937 3836 per
992 3754 1272 3837 gratiam
1285 3804 1302 3831 ,
1362 3752 1537 3836 quod
1581 3771 1701 3835 per
1755 3752 1972 3834 legem
2015 3750 2255 3816 iubeat.
2347 3753 2441 3815 At

480 3849 708 3924 postea
742 3839 1003 3921 excipit,
1040 3860 1176 3904 non
1202 3838 1355 3904 solis
1392 3839 1563 3903 votis
1587 3834 1912 3920 agendum
1935 3857 2100 3902 esse.
2163 3836 2438 3920 Nempe,

482 3934 562 3991 ut
618 3923 864 3989 delirae
917 3933 986 3989 et
1039 3925 1280 4006 impiae
1323 3944 1549 3989 eorum
1604 3922 2061 4006 imaginationi
2120 3932 2436 4001 occurrat,

480 4013 594 4095 qui
635 4009 864 4076 Deum
907 4010 978 4074 in
1021 4009 1287 4074 homine
1331 4011 1499 4075 sicut
1539 4009 1611 4076 in
1655 4008 1874 4091 lapide
1891 4059 1906 4085 ,
1948 4007 2075 4072 hoc
2118 4017 2248 4085 est,
2295 4008 2439 4073 sine

481 4098 858 4170 intrinseco,
906 4104 981 4160 ut
1014 4097 1107 4158 ita
1149 4094 1406 4177 loquar,
1457 4094 1819 4159 voluntatis
1853 4094 1997 4182 eius
2039 4103 2248 4173 motu,
2285 4113 2438 4176 ope·

479 4182 616 4248 rari
679 4182 961 4264 fingunt.
1071 4181 1444 4258 Postrem0,
1523 4181 1580 4245 si
1657 4181 2077 4245 meminerint
2139 4178 2436 4258 lectores,

481 4288 646 4351 quas
704 4287 794 4331 ex
844 4263 1073 4331 eodem
1124 4264 1288 4330 libro
1333 4266 1697 4331 sententias
1754 4287 1966 4349 nuper
2009 4265 2206 4330 retuli
2228 4316 2245 4344 ,
2295 4266 2437 4328 Au-

482 4353 824 4439 gustinum
868 4361 1226 4434 agnoscent
1267 4351 1461 4435 longe
1503 4351 1654 4433 plus
1709 4352 1780 4414 in
1824 4371 2175 4435 progressu
2219 4352 2438 4432 expri-

481 4460 678 4517 mere,
726 4457 925 4520 quam
967 4437 1074 4502 hic
1117 4437 1419 4520 attingat.
1507 4436 1737 4518 Neque
1778 4437 1954 4500 enim
1990 4435 2072 4501 de
2114 4435 2437 4501 adiutorio

482 4525 611 4591 Dei
657 4524 870 4589 solum
914 4523 1222 4606 loquitur,
1269 4522 1457 4604 quasi
1498 4523 1592 4585 ita
1636 4541 1757 4585 nos
1800 4520 2072 4588 adiuvet
2110 4522 2315 4598 Deus,
2363 4530 2439 4586 ut

483 4619 941 4676 convertamus
987 4613 1134 4687 [pag.
1179 4623 1204 4671 1
1223 4613 1326 4687 13]
1373 4628 1492 4672 nos
1537 4607 1682 4689 ipsi,
1730 4605 1889 4671 dum
1925 4606 2007 4671 ab
2051 4628 2127 4671 eo
2162 4627 2436 4672 conver-

483 4697 703 4773 timur,
751 4695 921 4759 sicut
960 4694 1245 4778 Pighius
1288 4693 1634 4768 mentitur,
1693 4691 1810 4756 sed
1857 4692 2055 4756 unius
2099 4690 2230 4756 Dei
2274 4712 2437 4772 opus

483 4783 553 4846 in
597 4780 880 4845 solidum
922 4801 1064 4845 esse
1109 4780 1371 4856 asserit,
1431 4787 1565 4842 tam
1612 4778 1850 4841 mentis
1892 4797 2088 4859 quam
2132 4775 2435 4841 volunta-

485 4869 565 4928 tis
613 4863 1101 4943 vmotimdinem,
1152 4886 1349 4947 seque
1402 4865 1647 4933 fatetur
1699 4864 2032 4946 ignorare,
2093 4861 2252 4944 quid
2296 4880 2435 4925 om-

481 4955 641 5016 niuo
690 4955 892 5032 possit
932 4952 1000 5015 in
1046 4951 1334 5016 hominis
1377 4949 1719 5015 voluntate
1763 4947 1914 5012 boni
1960 4947 2260 5012 inveniri.

621 5223 679 5291 1)
721 5221 771 5276 1.
808 5237 850 5275 e.
889 5225 951 5275 in
984 5222 1126 5277 libro
1159 5237 1260 5278 sao
1293 5223 1438 5278 hunc
1472 5222 1688 5277 ausam
1718 5236 1860 5290 prae
1893 5236 1951 5274 ae
1981 5221 2203 5287 ferente.

1975 310 2103 377 DE
2148 308 2504 377 LIBERO
2548 310 3022 378 ARBI'I'RIO.

4380 317 4508 380 314

2725 498 2917 580 Quae
2961 521 3041 564 ex
3088 500 3254 564 libro
3290 500 3370 565 de
3416 500 3672 583 Spiritu
3715 509 3782 565 et
3815 500 4009 564 litera
4044 499 4325 580 adducit,
4371 523 4508 567 non

2548 586 2749 668 longa
2790 586 3193 668 exposit-ione
3235 585 3553 669 indigent,
3596 586 3654 651 si
3687 583 4040 651 candidum
4083 585 4369 651 habeant
4401 587 4509 653 in-

2551 678 2934 754 terpretem,
2992 671 3115 735 hoc
3158 679 3275 750 est,
3324 671 3707 736 dissimilem
3754 672 4021 755 Pighio,
4082 673 4194 754 qui
4241 672 4506 738 nullum

2550 778 2687 821 uon
2726 767 2947 821 movet
2991 758 3275 840 lapidem
3293 808 3306 835 ,
3361 766 3440 821 ut
3488 758 3655 822 bene
3698 758 3868 821 dicta
3912 759 4214 840 pessimis
4258 758 4507 823 calum-

2551 843 2679 907 niis
2735 842 3064 925 depravet.
3168 845 3584 926 Augustinus
3637 841 3836 907 fidem
3892 843 3961 907 in
4032 841 4233 907 libera
4275 852 4506 908 nostra

2552 936 2875 1011 potestate
2919 929 3286 1007 constituit,
3343 938 3569 1011 utpote
3604 948 3769 1010 quae
3815 950 3856 993 a
3896 929 4239 993 voluntate
4282 939 4509 995 nostra

2551 1013 2867 1095 pendeat:
2926 1015 3079 1095 quia
3120 1015 3324 1079 libero
3369 1015 3672 1094 arbitri0,
3717 1023 3831 1078 aut
3872 1012 4145 1079 tendere
4181 1013 4264 1079 ad
4309 1014 4505 1081 fidem

2551 1099 2903 1181 possimus,
2959 1107 3073 1163 aut
3129 1099 3210 1163 ad
3280 1099 3733 1164 infidelitatem
3804 1100 4139 1165 inclinare.
4241 1098 4318 1165 Si
4372 1108 4511 1166 tota

2553 1184 2910 1266 disputatio
2968 1186 3060 1248 sic
3110 1184 3551 1262 clauderetur,
3612 1185 3909 1265 haberet,
3954 1187 4179 1264 fateor,
4224 1186 4511 1270 Pighius

2552 1269 2991 1334 insolescendi
3030 1272 3393 1335 materiam.
3481 1269 3616 1335 Sed
3663 1292 3865 1353 quum
3909 1279 4297 1353 potestatem
4337 1272 4509 1340 hanc

2553 1355 2873 1439 singulari
2937 1357 3067 1420 Dei
3131 1355 3299 1421 dono
3346 1358 3626 1421 conferri
3682 1356 3899 1433 nobis,
3967 1378 4101 1421 non
4158 1379 4240 1421 ex
4299 1357 4508 1424 libero

2553 1441 2824 1505 arbitrio
2896 1462 3166 1525 surgere
3233 1442 3429 1507 simul
3496 1451 3804 1506 testetur:
3886 1441 4193 1508 credendi
4247 1462 4506 1526 quoque

2551 1527 2992 1606 voluntatem,
3048 1548 3179 1591 non
3225 1538 3502 1592 naturae
3535 1525 3826 1592 bonitate
3872 1529 4156 1610 concipi,
4203 1529 4317 1593 sed
4362 1530 4507 1594 fieri

2551 1633 2626 1677 ac
2685 1613 2949 1676 formari
3006 1632 3127 1694 per
3192 1613 3497 1695 spiritum
3554 1621 3886 1679 sanctum:
3945 1634 4164 1677 nonne
4208 1614 4341 1678 iam
4387 1615 4507 1680 eli-

2551 1718 2700 1762 cere
2751 1708 3127 1779 promptum
3183 1707 3315 1776 est,
3383 1697 3538 1782 quid
3603 1699 4046 1780 superioribus
4099 1699 4230 1763 illis
4285 1699 4510 1766 verbis

2554 1783 2679 1848 sibi
2737 1782 2938 1847 velit?
3040 1783 3322 1867 Nempe,
3380 1793 3540 1850 tunc
3585 1796 3880 1850 nostram
3923 1805 4069 1850 esse
4113 1793 4182 1848 et
4219 1792 4507 1868 potesta-

2552 1878 2706 1947 tem,
2752 1879 2820 1933 et
2875 1869 3314 1948 voluntatem,
3372 1891 3572 1951 quum
3618 1879 3895 1953 utraque
3940 1871 4125 1937 nobis
4169 1869 4322 1936 data
4363 1870 4506 1937 fue-

2553 1955 2666 2018 rit:
2715 1955 2883 2019 sicut
2926 1954 3133 2032 docet,
3181 1956 3319 2019 eius
3364 1955 3579 2037 operis
3615 1957 3824 2039 capite
3868 1976 4071 2033 nono,
4131 1955 4212 2022 de
4255 1957 4508 2022 iustitia

2553 2050 2622 2103 et
2679 2039 2808 2104 fide
2873 2039 3161 2121 loquens.
3264 2040 3661 2123 Utrumque,
3720 2042 3960 2124 inquit,
4030 2052 4328 2107 nostrum
4372 2055 4504 2109 est:

2555 2124 2670 2189 sed
2735 2124 2881 2189 ideo
2947 2125 3077 2189 Dei
3124 2134 3192 2190 et
3256 2124 3506 2191 Christi
3575 2126 3839 2205 dicitur,
3895 2126 4069 2209 quod
4114 2130 4262 2196 ,eius
4315 2129 4507 2194 nobis

2552 2210 2855 2294 largitate
2901 2209 3196 2275 donatur.
3262 2210 3457 2291 Quod
3492 2220 3732 2289 autem,
3772 2209 4063 2277 adhibita
4108 2214 4282 2278 inter
4315 2235 4507 2296 posse

2553 2304 2622 2359 et
2663 2295 2836 2361 velle
2868 2296 3309 2374 distinctione,
3357 2297 3529 2362 hanc
3559 2297 3911 2362 formulam
3946 2307 4147 2381 negat
4188 2299 4259 2362 in
4299 2301 4508 2382 scrip-

2551 2392 2704 2447 tura
2758 2381 3072 2459 inveniri,
3130 2383 3303 2464 quod
3360 2403 3492 2448 non
3548 2384 3636 2448 sit
3690 2382 3999 2448 voluntas
4058 2384 4186 2449 nisi
4243 2405 4282 2448 a
4326 2382 4500 2450 Deo:

2552 2469 2717 2532 sicut
2764 2467 2843 2532 de
2878 2475 3203 2550 potestate
3246 2466 3562 2550 loquitur,
3610 2469 3799 2533 nobis
3844 2490 3962 2551 per
4003 2471 4223 2533 omnia
4265 2470 4503 2535 suffra-

2552 2560 2764 2636 gatur.
2868 2552 3154 2619 Causam
3196 2554 3375 2618 enim
3431 2574 3587 2619 mox
3631 2553 4000 2637 subiungit:
4058 2575 4141 2619 ne
4188 2555 4335 2637 quis
4380 2557 4505 2623 soi-

2549 2638 2704 2704 licet
2771 2639 2976 2704 malas
3034 2639 3410 2705 voluntates
3473 2638 3618 2704 Deo
3685 2639 4031 2706 adscribat.
4125 2639 4500 2721 Caeterum,

2548 2722 2789 2789 bonam
2848 2723 2993 2789 Deo
3058 2725 3498 2803 voluntatem,
3551 2727 3726 2792 sicut
3768 2747 3807 2791 a
3849 2726 3994 2792 Deo
4051 2726 4358 2805 efficitur,
4412 2729 4504 2792 ita

2550 2810 2677 2874 rite
2734 2832 2808 2876 ac
2863 2811 3098 2875 merito
3165 2810 3265 2875 illi
3319 2810 3551 2890 tribui,
3608 2812 3922 2878 concedit.
4013 2814 4113 2877 Ac
4166 2813 4259 2880 sic
4330 2814 4507 2878 inter

2548 2896 2769 2961 Deum
2810 2903 2877 2960 et
2920 2896 3256 2961 hominem
3358 2898 3626 2977 artitur,
3682 2907 3756 2963 ut
3799 2899 4167 2964 consentire
4212 2897 4344 2963 Dei
4385 2920 4504 2964 vo-

2546 2983 2825 3060 cationi,
2896 2982 3003 3047 vel
3049 2982 3132 3047 ab
3190 3004 3268 3047 ea
3356 2983 3691 3062 issentire,
3751 2985 3822 3049 in
3879 2983 4082 3049 libero
4140 2983 4505 3050 voluntatis

2547 3074 2733 3131 motu
2789 3069 2991 3131 situm
3047 3088 3192 3132 esse
3251 3066 3440 3134 dicat.
3540 3070 3841 3135 Contexe
3893 3069 4067 3152 quod
4120 3072 4344 3136 statim
4402 3092 4504 3136 se—

2546 3153 2771 3233 quitur
2818 3151 2992 3234 apud
3052 3154 3535 3237 Augustinum,
3606 3154 3776 3237 quod
3831 3155 4157 3220 malitiose
4223 3157 4504 3221 subticet

2546 3236 2847 3321 Pighius,
2892 3247 2960 3301 et
3003 3237 3254 3303 solutus
3301 3241 3426 3303 erit
3469 3241 3697 3305 nodus.
3790 3240 3862 3306 Si
3908 3241 4055 3323 quis
4092 3262 4216 3308 me.
4262 3242 4496 3322 inquit,

2546 3321 2631 3386 ad
2624 3322 3189 3471 „meunditatem
3243 3324 3426 3389 illam
3473 3331 3621 3404 [pag.
3670 3331 3814 3404 114]
3858 3333 4180 3404 coarctet,
4236 3346 4353 3391 cur
4410 3327 4539 3392 ita.

2543 3428 2622 3473 su
2708 3416 2899 3473 eatur
2919 3408 3073 3475 huic
3105 3417 3182 3474 ut
3203 3410 3694 3493 persuadeatur,
3740 3410 3933 3475 alteri
3966 3418 4188 3474 autem
4210 3432 4344 3475 non
4387 3411 4501 3490 ita,

2545 3492 2674 3558 duo
2731 3491 2938 3559 habeo
2994 3515 3160 3577 quae
3222 3493 3669 3576 respondeam.
3781 3495 3842 3561 Ο
3899 3494 4177 3560 altitudo
4238 3495 4505 3562 divitia—

2543 3599 2697 3643 rum
2750 3579 2970 3662 (Rom.
3022 3585 3128 3658 11,
3169 3581 3300 3664 33),
3347 3588 3469 3646 etc.
3571 3581 3722 3646 Non
3789 3589 3891 3647 est
3959 3582 4274 3663 iniquitas
4328 3582 4503 3665 apud

2544 3662 2767 3729 Deum
2811 3663 3032 3747 (Rom.
3075 3673 3132 3743 9,
3177 3667 3305 3836 143.
3396 3666 3536 3731 Cur
3590 3666 3712 3731 hoc
3758 3665 3969 3744 addit,
4016 3668 4144 3732 nisi
4189 3668 4344 3750 quia
4389 3666 4504 3732 ille

2545 3769 2805 3832 quoque
2829 3772 3204 3829 consensus,
3232 3755 3251 3791 ¹
3329 3772 3525 3834 quem
3552 3753 3625 3817 in
3647 3752 3932 3817 hominis
3957 3761 4278 3835 potestate
4302 3754 4502 3818 collo-

2545 3843 2829 3914 caverat,
2871 3857 3034 3919 opus
3079 3857 3221 3902 esse
3265 3837 3395 3901 Dei
3437 3837 3776 3922 agnoscit?
3847 3837 4095 3902 Parum
4138 3839 4314 3903 enim
4351 3860 4505 3921 pro-

2547 3922 2772 3985 ficeret
2833 3922 3021 3988 Deus
3074 3923 3483 3988 voluntatem
3558 3935 3854 3989 nostram
3931 3923 4305 4000 excitandO,
4373 3925 4501 3989 nisi

2547 4026 2694 4071 eam
2739 4005 2824 4071 ad
2867 4009 3130 4074 firmum
3175 4028 3383 4091 usque
3439 4029 3831 4074 consensum
3878 4008 4191 4092 dirigeret
4232 4027 4307 4074 ac
4350 4029 4499 4091 per-

2548 4091 2833 4158 duceret.
2925 4090 3322 4176 Quanquam
3379 4115 3501 4159 nec
3545 4116 3615 4160 se
3660 4094 3929 4159 tandem
3980 4095 4312 4157 continere
4355 4105 4500 4177 pot-

2546 4185 2648 4242 est
2681 4177 2983 4261 Pighius,
3022 4180 3182 4261 quin
3205 4201 3324 4245 nos
3358 4182 3499 4262 ipse
3522 4201 3777 4263 quoque
3814 4179 4131 4245 sublevet.
4199 4180 4497 4256 Errasse,

2545 4264 2776 4345 inquit,
2821 4285 2891 4329 se
2934 4265 3180 4330 fatetur
3223 4266 3669 4349 Augustinus,
3716 4267 3869 4348 quia
3911 4273 4175 4330 nostrae
4220 4285 4361 4330 esse
4402 4266 4498 4329 fa-

2544 4349 2806 4414 cultatis
2849 4359 3219 4432 putaverat,
3267 4351 3608 4434 evangelio
3651 4352 4041 4415 consentire.
4125 4348 4302 4430 Quid
4340 4371 4496 4436 ergo

2544 4455 2778 4500 causae
2822 4443 2937 4512 est,
2985 4457 3103 4500 cur
3147 4457 3230 4499 ne
3317 4437 3484 4499 tium
3519 4436 3705 4501 nobis
3749 4434 4067 4500 facessat?
4114 4437 4303 4517 quasi
4344 4458 4497 4519 pro-

2545 4521 2689 4602 p'ria
2746 4519 2908 4585 haec
2965 4529 3137 4586 esset
3188 4521 3235 4583 li
3281 4522 3369 4584 eri
3435 4521 3688 4585 arbitrii
3732 4520 4024 4586 facultas.
4113 4519 4493 4587 Secundum

2549 4604 2723 4669 hanc
2766 4607 2971 4689 igitur
3014 4605 3488 4670 confessionem
3524 4605 3801 4672 inclinat
3826 4627 3936 4672 cor
3970 4617 4272 4671 nostrum
4307 4609 4495 4673 Deus

2548 4699 2623 4754 ut
2665 4692 3144 4755 consentiamus
3212 4692 3569 4775 evangelio.
3663 4691 4035 4757 Consensus
4091 4692 4203 4757 ille
4257 4695 4493 4758 merito

2543 4783 2770 4839 noster
2828 4775 3091 4854 dicitur,
3157 4775 3271 4840 sed
3327 4797 3461 4840 non
3516 4778 3638 4854 ita,
3701 4785 3775 4841 ut
3816 4778 4225 4862 intelligatur
4265 4799 4408 4843 esse
4453 4800 4494 4842 a

2542 4860 2749 4924 nobis.
2852 4859 2965 4925 Sic
3019 4861 3200 4927 alibi:
3232 4860 3290 4944 ²)
3357 4862 3500 4928 Ista
3554 4871 3654 4928 est
3705 4861 3869 4928 fides
3917 4884 4113 4945 quam
4180 4864 4389 4946 exigit
4451 4884 4490 4927 a

2543 4944 2730 5009 nobis
2773 4946 2991 5022 Deus:
3040 4956 3108 5009 et
3146 4970 3278 5010 non
3322 4949 3577 5012 invenit
3618 4948 3787 5030 quod
3832 4950 4067 5033 exigit,
4115 4949 4243 5013 nisi
4289 4948 4493 5013 dona-

2788 5112 2909 5119 —4—

2681 5219 2740 5284 1)
2781 5218 2875 5275 Sic
2906 5220 3038 5275 Ζῶν-ι’
3071 5223 3248 5274 nostri
3280 5236 3477 5276 omnes.
3616 5220 3677 5288 2)
3714 5221 3893 5275 Tract.
3929 5218 4014 5274 29.
4049 5222 4101 5273 in
4139 5220 4323 5274 Ioann.
