4967 5992
0 3668 21 3706 ’ᾗ
0 3564 18 3586 Ἰ
1 3484 27 3542 -1-
16 3348 25 3395 ..-
1 3283 4 3294 -

21 5033 30 5050 -·
0 4388 99 4894 mmmm*
32 4504 63 4531 22
0 3824 67 4437 „fras-offgwez-roezasqnz

73 5035 88 5044 ι
98 4814 131 4931 “x-'⁵'—
118 4766 129 4773 Ἴ
66 4674 109 4733 ’,ἐι
82 4536 97 4545 ’Δ
60 4446 93 4483 J*
74 4224 83 4229 .
74 4130 109 4171 Γ..

436 372 614 438 xv1
1609 354 2156 445 mermes
2199 361 2789 431 monem&
2829 360 3275 431 monne.
3341 444 3350 453 ,

741 558 937 627 Hanc
990 554 1346 622 editionem
1396 572 1662 625 curasse
1715 552 1979 619 videtur
2030 552 2319 619 Ioannes
2363 552 2686 630 Garnier,
2741 551 3051 618 eeclesiae
3085 549 3383 661 ’gallicae
3415 552 3987 655 ‘argentoratensis
4031 558 4255 638 pastor
4294 555 4452 623 inde

432 670 515 736 ab
557 692 614 736 a.
667 673 853 746 1544,
896 667 1011 749 qui
1051 666 1331 732 fortasse
1374 662 1456 729 de
1498 684 1619 731 suo
1660 663 1984 730 nonnulla
2025 661 2307 745 addidit,
2360 661 2442 728 de
2499 662 2738 744 quibus
2793 683 2951 728 mox
3005 661 3317 729 dicemus.
3403 662 3694 730 Unicum
3736 663 3940 730 huius
3981 664 4190 733 libelli
4230 686 4454 733 exem-

429 781 575 865 plar
617 779 793 843 nacti
836 797 1069 843 sumus
1108 776 1183 841 in
1223 774 1621 842 bibliotheca
1662 775 1875 841 civica
1914 773 2440 858 argentoratensi
2483 778 2917 838 asservatum.
3007 773 3254 839 Forma
3296 773 3438 839 eius
3481 781 3583 840 est
3628 775 3964 843 octonaria
3993 778 4249 858 minor3
4293 799 4454 863 qua-

316 956 323 961 *
430 891 763 956 terniones
815 886 1173 956 octodecim
1237 885 1335 973 (A
1346 886 1427 952 B.
1476 906 1692 951 a—n.
1750 886 1975 951 AA-
1989 883 2166 970 OO);
2230 884 2389 950 solia
2450 903 2586 949 non
2650 880 2736 948 ad
2787 885 2990 949 finem
3054 904 3262 967 usque
3330 892 3696 951 numerata.
3797 886 4101 953 Titulum
4156 889 4457 974 sequitur

430 1001 766 1068 Praefatio
807 999 916 1066 fol.
963 1002 1132 1063 2-6
1176 999 1311 1064 iam
1355 1017 1552 1063 suum
1596 1006 1894 1062 autorem
1934 996 2254 1079 professa:
2308 995 2321 1078 Ι
2367 1004 2605 1060 IEHAN
2641 1003 2916 1059 CALVIN
2959 1003 3008 1058 A
3044 1003 3230 1060 TOUS
3266 1004 3722 1062 CHRESTIENS
3765 1006 3865 1062 ΕΤ
3910 1007 4310 1066 AMATEUBS
4352 1011 4458 1068 DE

431 1122 532 1176 LA
575 1120 917 1177 PAROLLE
954 1119 1056 1174 DE
1093 1119 1291 1175 DIEU.
1349 1118 1404 1174 S.
1456 1116 1467 1185 Ι
1522 1118 1593 1174 et
1645 1107 1831 1173 euius
1885 1106 2166 1190 paginae
2219 1126 2338 1172 sex
2395 1106 2649 1188 priores
2692 1104 2894 1171 verbo
2950 1113 3147 1171 tenus
3188 1106 3665 1189 praefationem
3708 1127 3882 1173 anno
3933 1112 4096 1174 1542
4141 1112 4462 1196 scriptam

430 1222 747 1301 referunt,
793 1229 1076 1304 quatuor
1117 1220 1410 1304 reliquae
1452 1217 1534 1283 de
1576 1216 1831 1283 musica
1871 1236 2060 1283 saera
2110 1217 2529 1300 potissimum
2570 1223 2841 1301 agentes
2894 1237 3078 1283 nune
3119 1217 3408 1300 primum
3451 1216 3713 1284 additae
3756 1225 3941 1299 sunt,
3996 1220 4250 1288 adiecta
4290 1243 4453 1305 quo-

431 1355 557 1418 que
602 1333 1115 1418 subscriptione:
1170 1331 1275 1397 De
1323 1329 1590 1408 Genese,
1648 1347 1714 1393 ce
1764 1332 1859 1393 10.
1902 1328 1979 1394 de
2022 1326 2237 1411 Ιαίηρ,
2282 1328 2377 1393 Μ.
2399 1328 2486 1393 D.
2511 1326 2770 1394 XLIII.
2857 1326 2967 1393 Ex
3012 1328 3136 1397 hac
3178 1329 3339 1394 anni
3394 1336 3553 1394 nota
3603 1328 3796 1394 facile
3850 1331 4206 1399 conieceris
4250 1334 4453 1399 exsti-

429 1445 590 1511 tisse
634 1445 987 1512 editionem
1033 1443 1322 1525 aliquam
1360 1446 1588 1505 nostra
1630 1438 1862 1523 (1545)
1922 1438 2387 1521 antiquiorem,
2444 1439 2883 1506 recentiorem
2925 1460 3082 1506 vero
3124 1459 3328 1523 supra
3367 1438 3643 1505 laudata
3675 1440 3836 1505 anni
3884 1443 4047 1506 1542
4066 1492 4084 1521 ,
4125 1462 4308 1541 'quae
4349 1452 4452 1510 ta·

312 1550 317 1551 ’
430 1576 585 1621 men
640 1555 864 1622 oeulos
915 1562 1176 1620 nostros
1228 1551 1418 1635 fugit.
1508 1549 1650 1615 Fol.
1699 1554 1737 1612 7
1752 1588 1838 1598 -
1858 1553 1933 1612 15
1977 1548 2295 1633 leg-untur
2335 1548 2658 1615 formulae
2700 1548 3102 1634 agendorum
3160 1560 3229 1616 et
3281 1570 3554 1634 precum
3609 1550 3814 1618 cultui
3870 1550 4130 1619 dierum
4171 1553 4451 1641 domini-

340 1676 349 1683 ·
431 1686 662 1733 earum
704 1664 1042 1731 ordinario
1086 1663 1386 1747 scriptae,
1429 1682 1600 1745 quae
1640 1661 1858 1727 fuerat
1899 1658 2104 1725 libelli
2145 1660 2434 1743 primum
2477 1658 2639 1725 editi
2680 1679 2836 1743 pars
2889 1661 3098 1743 prior,
3154 1682 3334 1728 nune
3378 1662 3631 1728 auctior
3673 1670 3742 1727 et
3783 1663 3941 1731 hine
3983 1661 4138 1730 inde
4181 1664 4452 1732 variata.

429 1777 574 1842 Fol.
631 1780 805 1839 16-
824 1778 945 1839 112
1003 1773 1337 1839 habentur
1390 1771 1646 1839 Psalmi
1698 1792 1852 1838 cum
1905 1771 2082 1836 notis
2137 1771 2277 1838 suis
2320 1771 2619 1851 musicis,
2666 1772 2902 1855 quibus
2955 1772 3342 1856 praefigitur
3395 1773 3659 1841 brevior
3700 1773 3925 1858 aliqua
3967 1772 4326 1843 admonitio
4368 1776 4456 1842 ad

426 1887 775 1964 lectorem,
835 1884 1072 1952 editori
1128 1882 1456 1952 Gamerio
1510 1884 1727 1967 potius
1779 1903 1979 1966 quam
2042 1880 2324 1948 Calvino
2388 1880 2762 1961 tribuenda,
2842 1883 3338 1968 subiunguntur
3393 1903 3550 1951 vero
3612 1883 3722 1949 fol.
3777 1888 3897 1949 112
3952 1906 4194 1953 verso
4218 1926 4304 1936 —
4329 1890 4453 1951 116

429 1995 836 2081 psalmorum
884 1993 1109 2063 tabula
1158 1994 1598 2080 alphabetica,
1654 2001 1724 2061 et
1777 1994 2189 2077 precationes
2240 1992 2394 2058 illae
2449 1991 2844 2061 domesticae
2886 1993 3050 2059 alias
3091 1993 3176 2059 ad
3217 1993 3464 2060 calcem
3506 1993 3909 2061 Oateehismi
3945 2017 4326 2080 expressae,
4374 1997 4457 2065 de

430 2108 670 2190 quibus
713 2128 832 2174 suo
874 2106 1016 2173 loeo
1060 2105 1312 2172 dietum
1354 2112 1471 2173 est.
1580 2104 1825 2171 Finem
1878 2105 2131 2172 faciunt
2169 2102 2527 2169 Formulae
2569 2110 3133 2170 sacramentorum
3186 2103 3888 2187 administrandorum,
3941 2127 4115 2191 quae
4157 2115 4259 2175 est
4300 2128 4456 2193 pars

432 2218 757 2301 posterior
812 2216 1018 2282 libelli
1072 2237 1247 2283 anno
1310 2220 1474 2282 1542
1530 2215 1723 2294 editi,
1783 2224 1851 2280 et
1902 2214 2077 2280 foliis
2130 2213 2396 2298 quidem
2441 2217 2523 2278 22
2581 2234 2715 2280 non
2767 2215 3149 2280 numeratis.
3236 2214 3321 2279 In
3374 2215 3527 2282 folio
3571 2216 3808 2283 ultimo
3852 2218 4193 2285 adduntur
4236 2226 4457 2286 errata

431 2328 758 2412 quaedam
805 2326 1193 2413 corrigenda
1243 2336 1311 2393 et
1366 2326 1675 2394 versiculi
1727 2326 1979 2410 aliquot
2020 2325 2239 2410 gallici
2255 2375 2272 2403 ,
2330 2326 2567 2408 quibus
2610 2324 2748 2403 hie,
2794 2343 2880 2390 ne
2922 2346 3041 2390 suo
3083 2324 3331 2391 honore
3374 2326 3766 2392 fraudentur
3779 2380 3794 2408 ,
3843 2327 4217 2395 modestum
4260 2351 4459 2396 suum

432 2440 784 2522 spatiolum
827 2439 1287 2507 concedemus:

2138 2611 2194 2670 1.
2246 2605 2624 2672 Tessalonis.
2674 2611 2735 2671 5.

1608 2740 1999 2827 N‘esteiffineae
2028 2743 2215 2824 point
2254 2742 2499 2825 l’esprit
2544 2741 2609 2807 S.
2651 2749 2709 2809 et
2748 2743 2929 2828 loyal.

1604 2853 1709 2919 La
1738 2853 2068 2938 prophetie
2107 2854 2290 2920 aussi
2330 2873 2409 2920 ne
2450 2857 2809 2920 mntemnee.

1605 2963 1970 3049 Esprouven
2011 2968 2156 3044 tout,
2198 2983 2262 3030 ce
2301 2964 2415 3046 qui
2455 2969 2548 3030 est
2585 2964 2702 3030 bon
2743 2969 2929 3046 tenen,

1612 3076 1795 3143 esta
1835 3075 1912 3141 de
1952 3094 2108 3141 vous
2148 3078 2309 3142 toute
2360 3094 2565 3158 espeee
2604 3075 2683 3143 de
2722 3077 2872 3143 mal.

2142 3244 2397 3311 ·P8alm.
2446 3251 2599 3311 104.

1609 3381 1953 3449 Pseaunoes
1998 3389 2056 3449 et
2095 3382 2406 3449 chamon-s·
2448 3381 2801 3468 cleanteray,

1604 3494 1672 3560 A
1713 3514 1803 3559 un
1848 3493 1980 3561 seul
2022 3492 2216 3574 Βίου,
2261 3498 2396 3560 tant
2435 3515 2555 3577 que
2594 3515 2797 3580 seray.

747 3689 877 3756 His
929 3688 1231 3756 versibus
1287 3689 1570 3774 denique
1626 3689 2052 3775 subiungitur
2103 3710 2348 3755 nomen
2405 3691 2704 3756 officinae
2755 3691 3268 3776 typographicae
3309 3699 3454 3757 tum
3493 3690 3808 3774 temporis
3847 3691 4281 3776 Argentorati
4322 3710 4455 3756 non

434 3800 668 3869 ultimo
708 3799 853 3867 1000
893 3799 1288 3867 celebratae:
1341 3808 1354 3877 Ι
1400 3810 1723 3867 mmmm
1763 3811 1817 3866 A
1861 3810 2335 3867 STRASBOVBG
2375 3809 2481 3867 EN
2523 3810 3040 3868 L‘uffmimnm
3082 3812 3187 3868 DE
3227 3811 3464 3867 mHAN
3504 3809 3898 3867 KNOBLOGH
3944 3809 3957 3878 Ι
4002 3806 4154 3864 Ῑιάκ
4202 3803 4387 3866 1545.

746 3909 975 3976 Tertia
1016 3910 1245 3991 editio,
1306 3932 1476 3995 quae
1529 3913 1721 3979 nobis
1762 3912 1997 3979 saltem
2038 3933 2159 3997 pre
2202 3919 2498 3996 tempore
2540 3912 2738 3978 tertia
2781 3918 2912 3993 est,
2964 3913 3039 3978 in
3090 3914 3309 3980 forma
3348 3913 3629 3978 minima
3674 3916 3755 3978 32
3800 3912 4109 3979 foliorum
4151 3932 4287 3979 non
4329 3933 4457 3977 nu-

435 4029 844 4090 meratorum
889 4021 1166 4109 (A-D)
1223 4043 1362 4089 non
1404 4023 1533 4088 nisi
1575 4022 1859 4109 Agenda
1900 4030 1969 4089 et
2007 4023 2324 4089 formulas
2365 4043 2642 4107 precum
2683 4024 3008 4105 eontinet,
3067 4045 3152 4091 ne
3206 4025 3681 4108 praefationem
3722 4022 3987 4108 quidem
4029 4022 4299 4090 Oalvini
4340 4021 4457 4088 ad-

438 4132 554 4213 dit,
599 4140 797 4218 atque
841 4133 1003 4199 adeo
1046 4132 1263 4200 locum
1305 4155 1499 4200 suum
1542 4135 1832 4201 natalem
1885 4143 1956 4201 et
2010 4135 2409 4220 typographi
2464 4156 2708 4203 nomen
2761 4142 2954 4202 tacet.
3043 4136 3265 4202 Huius
3307 4155 3568 4219 quoque
3612 4135 3951 4219 exemplar
3995 4142 4261 4220 praeter
4303 4153 4456 4200 nes-

435 4249 620 4309 trum
657 4265 870 4328 neque
906 4242 1196 4311 vidimus
1239 4244 1472 4327 ullum,
1518 4266 1733 4330 neque
1775 4245 1933 4313 alibi
1976 4252 2237 4312 exstare
2279 4247 2684 4314 rescivimus.
2775 4246 3039 4312 'l'itulus
3082 4253 3208 4313 est.

749 4388 848 4443 LA
892 4389 1149 4447 FORME
1193 4390 1336 4448 ΒΕΘ
1381 4390 1394 4459 Ι
1446 4391 1758 4449 PRIERES
1808 4390 1820 4460 1
1869 4382 2434 4468 Ecclesiastiques,
2478 4404 2641 4451 avec
2681 4384 2751 4451 la
2792 4385 3088 4451 maniere
3144 4384 3204 4450 d’
3208 4382 3323 4450 ad-
3339 4384 3708 4468 {minian-01·
3758 4382 3856 4449 les
3911 4379 4333 4461 Saeremens,
4388 4389 4456 4446 et

344 4508 359 4517 ‘
438 4487 730 4556 celebrer
776 4497 788 4566 Ι
837 4488 902 4555 le
946 4491 1264 4579 Mariage,
1310 4502 1378 4559 et
1419 4493 1487 4560 la
1530 4493 1866 4561 visitation
1915 4493 1926 4577 Ι
1977 4492 2094 4560 des
2133 4492 2443 4561 maiades.
2505 4495 2515 4579 Ι
2917 4496 2928 4579 Ι
2965 4504 3109 4560 1Νο
3147 4505 3348 4562 xvm.
3410 4504 3420 4573 Ι
3477 4495 3540 4562 11
3583 4497 3726 4562 faut
3767 4493 4101 4560 tousiours
4144 4493 4342 4578 prier,
4388 4500 4458 4557 et

436 4619 524 4666 ne
566 4619 639 4666 se
685 4599 698 4683 Ι
746 4599 955 4666 lasser
994 4602 1200 4684 point.
1251 4604 1261 4687 Ι
1324 4609 1505 4671 1547.

748 4743 981 4810 Prima
1020 4744 1227 4812 verba
1276 4747 1474 4816 huius
1529 4750 1709 4817 tituli
1759 4751 1973 4818 literis
2020 4749 2405 4817 maiusculis
2456 4772 2770 4836 expressa
2819 4753 3227 4819 ornamentis
3278 4750 3557 4819 arabicis
3599 4770 3767 4835 quae
3821 4748 4134 4815 dicuntur
4175 4748 4454 4813 circum·

439 4854 685 4951 scripta
725 4861 901 4935 sunt,
946 4856 1213 4922 omnino
1256 4858 1490 4926 iisdem
1530 4882 1693 4945 quas
1735 4870 1804 4929 et
1837 4862 1911 4929 in
1954 4860 2377 4929 Oatechismo
2420 4862 2657 4947 gallico
2711 4885 2767 4929 a.
2820 4866 2984 4929 1548
3035 4862 3556 4931 observavimus.
3643 4861 3793 4927 Iam
3835 4880 4038 4944 quum
4081 4864 4150 4925 et
4191 4859 4335 4944 typi
4380 4858 4454 4925 in

438 4971 723 5051 utroque
766 4965 1078 5050 opusculo
1119 4967 1323 5039 iidem
1363 4980 1740 5055 appareant,
1783 4979 2086 5040 nostrum
2127 4972 2221 5040 Io.
2269 4973 2556 5047 Gjrardo
2599 4973 2979 5041 Genevensi
3015 4972 3307 5041 tribuere
3348 4994 3482 5040 non
3524 4970 3916 5038 dubitamus.
3983 4969 4205 5038 Multo
4238 4971 4456 5057 magis

49 5127 101 5191 ‘.
438 5074 561 5167 nos
601 5096 967 5163 suspensos,
1000 5080 1221 5144 tenuit
1262 5087 1518 5161 textus,
1574 5103 1774 5166 quem
1812 5084 2117 5166 plurimis
2158 5083 2320 5155 locis
2362 5086 2445 5152 ab
2490 5106 2568 5153 eo
2611 5080 2951 5152 diversum
2994 5082 3546 5167 deprehendimus
3590 5083 3704 5167 qui
3743 5083 3820 5148 in
3861 5082 4149 5153 editione
4191 5082 4452 5169 Argen·

29 5197 86 5222 ⁴·
174 5190 211 5271 ,“
326 5206 365 5253 ·.
438 5188 755 5263 bentensi
795 5209 853 5255 a.
908 5193 1070 5257 1545
1116 5189 1413 5271 habetur,
1457 5198 1529 5259 et
1567 5192 1694 5260 hee
1735 5192 1959 5261 minus
1998 5195 2409 5281 locupletem.
2499 5194 2655 5278 Qua
2697 5194 2780 5261 de
2820 5215 3037 5275 causa,
3081 5194 3393 5278 quamdiu
3445 5194 3880 5279 antiquiorem
3920 5193 4277 5261 editionem
4316 5214 4454 5261 non
