4967 5992
604 346 641 405 7
648 345 684 405 5
1337 369 1341 372 >
1905 331 2029 395 LE
2074 324 2675 398 OA'PEOHISME
2720 326 2849 391 DE
2897 325 3300 392 GENEVE.
4087 400 4092 411 ι
4522 325 4558 383 7
4564 325 4602 384 6

1068 573 1079 577 ·
1399 559 1465 592 LE
1500 557 1756 593 mmm.

775 612 1004 678 Recite
1048 608 1214 675 donc
1259 608 1415 690 qu'il
1453 616 1615 671 veut
1657 606 1796 671 dire
1839 627 1924 671 en
1967 624 2231 670 somme.

1446 710 1708 762 firmum-r.

774 783 838 846 Il
892 802 1058 846 nous
1112 780 1420 863 enseigne
1465 779 1545 843 (10
1588 781 1828 842 n’estre
1878 797 1998 859 pas
2042 774 2294 840 enclins
2339 780 2380 837 a
2420 771 2557 836 mal

602 872 793 954 iuger
835 888 918 933 ne
962 865 1318 931 detracter:
1365 865 1530 929 mais
1574 863 1857 947 plustost
1901 869 1942 926 a
1976 861 2128 925 bien
2170 858 2437 925 estimer
2472 856 2555 922 de

603 977 725 1022 noz
767 953 1147 1038 prochains,
1193 958 1339 1015 tant
1382 971 1506 1033 que
1549 949 1617 1014 la
1658 949 1867 1013 verite
1908 947 1970 1012 le
2014 950 2228 1029 perte,
2289 951 2356 1013 et
2398 964 2554 1009 con-

606 1062 833 1108 server
870 1041 1015 1105 leur
1058 1036 1271 1102 bonne
1316 1042 1690 1101 renommee
1735 1055 1819 1099 en
1860 1054 1983 1097 noz
2028 1030 2326 1115 parolles.

1360 1329 1425 1362 ne
1461 1327 1720 1361 umis-ran.
1743 1308 1783 1371 ¹)

774 1382 1047 1446 Venons
1092 1402 1177 1445 au
1221 1376 1482 1443 dernier
1526 1373 2107 1441 commandement.

1380 1466 1384 1477 ⁸
1442 1479 1711 1531 n’muum.

776 1555 880 1618 Tu
923 1571 1007 1616 ne
1047 1549 1455 1616 convoiteras
1498 1548 1682 1630 point
1724 1547 1790 1611 la
1833 1546 2083 1611 maison
2127 1543 2207 1608 de
2251 1552 2367 1607 ton
2403 1562 2553 1624 pro-

606 1640 826 1705 chain:
892 1645 967 1701 tu
1029 1657 1113 1701 ne
1178 1634 1583 1700 convoiteras
1650 1633 1836 1715 point
1893 1632 1956 1695 la
2010 1632 2247 1695 femme
2303 1626 2385 1692 de
2438 1636 2555 1691 ton

604 1725 948 1810 prochain:
996 1744 1079 1788 ne
1123 1742 1243 1787 son
1285 1719 1626 1797 serviteur,
1672 1730 1755 1783 n'e
1798 1739 1872 1783 sa
1915 1712 2424 1797 chambrieress)
2470 1732 2555 1777 00

606 1832 728 1877 son
761 1810 959 1887 boeuf,
1004 1828 1090 1872 ne
1125 1828 1244 1873 son
1278 1826 1456 1882 asne,
1502 1826 1588 1869 ne
1623 1804 1764 1869 rien
1801 1804 1914 1886 qui
1947 1803 2069 1886 luy
2104 1799 2551 1884 appartienne.

1394 1924 1461 1960 LE
1497 1925 1756 1960 aunem.

782 1981 931 2045 Veu
987 1999 1112 2063 que
1164 1986 1345 2042 toute
1396 1976 1464 2040 la
1504 1976 1654 2058 Loy
1699 1983 1801 2040 est
1853 1972 2243 2057 spirituelle‚
2302 1991 2555 2037 comme

609 2074 686 2131 tu
738 2087 810 2131 as
871 2064 1027 2130 dict:
1096 2070 1162 2127 et
1213 2084 1339 2145 que
1404 2061 1500 2126 les
1565 2068 1787 2125 autres
1841 2058 2414 2125 commendemens
2470 2076 2555 2121 ne

608 2162 760 2218 sont
808 2170 928 2234 pas
981 2149 1346 2214 seulement
1398 2167 1562 2229 pour
1616 2147 1858 2230 reigler
1912 2146 2007 2211 les
2058 2164 2318 2210 oeuvres
2375 2140 2556 2208 ext'e-

608 2239 860 2303 rieures
874 2287 890 2315 ,
935 2235 1103 2300 mais
1148 2235 1322 2299 aussi
1366 2232 1845 2297 les'affections
1890 2230 1978 2296 du
2024 2250 2251 2309 cueur,
2315 2233 2555 2311 qu’est-

608 2346 682 2390 ce
725 2323 838 2407 qui
881 2328 983 2387 est
1021 2320 1129 2405 icy
1173 2319 1305 2386 dict
1347 2316 1758 2401 davantage?

1451 2421 1716 2474 L’mzrffl'r.

781 2494 883 2558 Le
927 2489 1256 2574 Seigneur
1300 2511 1341 2554 a
1375 2489 1577 2554 voulu
1625 2509 1747 2571 par
1790 2488 1886 2552 les
1937 2492 2157 2551 autres
2203 2484 2558 2550 0010111011-

612 2579 882 2645 demens
944 2596 1184 2659 renger
1239 2595 1363 2639 noz
1428 2575 1767 2638 affectione
1831 2578 1899 2636 et
1951 2571 2285 2637 voluntez:
2352 2570 2456 2654 icy
2512 2568 2560 2632 il

611 2672 772 2732 veut
827 2663 1002 2726 aussi
1058 2662 1345 2742 imposer
1399 2659 1507 2743 loy
1567 2668 1607 2724 a
1663 2681 1780 2723 noz
1847 2666 2150 2740 pensees‚
2194 2653 2561 2737 ,lesquelles

614 2756 985 2833 emportent
1026 2745 1302 2828 quelque
1345 2745 1703 2810 convoitise
1748 2752 1815 2808 et
1854 2742 2055 2821 desir‚
2109 2750 2175 2807 et
2217 2740 2561 2805 toutesfois

613 2858 698 2901 ne
739 2834 1062 2900 viennent
1101 2852 1219 2913 pas
1257 2831 1522 2912 iusqucs
1569 2836 1608 2893 a
1651 2850 1746 2893 un
1790 2828 2043 2894 vouloir
2086 2835 2352 2892 arreste.

756 2924 773 2935 ἱ
1410 2952 1476 2985 LE
1512 2950 1767 2985 mmmm.
2014 2922 2020 2929 ·

784 3004 1175 3068 Entens-tu
1220 3021 1347 3083 que
1390 3000 1456 3065 la
1498 3000 1794 3065 moindre
1840 3001 2159 3064 tentation
2209 2997 2323 3080 qui
2363 3017 2562 3079 pour-

616 3090 747 3155 roit
788 3089 978 3154 venir
1022 3108 1106 3151 en
1155 3095 1395 3170 pensee
1441 3094 1482 3151 a
1533 3087 1842 3151 l'homme
1898 3084 2088 3150 fidele
2145 3085 2276 3148 soit
2326 3082 2560 3166 peche:

617 3195 851 3242 encore
891 3173 1050 3257 qu’il
1091 3195 1139 3257 y
1177 3172 1425 3251 resiste,
1471 3181 1539 3237 et
1582 3176 1693 3256 n'y
1738 3180 2046 3238 consente
2088 3166 2497 3235 nullement?

1455 3274 1723 3328 1301101101.

786 3345 848 3411 Il
911 3354 1015 3410 est
1074 3345 1324 3409 certain
1388 3365 1515 3427 que
1580 3352 1794 3409 toutes
1860 3350 2130 3425 pensees
2190 3339 2603 3419 mauvaises¹

615 3430 970 3516 procedent
1036 3430 1116 3496 (10
1179 3430 1542 3495 l’infirmite
1608 3428 1689 3495 de
1754 3437 1981 3493 nostre
2046 3427 2254 3494 chair:
2331 3445 2565 3490 encore

3500 547 3760 583 mmmm.

2828 600 3009 684 Ergo
3053 598 3211 683 quid
3252 601 3322 664 in
3365 620 3623 664 summa
3665 597 3842 677 velit,
3889 618 4157 682 expone.

3557 719 3708 754 PUER.

2828 771 2931 836 Ne
2975 770 3058 835 ad
3102 770 3273 834 male
3317 769 3735 834 sentiendum
3780 768 3859 833 de
3900 768 4248 851 proximis,
4309 786 4482 832 neve
4526 765 4607 832 ad

2659 878 2768 922 eos
2811 854 3243 921 infamandos,
3270 854 3578 939 propensi
3621 856 3856 933 simus,
3902 861 4111 919 vetat:
4169 854 4328 936 quin
4371 853 4605 935 potius,

2660 943 2784 1008 hac
2823 962 2945 1007 nos
2999 941 3330 1023 aequitate
3383 950 3450 1006 et
3493 936 3904 1005 humanitate
3947 938 4274 1022 praeditos
4320 959 4465 1003 esse
4508 939 4608 1002 iu·

2658 1028 2796 1106 bet,
2843 1038 2919 1093 ut
2960 1027 3041 1093 de
3083 1027 3246 1106 illis,
3291 1035 3612 1109 quantum
3657 1026 3900 1091 veritas
3942 1029 4209 1109 patitur,
4255 1023 4420 1090 bene
4462 1044 4606 1125 sep-

2659 1115 2919 1193 tiamus,
2966 1133 3281 1196 suamque
3328 1113 3422 1178 eis
3457 1111 4007 1177 existimationem
4053 1111 4388 1195 integram
4435 1109 4606 1175 tueri

2658 1198 3053 1265 studeamus.

3010 1308 3016 1315 ’
3503 1318 3761 1353 numum.

2827 1370 3061 1435 Recita
3106 1371 3426 1434 ultimum.

3558 1490 3709 1526 rum.
4119 1461 4126 1467 ’
4169 1485 4178 1492 ·

2829 1540 2981 1605 Non
3023 1540 3440 1623 concupisces
3485 1540 3751 1604 domum
3787 1538 4069 1621 proximi
4113 1539 4239 1603 tui:
4286 1559 4420 1603 non
4459 1559 4605 1603 con-

2659 1616 2948 1709 cupisces
2992 1626 3264 1691 uxorem
3308 1627 3589 1710 proximi
3632 1624 3760 1689 tui:
3806 1645 3942 1689 non
3986 1644 4267 1703 servum,
4313 1644 4450 1689 non
4493 1644 4606 1688 an-

2660 1712 2897 1791 cillam,
2934 1733 3067 1776 non
3100 1711 3351 1790 bovem,
3399 1732 3533 1775 non
3569 1711 3847 1789 asinum,
3886 1732 4005 1776 nec
4040 1708 4399 1792 quidquam
4433 1708 4609 1775 aliud

2662 1796 2837 1880 quod
2881 1798 3090 1880 ipsius
3134 1799 3238 1863 sit.

3503 1917 3761 1952 misma.
4077 1928 4086 1937 ›
4421 1954 4431 1962 ,

2835 1967 3060 2049 Quum
3105 1968 3467 2051 spiritualis
3514 1968 3602 2032 sit
3645 1977 3785 2031 tota
3826 1967 3953 2045 lex,
4002 1968 4171 2032 sicut
4214 1967 4411 2030 etiam
4460 1972 4611 2031 ante

2661 2055 2855 2119 toties
2900 2054 3150 2119 dixisti:
3199 2074 3318 2119 nec
3354 2062 3617 2118 tantum
3653 2051 4030 2119 coercendis
4065 2053 4358 2117 externis
4402 2051 4610 2134 operi-

2660 2141 2808 2219 bus,
2865 2138 2979 2205 sed
3034 2137 3433 2224 corrigendis
3493 2139 3692 2203 etiam
3751 2123 3957 2203 animi
4012 2136 4351 2204 affectibus
4404 2137 4611 2221 posita

2659 2228 2793 2292 sint
2835 2225 3172 2308 superiora
3213 2234 3580 2308 praecepta,
3622 2223 3778 2307 quid
3821 2223 3930 2290 hic
3975 2223 4256 2306 amplius
4300 2221 4607 2288 additur?

3559 2430 3711 2467 rum.

2831 2482 3133 2564 Reliquis
3184 2481 3562 2564 ,praeceptis
3643 2481 4011 2546 voluntates
4079 2486 4274 2563 atque
4342 2479 4612 2544 affectus

2661 2589 2890 2652 regere
2927 2574 2994 2632 et
3031 2567 3362 2632 moderari
3403 2567 3614 2632 voluit
3656 2565 4012 2631 Dominus:
4060 2564 4168 2632 hic
4211 2585 4370 2631 vero
4415 2564 4612 2630 etiam

2667 2653 3197 2737 cogitationibuS,
3257 2674 3421 2735 quae
3476 2652 3858 2717 nonnullam
3904 2650 4330 2733 cupiditatem
4395 2670 4615 2716 secum

2664 2739 2969 2815 trahunt,
3027 2760 3238 2821 neque
3283 2750 3502 2802 tamen
3549 2738 3948 2820 perveniunt
4002 2736 4086 2801 ad
4129 2745 4370 2802 statam
4411 2756 4615 2819 usque

2674 2815 3226 2903 deliberationem,
3273 2824 3489 2907 legem
3531 2823 3824 2906 imponit.

3511 2945 3767 2979 MOEISTEB·

2837 2995 3109 3062 Dicisne
3146 2995 3450 3060 minimas
3485 3016 3774 3077 quasque
3809 2985 4215 3078 cupiditates,
4254 3016 4424 3077 quae
4459 2994 4617 3059 fide-

2663 3082 2836 3148 libus
2871 3083 3208 3164 obrepant,
3256 3090 3324 3146 et
3365 3082 3522 3164 ipsis
3567 3081 3843 3146 veniant
3883 3082 3954 3145 in
3996 3088 4306 3158 mentem,
4353 3087 4622 3164 peccata

2668 3190 2828 3248 esse,
2876 3170 3073 3233 etiam
3118 3167 3175 3233 si
3220 3167 3528 3232 resistant
3570 3168 3790 3250 potius
3835 3188 4033 3249 quam
4078 3165 4561 3232 assentiantur?

3565 3288 3717 3323 PUER-

2842 3340 3122 3405 Constat
3143 3346 3336 3417 certe,
3362 3359 3599 3420 pravas
3645 3359 3875 3403 omnes
3920 3339 4363 3423 cogitationes,
4415 3337 4626 3402 etiam

2672 3427 2729 3491 si
2772 3447 2906 3490 non
2950 3424 3216 3492 accedat
3259 3446 3645 3504 consensus,
3705 3445 3788 3489 ex
3834 3432 4110 3490 naturae
4154 3431 4417 3489 nostrae
4462 3423 4626 3489 vitio

616 3539 741 3600 que
780 3517 842 3581 le
887 3523 1381 3582 consentement
1424 3517 1539 3599 n'y
1586 3516 1714 3580 soit
1758 3536 1894 3598 pas.
1983 3515 2157 3579 Mais
2200 3511 2261 3576 ie
2306 3510 2397 3595 dy
2441 3531 2566 3593 que
2614 3516 2620 3625 Ι
2671 3511 2949 3594 prodire.
3037 3511 3292 3576 Verum
3366 3511 3489 3576 hoc
3545 3517 3803 3575 tantum
3871 3510 4046 3588 (1100,
4127 3509 4429 3575 damnari
4499 3508 4630 3574 hoc

618 3623 691 3667 ce
725 3601 1293 3669 commandemcnt
1326 3601 1508 3686 parle
1544 3599 1657 3667 des
1692 3600 2228 3683 concupiscences
2262 3599 2375 3680 qui
2410 3596 2567 3661 cha-

617 3688 923 3753 touillent
965 3696 1033 3751 et
1073 3688 1388 3770 poignent
1427 3687 1491 3751 10
1536 3707 1735 3753 0110111·
1770 3686 1850 3753 (10
1889 3686 2215 3762 l'homme,
2260 3704 2414 3748 00110
2454 3704 2567 3747 ve-

618 3774 725 3838 nir
765 3775 1001 3855 iusque
1047 3780 1088 3837 a
1130 3793 1368 3856 propos
1412 3771 1714 3838 delibere.

1416 3893 1481 3927 LE
1515 3893 1771 3927 mms'rlm.

792 3944 893 4008 Tu
949 3941 1049 4007 dis
1105 3941 1300 4022 donc,
1355 3964 1481 4025 que
1534 3963 1784 4007 comme
1835 3942 1933 4007 les
1990 3940 2325 4005 affections
2383 3960 2568 4003 mau-
2618 3908 2622 4009 1

619 4031 860 4108 vaises,
929 4030 1044 4112 qui
1111 4038 1482 4110 emportent
1537 4029 1807 4094 volante
1857 4027 2143 4092 certaine
2195 4032 2262 4090 et
2317 4044 2569 4089 comme

620 4116 895 4194 resolue,
950 4123 1068 4180 ont
1110 4122 1249 4179 este
1293 4136 1375 4198 cy
1421 4114 1647 4179 dessus
1703 4112 2164 4177 condamnees:
2218 4111 2397 4176 aussi
2442 4131 2570 4192 que

619 4203 1034 4267 maintenant
1073 4201 1138 4265 le
1178 4199 1505 4286 Seigneur
1538 4199 1829 4282 requiert
1871 4219 2001 4263 une
2044 4197 2195 4261 telle
2236 4196 2567 4280 integrite,

621 4292 739 4366 [fol.
780 4292 886 4367 38]
937 4286 1091 4368 qu’il
1146 4290 1403 4352 n’entre
1460 4308 1544 4351 en
1599 4307 1720 4350 noz
1776 4304 2011 4350 cueurs
2056 4283 2331 4366 quelque
2381 4303 2567 4346 mau-

622 4374 806 4437 vaise
841 4372 1146 4455 cupidite,
1191 4394 1356 4455 pour
1388 4372 1485 4437 les
1519 4371 1802 4436 soliciter
1836 4378 1903 4434 et
1937 4368 2303 4435 esmouvoir
2338 4375 2380 4432 a
2412 4367 2565 4431 mal.

1459 4474 1721 4527 L'nnrmr.

798 4542 977 4607 O’est
1016 4542 1174 4607 cela.

1280 4698 1287 4719 ἱ
1422 4665 1488 4698 La·
1522 4664 1779 4700 1111110100.
1893 4667 1909 4688 0

798 4711 901 4776 Ne
943 4733 1235 4795 pouvons
1275 4736 1437 4778 nous
1471 4736 1589 4796 pas
1606 4715 2039 4779 ‘maintenant
2071 4712 2232 4777 faire
2268 4732 2360 4775 un
2396 4731 2569 4776 som-

626 4798 833 4862 maire
877 4797 957 4863 (10
1001 4806 1181 4863 toute
1223 4799 1288 4873 la
1327 4799 1515 4883 Loy?

2615 4818 2620 4871 ι
2668 4796 2918 4910 ligere?

2673 3606 3019 3681 praecepto
3064 3598 3333 3662 vitiosas
3377 3595 3770 3679 cupiditates
3786 3646 3801 3674 ‚
3848 3617 4015 3679 quae
4056 3597 4151 3660 ita
4190 3616 4303 3661 cor
4337 3594 4631 3661 hominis

2671 3689 2788 3763 [fol.
2837 3688 2943 3761 47]
3001 3683 3275 3747 titillant
3324 3703 3398 3748 00
3448 3682 3830 3759 sollicitant,
3885 3690 3963 3746 ut
4016 3688 4240 3746 tamen
4297 3702 4431 3745 non
4474 3701 4628 3765 per-

2671 3769 2943 3834 trahant
2985 3768 3069 3833 ad
3103 3770 3364 3834 firmam
3411 3767 3966 3851 deliberatamque
4009 3767 4434 3833 voluntatem.

3515 3888 3772 3923 lmus'rssn.

2843 3939 3184 4005 Hactenus
3239 3958 3419 4023 ergo,
3448 3936 3654 4003 malos
3710 3938 3972 4021 quidem
4027 3938 4330 4017 affectus,
4388 3935 4629 4019 quibus

2675 4026 3097 4108 acquiescunt
3136 4024 3467 4102 homines,
3524 4033 3592 4088 et
3646 4024 4043 4108 subigendos
4097 4046 4168 4090 se
4213 4023 4632 4106 permittunt,

2671 4110 3033 4194 prohibitos
3077 4111 3282 4176 fuisse
3325 4110 3668 4193 intelligis:
3721 4132 3897 4176 nunc
3942 4130 4098 4175 vero
4143 4119 4281 4174 tam
4323 4116 4634 4174 exactam

2672 4197 3124 4279 integritatem
3179 4218 3220 4261 a
3261 4196 3449 4262 nobis
3502 4195 3778 4279 requiri,
3824 4205 3900 4261 ut
3951 4196 4202 4271 nullam
4245 4215 4636 4279 perversam

2674 4280 3097 4365 cupiditatem
3144 4283 3340 4347 corda
3396 4289 3620 4348 nostra
3641 4274 4043 4359 admittant,
4095 4303 4226 4365 qua
4267 4280 4352 4347 ad
4393 4301 4635 4364 pecca-

2674 4375 2820 4448 tum
2862 4368 3305 4433 stimulantur.
3324 4370 3382 4452 3)

3575 4489 3726 4525 rum.

2844 4537 2958 4605 Sic
3001 4548 3117 4605 est.

3513 4660 3773 4696 mmm.

2839 4712 3115 4777 Licetne
3147 4712 3282 4776 iam
3325 4712 3525 4777 breve
3559 4711 3758 4777 totius
3799 4710 3963 4794 legis
3997 4709 4456 4792 compendium
4491 4709 4637 4775 col-

4325 4852 4336 4865 J

936 5107 996 5174 1)
1032 5105 1112 5161 Le
1146 5104 1230 5158 31.
1266 5104 1560 5159 dimanche.
1598 5134 1663 5142 —
1698 5105 1777 5159 Le
1814 5106 2068 5159 dixiesme
2106 5104 2581 5159 commendement.
2615 5132 2683 5143 —-
2718 5103 2895 5159 Toute
2932 5105 3196 5159 tentation
3233 5109 3319 5157 est
3341 5104 3475 5157 vice.
3509 5131 3578 5141 -
3613 5098 3695 5156 La
3732 5058 3934 5158 somme
3972 5102 4038 5158 (10
4075 5103 4129 5156 la
4164 5100 4296 5174 Loy.
4333 5129 4403 5140 —-
4437 5101 4643 5160 Aimcr

626 5175 766 5231 Dieu
801 5175 867 5230 de
904 5182 1025 5231 tout
1062 5191 1161 5229 son
1198 5189 1377 5241 cucur,
1413 5179 1507 5226 etc.
1815 5172 1876 5239 2)
1917 5181 2166 5228 servante
2204 5170 2562 5227 1561-1563.

932 5243 993 5311 3)
1031 5243 1387 5310 stimulentur,
1426 5239 1568 5295 Gau.
1604 5240 1757 5295 Besa
1790 5247 1840 5295 et
1872 5256 2006 5295 rece.
