4967 5992
341 375 466 438 625

339 559 499 628 deri.
588 559 770 642 Quid
812 559 1130 645 profecit?
1219 559 1325 625 Re
1379 560 1659 626 ulterius
1701 568 2044 643 provecta,
2103 561 2308 626 etiam

341 649 399 714 81
450 653 702 713 taceret
758 646 1127 725 Lutherus,
1186 645 1349 711 satis
1405 665 1587 711 acres
1640 646 1943 713 stimulos
1997 645 2081 712 ad
2137 646 2304 713 inci-

336 732 618 799 tandum
672 733 1055 816 pontificem
1105 729 1391 797 habebat
1444 733 1800 798 necessitas
1816 784 1833 811 ,
1889 752 1974 796 ne
2018 731 2303 815 amplius

341 818 659 884 differret.
747 817 829 882 Id
872 817 1093 902 palam
1138 817 1489 883 universus
1543 819 1719 884 orbis
1773 816 2176 883 christianus
2220 818 2301 883 ab

340 926 420 972 eo
470 905 829 989 flagitabat.
919 903 1063 969 Piis
1111 903 1410 969 omnium
1451 904 1626 969 votis
1669 904 2046 969 satisfacere
2086 902 2188 967 illi
2229 902 2304 967 in

337 1012 546 1057 manu
580 999 739 1057 erat.
812 991 923 1055 An
957 989 1152 1054 fecit?
1223 989 1421 1055 Nunc
1463 987 1933 1072 impedimenta
1967 996 2299 1054 causatur.

339 1076 625 1155 Verum,
707 1077 764 1141 si
827 1076 1079 1140 fontem
1141 1076 1542 1159 investigare
1607 1074 1837 1154 libeat,
1897 1096 1968 1140 re
2016 1075 2300 1140 eriemus

340 1183 496 1228 011111
530 1163 759 1242 80111111,
806 1170 876 1226 01
908 1159 1052 1238 sibi,
1098 1167 1166 1226 et
1208 1159 1355 1226 aliis
1391 1161 1668 1239 obstare,
1714 1180 1801 1225 ne
1843 1161 1954 1243 qui
2044 1167 2298 1244 agatur.

339 1248 625 1329 Verum,
693 1247 855 1331 quid
917 1246 1328 1331 argumentis
1392 1246 1536 1312 istis
1599 1245 1959 1311 levioribus
2022 1243 2299 1311 insisto?

342 1332 556 1415 Quasi
607 1355 766 1400 vero
824 1333 947 1398 1100
1000 1353 1241 1412 111111111,
1310 1339 1429 1397 8111
1480 1352 1616 1396 11011
1667 1333 1831 1397 88118
1885 1332 1974 1397 sit
2021 1331 2301 1411 illustre,

341 1427 458 1486 aut
522 1441 654 1486 non
722 1419 882 1485 satis
958 1417 1431 1503 ponderosum:
1498 1416 1674 1501 quod
1727 1417 1984 1482 nullum
2044 1437 2085 1481 a
2118 1418 2300 1500 prin-

252 1556 264 1566 .
340 1506 513 1590 cipio
595 1505 934 1588 hucusque
1025 1524 1250 1570 secum
1339 1502 1752 1588 transigendi
1837 1502 2035 1568 aliam
2112 1523 2299 1586 spem

336 1590 660 1670 ostendit,
704 1591 834 1656 nisi
876 1597 983 1670 ut,
1039 1589 1294 1674 sepulto
1337 1592 1600 1655 rursuin
1643 1587 1937 1668 Christo,
1983 1587 2299 1672 quidquid

336 1678 701 1760 impietatis
742 1676 870 1741 fuit
908 1697 1116 1759 quum
1160 1696 1281 1741 nos
1316 1675 1389 1739 in
1423 1673 1715 1740 medium
1757 1674 2140 1758 111-0111111188,
2184 1676 2300 1739 fir-

334 1762 655 1828 mioribus
712 1782 912 1846 quam
963 1769 1119 1827 ante
1171 1761 1496 1827 machinis
1549 1759 1855 1827 stabiliat.
1944 1760 2132 1827 Haec
2174 1760 2300 1827 sci-

334 1847 493 1914 licet
537 1866 735 1913 causa
790 1856 919 1926 est,
988 1867 1107 1913 our
1170 1846 1365 1912 hodie
1423 1867 1679 1930 quoque
1746 1846 2009 1911 fortiter
2073 1846 2299 1930 prohi-

334 1934 536 2000 beant
578 1932 934 1999 adversarii
989 1932 1303 1999 ecclesiae
1353 1932 1814 1998 instaurationi
1858 1953 2130 1997 manum
2184 1931 2302 1998 ad-

333 2037 628 2086 movere:
673 2038 808 2083 non
854 2020 1007 2102 quia
1050 2038 1320 2086 necesse
1363 2040 1500 2083 non
1543 2018 1631 2084 sit
1673 2018 1773 2097 (id
1816 2019 1995 2083 enim
2037 2037 2301 2102 negare,

333 2105 534 2171 nimis
575 2102 872 2188 perditae
915 2103 1364 2188 impudentiae
1408 2103 1624 2189 foret),
1665 2103 1780 2169 sed
1816 2104 1971 2186 quia
2014 2110 2153 2168 tam
2196 2124 2303 2168 sa—

332 2190 545 2256 lutem
601 2191 910 2256 ecclesiae
975 2210 1175 2274 quam
1226 2190 1573 2254 interitum
1628 2210 1712 2253 ex
1784 2188 1921 2254 solo
1977 2189 2303 2273 pontificis

332 2277 591 2341 romani
630 2276 900 2341 arbitrio
944 2282 1115 2340 nutu
1162 2295 1243 2339 ue
1285 2294 1674 2359 suspensam
1716 2294 1859 2340 esse
1902 2274 2129 2341 velint.

510 2366 660 2441 [pag.
704 2364 851 2439 126]
890 2361 1089 2426 Nunc
1178 2380 1214 2425 0
1250 2359 1537 2425 remedio
1581 2359 1940 2441 videamus,
1988 2359 2162 2444 quod
2199 2381 2303 2427 so-

328 2447 475 2513 lum
542 2447 733 2513 nobis
800 2446 1220 2529 relinquunt,
1285 2445 1398 2528 qui
1456 2443 1741 2529 digitum
1808 2446 2060 2512 moveri
2116 2448 2303 2512 nefas

329 2553 479 2598 esse
525 2537 812 2611 censent,
857 2532 1354 2614 quibuscunque
1397 2531 1590 2597 malis
1636 2540 1977 2615 prematur
2009 2532 2299 2599 ecclesia.

325 2618 444 2684 Ad
487 2617 834 2685 concilium
875 2637 1002 2684 1108
1059 2617 1438 2684 universale
1479 2617 1805 2684 reiiciunt.
1896 2616 2118 2699 Quid?
2192 2620 2304 2684 An

328 2705 421 2782 si,
479 2703 825 2770 obstinatis
882 2703 1151 2782 animis,
1203 2704 1276 2768 in
1322 2724 1519 2769 suum
1575 2704 1852 2768 exitium
1898 2704 2107 2769 maior
2145 2725 2303 2787 pars

327 2796 509 2869 ruat,
574 2788 721 2855 ideo
778 2789 967 2856 nobis
1021 2810 1276 2873 quoque
1324 2789 1524 2855 simul
1568 2789 1786 2872 perire
1838 2809 2106 2856 necesse
2154 2790 2301 2869 erit,

327 2896 540 2960 quum
582 2894 785 2959 penes
828 2896 949 2942 nos
991 2874 1185 2941 saluti
1230 2882 1491 2940 nostrae
1535 2874 1918 2941 consulendi
1962 2874 2050 2940 sit
2090 2875 2298 2943 facul-

325 2960 482 3026 tas?
572 2963 668 3027 At
711 2963 898 3028 nefas
953 2969 1086 3042 est,
1142 2961 1484 3045 inquiunt,
1544 2961 1934 3044 abrumpere
1990 2963 2301 3028 ecclesiae

323 3047 691 3113 unitatem:
737 3069 906 3132 quae
948 3054 1107 3113 111110
1150 3047 1584 3130 abrumpitur,
1628 3047 1683 3112 si
1724 3067 2019 3113 seorsum
2056 3045 2299 3131 aliquid

322 3133 404 3197 in
461 3133 615 3200 fidei
660 3130 958 3200 doctrina
998 3154 1152 3215 pars
1194 3154 1358 3211 una,
1414 3154 1549 3198 non
1595 3132 1907 3199 adhibitis
1949 3133 2125 3215 aliis,
2184 3133 2300 3198 de-

321 3226 577 3285 cernat.
665 3219 937 3299 Postea,
981 3238 1149 3300 quae
1191 3217 1348 3282 inde
1392 3218 1806 3283 incommoda
1850 3226 2298 3298 nascerentur,

325 3305 767 3388 amplificant:
822 3303 992 3367 nihil
1046 3310 1306 3387 praeter
1362 3302 1762 3368 horrendam
1817 3304 2197 3370 vastitatem
2233 3311 2303 3369 et

319 3391 679 3459 confusum
719 3389 918 3455 chaos
970 3409 1162 3472 posse
1204 3388 1600 3471 exspectari,
1673 3389 1731 3453 si
1783 3388 2119 3471 propriam
2174 3388 2298 3454 sibi

317 3476 488 3545 fidei
540 3477 818 3541 formam
874 3475 1184 3540 instituat
1249 3493 1679 3557 unaquaeque
1744 3494 1907 3558 gens
1976 3482 2046 3539 et
2097 3475 2294 3540 natio.

316 3562 520 3630 Haeo
564 3561 834 3645 quidem
877 3561 1129 3639 merit0,
1176 3566 1244 3625 et
1281 3558 1366 3644 ad
1407 3580 1551 3625 rem
1596 3561 1891 3643 apposite
1935 3566 2080 3624 tum
2124 3558 2296 3627 dice-

316 3654 596 3727 rentur,
653 3648 709 3713 si
766 3652 1000 3731 sponte
1052 3668 1125 3712 se
1176 3666 1388 3711 unum
1445 3645 1755 3711 ecclesiae
1797 3646 2170 3712 membrum
2214 3647 2296 3713 ab

316 3732 496 3814 aliis,
535 3739 913 3817 contempta
954 3734 1240 3812 unitate,
1270 3737 1623 3815 separaret.
1696 3731 1954 3797 Verum
1995 3731 2065 3796 id
2118 3753 2298 3798 nunc

313 3840 466 3887 non
512 3818 909 3902 disputatur.
966 3818 1243 3885 Utinam
1287 3818 1628 3902 impetrari
1673 3818 1799 3884 hoc
1844 3817 2112 3900 quidem
2146 3839 2296 3901 pos-

314 3911 464 3984 set,
511 3910 589 3968 ut
630 3911 859 3970 sancta
899 3903 1384 3987 conspiratione
1429 3924 1660 3970 omnes
1718 3903 2063 3969 christiani
2118 3904 2296 3970 orbis

311 3989 729 4056 monarchae
771 3996 848 4054 et
881 3989 1124 4072 populi,
1170 3989 1256 4054 ad
1287 3990 1719 4073 expetendam
1757 3990 1805 4073 ¹)
1850 3991 2296 4074 praesentium

308 4076 657 4144 malorum
711 4074 1264 4154 emendationem,
1346 4075 1542 4141 simul
1610 4076 1894 4159 digitum
1969 4075 2291 4142 tollerent.

310 4160 468 4231 Sed
502 4180 708 4245 quum
741 4159 901 4225 alios
944 4159 1291 4227 videamus
1336 4182 1374 4226 a
1413 4161 1670 4227 meliori
1714 4168 1892 4227 statu
1919 4161 2292 4243 abhorrere,

311 4248 492 4314 alios
527 4266 683 4313 vero
726 4251 842 4311 aut
873 4245 1064 4325 110110,
1113 4253 1228 4311 8111
1270 4246 1415 4311 81118
1462 4247 1637 4312 curis
1671 4248 1881 4312 teneri
1924 4248 2291 4332 implicitos,

310 4333 681 4418 quominus
703 4331 835 4399 huc
856 4331 1150 4399 studium
1173 4352 1366 4397 suum
1390 4331 1720 4416 applicare
1742 4340 2015 4417 queant:
2050 4354 2294 4418 quous-

307 4441 456 4504 que
497 4417 765 4484 tandem
811 4417 973 4484 alios
1004 4417 1443 4501 exspectando
1485 4418 1676 4485 nobis
1718 4420 2060 4486 consulere
2106 4420 2293 4485 diffe-

307 4503 597 4572 remus?
669 4505 891 4587 Atque
925 4511 1003 4570 ut
1041 4503 1308 4570 liberius
1341 4504 1668 4570 malorum
1711 4506 2009 4571 omnium
2041 4505 2292 4572 fontem

309 4591 651 4677 aperiam:
710 4589 1014 4656 videmus
1067 4611 1415 4655 romanum
1459 4591 1861 4674 pontificem,
1919 4591 2135 4676 quoad
2176 4613 2291 4676 po-

307 4677 519 4757 terit,
561 4696 902 4759 nunquam
947 4696 1328 4759 passurum,
1384 4683 1463 4740 ut
1516 4677 1933 4742 consentiant
1978 4678 2293 4744 ecclesiae

306 4782 580 4841 omnes,
604 4782 737 4827 non
759 4762 903 4828 dico
926 4762 1009 4827 ad
1046 4761 1290 4828 iustam
1313 4761 1860 4829 consultationem
1897 4762 2289 4842 habendam,

304 4846 448 4918 sed
518 4847 785 4913 omnino
854 4846 939 4913 ad
1003 4848 1333 4934 synodum
1398 4846 1851 4934 colligendam.
1943 4852 2092 4927 [pag.
2141 4853 2290 4928 127]

468 5156 529 5223 1)
567 5154 930 5225 expetendam
963 5153 1118 5210 1543.
1156 5155 1325 5227 15523
1402 5173 1503 5213 our
1539 5156 1801 5213 0110101101·
1834 5157 2069 5228 quelque
2115 5157 2294 5213 bonne

303 5224 687 5284 reformation
727 5222 794 5277 G.
881 5223 933 5275 A
1014 5224 1054 5277 d
1106 5224 1312 5280 Beuum
1385 5227 1592 5296 efficiar-.-
1646 5227 2066 5297 exspectandam
2080 5266 2096 5294 ,

300 5295 654 5354 recentiores
685 5305 898 5363 quoque
1132 5333 1143 5345 .

1693 370 2419 439 REFORMANDAE
2465 372 3012 441 EOOLESIAE.

4241 382 4367 445 526

2412 559 2596 628 Satis
2650 561 2918 645 quidem
2974 564 3344 646 promittet,
3411 563 3670 647 quoties
3738 565 4108 649 rogabitur:
4177 567 4371 634 modo

2408 649 2554 713 vias
2597 668 2824 714 omnes
2874 648 3279 732 praeclusas,
3338 657 3407 715 et
3463 648 3680 715 aditus
3737 672 3967 717 omnes
4021 652 4370 735 impeditos

2407 732 2651 799 videat.
2723 734 2979 799 Verum
3025 734 3226 801 habet
3265 736 3340 800 in
3380 755 3586 800 manu
3629 754 3942 817 remoras,
3989 758 4151 821 quas
4185 738 4372 805 iden-

2406 816 2614 884 tidem
2659 819 2941 899 obiiciat,
2984 840 3068 884 ne
3112 842 3407 904 unquam
3452 820 3622 887 desit
3664 822 4145 907 tergiversandi
4178 844 4371 908 prae-

2405 910 2651 970 textus.
2725 903 3156 986 Cardinales,
3180 907 3535 991 episcopos,
3580 907 3847 973 abbates
3882 908 4083 975 habet
4124 930 4369 990 omnes,

2404 991 2632 1072 paucis
2675 993 2988 1076 exceptis,
3034 992 3522 1059 consentientes
3554 993 3626 1056 in
3669 992 3795 1059 hac
3828 1015 3902 1059 re
3946 1015 4188 1062 secum.
4263 994 4371 1062 Si-

2407 1072 2669 1158 quidem
2716 1074 2840 1142 1100
2884 1098 3095 1142 unum
3138 1078 3467 1164 cogitant,
3524 1086 3601 1142 ut
3641 1078 4033 1161 plurimum,
4089 1080 4372 1163 qualiter

2404 1161 2885 1244 possessionem
2929 1162 3262 1231 retineant
3316 1162 3520 1229 semel
3564 1171 3917 1248 usurpatae
3964 1164 4367 1251 tyrannidis:

2405 1244 2846 1397 denpcclesiae
2891 1247 3123 1328 salute,
3168 1249 3275 1315 vel
3312 1249 3535 1329 exitiO,
3582 1272 3663 1316 ne
3707 1251 4059 1316 minimum
4104 1250 4369 1335 quidem

2404 1351 2478 1397 80
2535 1331 2688 1398 'citi

2575 1417 2729 1483 Non
2774 1436 3024 1497 vereor,
3068 1418 3502 1485 invictissime
3549 1418 3795 1487 Caesar
3829 1428 3898 1487 et
3942 1422 4373 1489 illustrissimi

2403 1502 2786 1587 Principes,
2847 1524 2933 1569 ne
2993 1503 3182 1570 vobis
3223 1503 3640 1586 incredibile,
3688 1513 3806 1571 aut
3848 1508 4045 1573 etiam
4091 1507 4175 1574 ad
4219 1530 4370 1592 per-

2406 1586 2824 1654 suadendum
2881 1588 3147 1656 difficile
3210 1589 3330 1669 sit,
3410 1590 3581 1673 quod
3648 1591 3810 1657 dico.
3902 1591 4084 1675 Quin
4150 1596 4369 1677 potius

2405 1681 2665 1740 vestras
2717 1675 3015 1739 omnium
3069 1676 3503 1742 conscientias
3561 1677 3848 1760 appello,
3907 1700 3995 1743 an
4039 1679 4220 1744 aliud
4264 1701 4369 1746 re-

2403 1760 2614 1824 feram
2658 1759 2789 1825 nisi
2832 1760 3004 1842 quod
3062 1768 3240 1827 certo
3293 1763 3743 1845 experimento
3796 1772 4208 1847 compertum
4249 1765 4370 1831 ha-

2404 1845 2591 1911 betis.
2681 1845 2952 1911 Interea
2995 1845 3231 1912 ultimo
3288 1847 3361 1912 in
3417 1845 3795 1914 discrimine
3838 1848 4012 1917 iacet
4065 1850 4366 1917 eeclesia:

2402 1930 2707 1996 infinitae
2751 1931 3030 2011 animae,
3071 1952 3200 2015 quo
3244 1952 3314 1997 se
3358 1940 3619 1999 vertere
3669 1927 3949 2001 debeant
3982 1937 4368 2017 nescientes,

2402 2017 2646 2083 misere
2688 2024 3004 2100 aguntur:
3052 2016 3299 2081 multae
3343 2018 3541 2082 etiam
3585 2029 3794 2085 morte
3835 2028 4369 2105 praeoccupatae,

2405 2101 2536 2168 nisi
2571 2101 2963 2168 mirabiliter
2997 2124 3037 2168 a
3069 2103 3356 2169 Domino
3399 2112 3766 2183 serventur,
3808 2113 4116 2190 pereunt:
4153 2114 4371 2174 sectae

2406 2188 2631 2255 variae
2677 2188 3095 2253 exoriuntur:
3151 2188 3346 2252 multi
3391 2209 3670 2270 quorum
3724 2193 3910 2273 prius
3953 2192 4202 2260 latebat
4242 2194 4369 2258 im-

2406 2274 2640 2357 pietas,
2688 2294 2771 2339 ex
2815 2274 3151 2358 praesenti
3193 2271 3596 2340 dissensione
3634 2273 3968 2342 licentiam
4011 2278 4185 2342 nihil
4227 2299 4370 2344 cre-

2407 2357 2609 2425 dendi
2668 2364 2970 2425 sumunt:
3061 2359 3275 2424 multa
3339 2359 3578 2443 alioqui
3650 2379 3786 2426 non
3860 2361 4040 2427 mala
4100 2365 4171 2427 in
4221 2364 4372 2429 enia

2407 2446 2894 2529 profanescunt.
2983 2443 3114 2511 His
3156 2445 3349 2510 malis
3393 2444 3766 2512 coercendis
3801 2446 3986 2513 nulla
4029 2453 4131 2513 est
4222 2449 4367 2515 ’801-

2405 2530 2617 2615 plina:
2675 2531 2853 2596 inter
2896 2552 3047 2611 nos,
3100 2531 3211 2614 qui
3267 2532 3463 2597 unius
3507 2530 3761 2597 Christi
3817 2533 4084 2599 nomine
4128 2533 4369 2618 gloria-

2406 2637 2588 2697 mur,
2647 2625 2715 2682 et
2761 2616 3044 2682 eundem
3101 2617 3424 2683 habemus
3477 2617 3907 2700 baptismum,
3966 2619 4175 2685 nihilo
4218 2620 4368 2704 plus

2408 2709 2510 2768 est
2541 2704 3005 2781 consensionis,
3051 2723 3248 2786 quam
3289 2704 3344 2768 si
3378 2701 3676 2769 diversas
3707 2705 3976 2788 penitus
4020 2704 4368 2790 religiones

2404 2789 2884 2872 profiteremur.
2972 2789 3094 2869 Et,
3163 2788 3334 2872 quod
3399 2789 3696 2855 omnium
3751 2798 3854 2855 est
3902 2791 4367 2873 miserrimum,

2404 2875 2641 2954 instat,
2701 2882 2769 2941 et
2808 2875 2943 2940 iam
2984 2894 3190 2959 prope
3232 2876 3303 2939 in
3347 2882 3702 2959 conspectu
3747 2883 3848 2941 est
3893 2876 4222 2942 horrenda
4268 2885 4367 2942 to-

2404 2961 2538 3027 tius
2593 2960 2903 3027 ecclesiae
2958 2959 3330 3046 dissipatio,
3388 2961 3493 3027 cui
3545 2961 3794 3027 frustra
3835 2961 4135 3028 remedia.
4168 2983 4368 3047 quae-

2404 3055 2657 3111 rentur.
2748 3045 2971 3126 Quum
3025 3047 3232 3131 igitur
3286 3046 3370 3112 ad
3428 3068 3617 3130 opem
3672 3047 3981 3115 ecclesiae
4024 3048 4368 3114 ferendam

2403 3131 2592 3197 nulla
2632 3133 2839 3216 possit
2881 3152 3057 3212 esse,
3114 3133 3183 3196 in
3228 3139 3415 3197 tanta
3456 3132 3856 3213 calamitate,
3912 3142 3980 3200 et
4023 3139 4174 3215 [pag.
4218 3138 4366 3214 128]

2403 3217 2474 3281 in
2515 3217 2724 3282 tantis
2767 3217 3092 3300 periculis,
3139 3217 3347 3281 nimia
3388 3216 3717 3298 celeritas,
3764 3220 3877 3301 qui
3918 3240 4042 3284 nos
4086 3219 4169 3285 ad
4209 3241 4365 3286 con·
4442 3234 4447 3239 ’

2403 3302 2628 3367 cilium
2663 3303 3039 3368 universale
3071 3302 3396 3387 ablegant,
3442 3303 3627 3369 cuius
3671 3303 3960 3369 habendi
3985 3304 4171 3369 nulla
4212 3328 4244 3370 s
4291 3325 4364 3370 08

2403 3396 2705 3471 apparet,
2764 3387 2925 3471 quid
2979 3385 3161 3453 aliud
3216 3409 3415 3472 quam
3458 3387 3605 3454 Deo
3661 3396 3728 3453 et
3783 3385 4159 3456 hominibus
4213 3326 4365 3456 ifin-

2403 3472 2611 3538 dunt?
2723 3474 2851 3540 Aut
2921 3495 2957 3539 0
3040 3494 3079 3538 0
3146 3472 3607 3540 sustinendum
3682 3481 3783 3540 est
3848 3475 3975 3540 1100
4050 3475 4366 3541 iudicium

2403 3558 2789 3638 Germanis,
2848 3580 2975 3643 quo
3081 3558 3335 3626 Christi
3388 3559 3731 3627 ecclesiam
3785 3561 3858 3625 in
3914 3581 4033 3626 suo
4088 3561 4365 3646 imperio

2400 3644 2543 3730 pati
2590 3645 2972 3726 maluerint,
3031 3665 3103 3710 80
3145 3645 3523 3712 videntibus
3569 3654 3636 3711 et
3677 3646 4194 3729 quiescentibus,
4249 3667 4365 3730 pe-

2400 3732 2564 3812 rire,
2624 3751 2828 3815 quum
2869 3730 3121 3796 mederi
3157 3739 3430 3815 possent
3472 3732 3612 3797 eius
3653 3732 3932 3799 morbis:
3980 3740 4098 3798 aut
4139 3733 4365 3798 statim

2401 3817 2489 3883 ad
2531 3817 3021 3900 suscipiendam
3063 3817 3204 3883 eius
3261 3837 3490 3883 curam
3545 3837 3615 3883 se
3660 3817 4040 3903 accingant,
4097 3837 4365 3884 necesse

2401 3910 2520 3969 est.
2611 3901 3011 3986 Quanquam
3063 3903 3243 3969 istud
3298 3902 3659 3969 seeundum
3724 3924 4066 3988 nunquam
4122 3903 4366 3970 facient

2399 3991 2496 4055 ita
2548 3997 2837 4069 mature,
2893 3989 3055 4072 quin
3109 3989 3353 4055 nimiae
3415 3990 3797 4056 cessationis
3851 3990 4088 4056 merito
4132 3992 4363 4056 etiam-

2400 4098 2563 4140 num
2618 4074 3031 4140 damnentur.
3123 4074 3520 4159 Quicunque
3575 4096 3735 4143 vero
3752 4128 3769 4155 ,
3828 4076 4156 4161 generalis
4210 4096 4365 4142 con-

2401 4162 2537 4227 cilii
2579 4167 2952 4243 praetextu,
3012 4180 3267 4225 moram
3308 4162 3771 4246 interponunt,
3819 4183 3928 4228 008
3971 4162 4141 4227 1111111
4185 4160 4366 4226 aliud

2398 4247 2623 4313 moliri
2665 4252 2953 4326 constat,
3010 4247 3139 4312 nisi
3181 4254 3259 4312 ut
3309 4246 3437 4314 hoc
3487 4248 3766 4315 artificio
3821 4254 4082 4331 tempus
4140 4253 4364 4312 extra-

2397 4332 2582 4398 hant.
2670 4331 2900 4397 Nihilo
2956 4331 3163 4416 igitur
3214 4335 3429 4418 magis
3474 4342 3629 4399 sunt
3681 4332 4012 4412 audiendi,
4060 4353 4260 4417 quam
4305 4332 4364 4396 si

2397 4418 2618 4486 verbis
2644 4418 3029 4498 faterentur,
3058 4418 3230 4501 quod
3257 4419 3501 4503 reipsa
3524 4419 4002 4498 demonstrant,
4027 4419 4152 4484 sibi
4188 4417 4364 4483 tanti

2397 4506 2735 4589 privatum
2774 4504 3241 4588 compendium
3283 4525 3454 4584 esse,
3499 4511 3578 4570 ut
3620 4505 3689 4570 id
3732 4504 4043 4572 ecclesiae
4090 4504 4365 4570 interitu

2395 4591 2722 4657 redimere
2763 4610 2895 4654 non
2940 4588 3259 4655 dubitent.

2571 4676 2666 4741 At
2707 4694 2911 4755 nov0,
2957 4674 3285 4758 inquiunt,
3330 4675 3630 4758 exemplo
3673 4674 3742 4741 id
3785 4676 3991 4741 fieret.
4058 4674 4233 4740 Nam
4276 4680 4353 4739 ut

2398 4761 2480 4828 de
2525 4761 2863 4845 religionis
2906 4759 3342 4844 dogmat-ibus,
3389 4762 3445 4826 si
3489 4781 3621 4844 qua
3653 4762 3725 4825 in
3761 4761 3865 4826 his
3907 4759 4356 4827 controversia

2396 4848 2600 4914 fuerit
2652 4854 2911 4925 exorta,
2970 4846 3409 4931 cognitionem
3463 4846 3804 4930 provincia
3857 4868 3997 4912 una
4050 4846 4223 4913 susci
4268 4846 4363 4909 iat

2396 4953 2472 5000 ac
2514 4933 2926 5017 pronunciet,
2968 4952 3310 5015 nunquam
3342 4931 3643 4998 auditum
3686 4933 3828 4998 fuit.
3896 4930 4076 5013 Quid
4118 4951 4203 4996 au
4247 4928 4357 4994 io?

2397 5039 2482 5084 an
2548 5019 2686 5084 solo
2762 5026 2929 5084 nutu
3001 5038 3394 5101 persuasum
3471 5019 3554 5084 iri
3628 5018 3876 5085 mundo
3952 5017 4361 5084 arbitrantur

2396 5103 2815 5171 mendacium
2830 5157 2846 5185 ,
2905 5103 3077 5187 quod
3128 5112 3499 5189 temporum
3552 5105 3848 5170 omnium
3901 5103 4196 5170 historiis
4251 5122 4356 5167 re-

2398 5189 2698 5256 fellitur?
2774 5188 3051 5271 Quoties
3093 5190 3364 5256 emersit
3407 5211 3581 5259 nova
3623 5190 3847 5275 aliqua
3881 5188 4193 5267 haeresis,
4243 5192 4358 5253 aut

2400 5276 2670 5343 dissidio
2714 5276 2936 5360 aliquo
2990 5275 3258 5342 turbata
3308 5276 3436 5343 fuit
3488 5276 3762 5344 ecclesia
3778 5327 3794 5355 ,
3852 5295 4075 5340 nonne
4130 5274 4355 5338 statim
