4967 5992
1385 1524 1774 1596 IoANNIs
1820 1525 2213 1593 estvm
2254 1486 2781 1593 consumis
2821 1523 2941 1589 ΕΤ
2986 1521 3536 1591 commem.

353 1732 370 1743 “
423 1742 432 1749 ·
503 1724 512 1731 ’
547 1746 556 1755 ·
619 1722 766 1797 [pag.
812 1722 958 1798 112]
988 1716 1320 1800 Quoniam
1365 1716 1524 1782 satis
1568 1716 2054 1782 demonstrasse
2097 1713 2262 1779 mihi
2305 1713 2420 1780 vi-·

446 1803 604 1870 deor
640 1803 981 1869 christiani
1022 1802 1310 1867 hominis
1331 1801 1619 1868 officium
1641 1822 1776 1866 non
1819 1800 2056 1881 facero,
2103 1801 2215 1883 qui
2239 1799 2408 1864 ‘nul-

445 1890 580 1955 lam
639 1887 793 1954 fidei
854 1909 1010 1955 suae
1066 1888 1534 1954 confessionem
1591 1885 1727 1952 edit
1781 1892 1924 1951 tota
1969 1887 2140 1966 vita,
2199 1885 2410 1950 multo

317 2016 324 2023 -
446 1995 604 2041 vero
645 1975 885 2054 minus,
930 1974 1042 2058 qui
1075 1973 1482 2040 idololatriae
1526 1971 1944 2038 simulatione
1979 1992 2050 2039 se
2093 1971 2410 2038 contami-

448 2067 594 2126 nat:
662 2067 866 2126 totam
923 2059 1108 2125 illam
1174 2059 1685 2144 disputationem
1750 2057 1860 2123 hic
1925 2058 2172 2123 omitto.
2263 2056 2411 2143 Hoc

445 2147 651 2230 igitur
710 2146 1068 2211 constituto
1187 2145 1512 2223 uaeritur,
1592 2140 1917 2226 numquid
1993 2142 2246 2208 homini
2300 2142 2410 2225 pio

445 2229 871 2316 migrandum
916 2232 1001 2296 sit
1054 2238 1277 2314 potius
1322 2251 1358 2296 e
1401 2232 1643 2313 patria,
1701 2236 1769 2317 et
1820 2226 2250 2311 relinquenda
2292 2248 2413 2294 sua

446 2316 729 2396 vocatio,
785 2336 986 2399 quam
1045 2323 1120 2381 ut
1157 2316 1378 2382 missis
1419 2315 1712 2393 intersit,
1772 2321 2180 2380 mortuorum
2222 2333 2412 2379 exse-

448 2402 635 2502 quias
676 2402 1091 2485 papistarum
1123 2421 1308 2501 more
1350 2400 1649 2480 celebret,
1696 2421 1773 2467 ac
1813 2409 2091 2500 usurpet
2131 2400 2411 2465 usitatas

449 2485 2410 2656 3²⁹3&Patzzmssffi’,33²3m3100220fflssz11112503223

451 2592 793 2724 οιιιοΡῑξιεω
839 2623 1102 2742 quoque·
1139 2659 1279 2724 eius
1321 2640 1811 2741 professionem,
1857 2676 1988 2741 qua
2029 2656 2159 2723 Dei
2203 2655 2413 2741 gloria

452 2744 858 2823 continetur,
916 2745 1196 2827 patriae,
1240 2743 1558 2828 cognatis,
1607 2744 1785 2833 vitae
1831 2742 2114 2826 denique
2154 2742 2411 2825 praefe-

448 2828 727 2895 rendam
784 2844 944 2896 esse.
1035 2828 1324 2895 Proinde
1339 2881 1354 2909 ,
1412 2829 1786 2913 quicunque
1841 2828 1914 2893 in
1968 2828 2051 2894 iis
2094 2828 2252 2894 locis
2296 2825 2409 2892 de-

450 2922 644 3000 gunt,
698 2914 813 2983 ubi
854 2916 1000 2983 Deo
1052 2921 1388 2998 praestare
1443 2920 1781 2998 nequeunt
1836 2934 2002 2997 quae
2045 2914 2410 2997 necessario
2445 2968 2456 2977 .

321 3042 336 3051 ·
450 3002 811 3085 exiguntur
833 3001 915 3066 ab
959 3000 1267 3080 omnibus
1301 2999 1718 3079 Christiania,
1766 2999 1978 3066 sciant
2011 3021 2144 3065 non
2189 3000 2410 3065 minus

451 3086 576 3152 sibi
611 3106 835 3169 ·quam
889 3086 1273 3151 Abrahamo
1333 3086 1457 3151 hoc
1558 3085 1830 3169 raecipi:
1891 3086 2026 3150 Exi
2083 3084 2165 3150 de
2231 3093 2414 3153 terra

451 3178 574 3236 tua
624 3176 708 3234 et·
745 3168 828 3233 de
885 3168 1272 3253 cognatione
1325 3178 1443 3236 tua
1494 3107 1696 3254 (pGen.
1756 3173 1853 3249 12,
1911 3175 1934 3233 l
1990 3192 2002 3233 ε
2064 3171 2189 3235 nisi
2244 3170 2411 3236 forte

454 3276 533 3321 ea
596 3254 802 3321 animi
868 3255 1116 3321 virtute
1179 3262 1248 3321 et
1309 3254 1694 3320 fortitudine
1757 3275 1917 3337 prae
1969 3254 2042 3318 'ti
2106 3256 2268 3335 sint,
2339 3262 2414 3319 nt

452 3347 734 3407 mortem
776 3339 958 3405 obire
999 3362 1134 3405 non
1172 3338 1494 3420 dubitent,
1538 3340 1790 3424 quoties
1833 3360 1997 3423 opus
2037 3342 2252 3420 fuerit,
2298 3361 2411 3423 po·

454 3428 592 3509 tius
646 3432 792 3506 [pag.
845 3440 872 3491 1
889 3432 993 3507 13]
1038 3447 1236 3509 quam
1277 3433 1352 3492 ut
1392 3427 1465 3491 in
1507 3420 1862 3503 hominum,
1897 3426 2181 3509 gratiam
2225 3424 2412 3509 quid-

454 3532 653 3597 quam
694 3531 735 3575 a
777 3533 898 3578 sua
939 3512 1339 3595 professione
1382 3512 1668 3577 alienum
1714 3510 2080 3595 designent.

630 3595 765 3663 Sed
821 3596 1154 3678 obiicitur,
1209 3598 1621 3664 vocationem
1669 3597 2036 3681 legitimam
2050 3649 2068 3677 ,
2127 3614 2329 3680 quum
2373 3616 2414 3661 a

321 3682 332 3691 “
455 3683 602 3747 Deo
666 3684 780 3761 sit,
840 3703 972 3747 non
997 3678 1276 3750 'temere
1340 3683 1475 3749 ulla
1541 3682 1622 3747 de
1685 3703 1882 3755 causa
1947 3680 2413 3767 negligendam

2278 3767 2414 3833 Re·
2519 3768 2735 3835 derari
2779 3767 3039 3851 poterit,
3088 3773 3162 3832 ut
3203 3763 3443 3833 cedant
3495 3767 3719 3832 omnia
3760 3767 3830 3831 in
3876 3768 4295 3834 contrarium.
4383 3770 4477 3835 Et

455 3776 626 3834 esse:
684 3774 919 3850 sponte
963 3786 1120 3834 vero
1168 3768 1380 3835 deseri
1423 3768 1608 3835 nullo
1649 3767 1843 3834 modo
1877 3778 2193 3851 oportere.

453 3851 762 3937 spondeo,
793 3853 1260 3929 christianum,
1277 3854 1614 3941 hominem
1638 3874 1798 3921 suae
1821 3854 2146 3920 vocationi
2183 3853 2412 3939 alliga-

455 3945 597 4004 tum
643 3959 813 4019 esse,
862 3938 1188 4007 duntaxat
1230 3961 1436 4027 usque
1481 3939 1565 4005 ad
1609 3961 1773 4006 aras.
1864 3939 2118 4021 Quare,
2160 3939 2288 4006 nisi
2325 3938 2413 4004 liss

456 4030 601 4091 ceat
634 4026 778 4090 De'o
820 4024 1097 4092 reddere
1140 4024 1314 4113 quod
1345 4048 1538 4093 suum
1582 4033 1699 4106 est,
1735 4025 1904 4090 nihil
1949 4034 2052 4091 est
2092 4018 2266 4109 quod
2309 4047 2413 4090 re-

299 4106 338 4135 “’·
455 4112 669 4187 tinere
712 4131 833 4176 nos
887 4110 1120 4176 debeat
1173 4113 1281 4178 vel
1336 4112 1561 4198 possit.
1652 4112 1793 4197 Aut
1855 4111 2033 4177 enim
2075 4110 2263 4177 Deus
2307 4132 2413 4176 re-

457 4195 733 4280 spicitur
776 4196 848 4261 in
904 4198 1265 4275 vocatione,
1312 4204 1428 4264 aut
1454 4198 1623 4262 alins
1678 4196 2052 4281 propositus
2097 4206 2197 4264 est
2237 4198 2414 4263 finis.-

454 4280 605 4348 Nisi
646 4283 861 4365 prima
893 4280 1177 4348 habetur
1211 4283 1457 4369 gloriae
1492 4282 1624 4349 Dei
1653 4283 1841 4362 ratic,
1885 4282 2152 4367 frustra
2172 4303 2415 4349 nomen

456 4368 581 4435 hoc
627 4365 712 4433 ad
754 4368 1247 4435 excusationem
1281 4364 1674 4436 obtenditur.
1743 4366 1822 4434 Si
1862 4368 2156 4453 primum·
2195 4368 2414 4436 locum

456 4454 726 4533 obtinet,
773 4460 848 4519 nt
890 4474 1011 4536 par
1051 4452 1172 4532 ‘est;
1219 4461 1489 4520 eatenus
1533 4476 1655 4521 nos
1699 4455 2025 4521 vocationi
2068 4454 2414 4521 adstrictos

451 4540 955 4609 meminerimus
969 4590 984 4618 ,
1079 4561 1165 4606 ne
1232 4561 1273 4606 a
1342 4561 1500 4607 vero
1571 4541 1957 4624 sinceroque
2021 4541 2156 4606 Dei
2232 4540 2415 4623 cultu

389 4668 396 4675 -
455 4644 576 4688 nos
609 4623 945 4710 impediat.
1033 4624 1354 4709 Denique,
1396 4626 1571 4692 sicut
1612 4627 1794 4710 prior
1835 4626 2062 4692 tabula
2098 4626 2264 4712 legis
2310 4647 2415 4691 or-

459 4707 613 4774 dine
656 4709 1013 4777 secundam
1055 4711 1407 4794 praecedit,
1452 4712 1550 4777 ita
1594 4711 1817 4777 omnia
1858 4711 2183 4778 secundae
2222 4711 2415 4777 tabu-

458 4792 564 4858 lae
605 4794 836 4874 officia,
884 4796 984 4862 ad‘
999 4796 1203 4877 illam,
1221 4797 1565 4881 ‘tanquam
1611 4796 1696 4862 ad
1730 4796 2047 4880 normam,
2092 4797 2419 4883 exigenda

333 4954 340 4963 .
461 4886 636 4946 sunt.
708 4878 986 4963 Summa
1029 4890 1256 4950 autem
1301 4884 1535 4968 prioris
1579 4882 1843 4949 tabulae
1886 4888 2005 4965 est,
2051 4890 2129 4948 ut
2170 4904 2416 4966 purum

459 4963 593 5115 gei
621 4964 894 5055 cultum,
935 4987 1167 5050 puram
1202 4968 1650 5063 adorationem
1685 4976 1754 5034 et
1785 4969 2270 5041 invocationem
2313 4990 2419 5034 re-

514 5071 981 5201 neagldiisstituo
1013 5130 1245 5220 igitur,
1291 5141 1458 5209 nihil
1496 5142 1670 5207 tanti
1712 5154 1874 5221 esse,
1923 5120 1998 5205 ut
2040 5141 2180 5209 eius
2223 5160 2420 5206 causa

463 5218 695 5286 debeat
738 5220 960 5299 homo.
987 5222 1383 5293 christianus
1427 5248 1497 5294 se
1540 5227 1890 5313 profanare
1936 5227 2074 5294 ullo
2113 5226 2418 5311 inquinar-

2512 1716 2738 1778 mento
2802 1710 3284 1796 superstitionis
3300 1761 3317 1789 ,
3383 1731 3512 1794 quo
3577 1713 3942 1794 minuatur,
4010 1710 4149 1781 aut'
4187 1716 4478 1782 violetur

2513 1797 2647 1863 Dei
2689 1796 2921 1864 cultus.
3008 1796 3104 1861 Et
3137 1796 3193 1860 si
3235 1795 3452 1877 faciat,
3497 1818 3632 1863 non
3675 1819 3868 1883 posse
3910 1801 4228 1868 excusari.
4524 1846 4533 1855 -

2690 1889 2838 1964 [pag.
2890 1896 2917 1947 1
2933 1887 3036 1962 14]
3074 1881 3286 1947 Porro
3320 1901 3522 1964 quum
3562 1883 3641 1963 in·
3678 1904 3756 1950 eo
3800 1905 4044 1969 genere
4078 1888 4476 1953 constituam

2513 1969 2768 2048 missas,
2809 1974 3221 2033 mortuorum
3254 1968 3617 2051 exsequias,
3650 1969 3877 2053 quales
3911 1978 4068 2037 sunt
4103 1973 4174 2037 in
4208 1979 4476 2056 papatu,

2513 2076 2743 2140 preces
2791 2074 3018 2119 omnes
3061 2053 3368 2119 solennes
3381 2103 3399 2134 ‚
3456 2053 3573 2120 ubi
3614 2056 3825 2121 sancti
3874 2059 4118 2122 mortui
4161 2059 4476 2126 invocan-

2514 2149 2658 2206 tur:
2704 2142 2815 2224 qui
2858 2160 2965 2205 me
2989 2135 3230 2216 audiet,
3288 2159 3630 2222 nunquam
3655 2138 3779 2206 sibi
3820 2144 4162 2225 permittet
4200 2144 4475 2211 missam

2517 2226 2772 2305 audire,
2843 2236 2959 2290 aut
3014 2223 3161 2289 aliis
3217 2224 3532 2290 eiusmodi
3602 2225 4071 2309 pollutionibus
4126 2229 4473 2296 interesse:

2516 2332 2754 2478 nequeQ
2774 2310 2900 2462 sigi
2945 2309 3337 2459 blanqietur,
3382 2310 3570 2393 quasi
3615 2311 3738 2377 hoc
3781 2311 3989 2464 Ιίζοὲαίι.
4159 2406 4191 2461 t
4303 2398 4444 2465 ulto

2756 2419 2822 2462 m
2928 2418 2985 2462 s1
3030 2415 3251 2461 auem
3311 2417 3382 2461 1n
3428 2416 3775 2463 commune
3915 2419 4077 2464 num
4122 2418 4159 2464 e
4232 2419 4301 2464 m
4445 2435 4504 2453 -·

2515 2504 2666 2549 rum
2711 2482 3229 2551 aedificationem
3272 2481 3486 2567 magis
3530 2481 3871 2565 expediat,
3918 2484 4291 2567 quempiam
4331 2504 4476 2549 mo-
4540 2530 4545 2535 ·

2517 2568 2691 2648 dica,
2749 2575 2818 2634 et
2859 2567 3068 2651 quoad
3113 2568 3183 2632 in
3227 2588 3298 2634 se
3343 2568 3471 2633 erit
3511 2568 3730 2634 sobria
3771 2569 4191 2635 simulatione
4233 2568 4477 2635 multas

2516 2648 2834 2725 utilitates
2872 2653 3201 2743 redimere
3211 2653 3249 2733 2
3319 2653 3730 2736 Respondeo,
3773 2654 3945 2719 nihil
3988 2655 4267 2727 istorum
4310 2675 4473 2737 esse,

2514 2740 2689 2824 quod
2725 2760 2952 2807 veram
2996 2748 3063 2804 et
3107 2739 3540 2805 necessariam
3582 2739 3798 2807 cultus
3835 2739 3964 2806 Dei
4005 2740 4479 2824 professionem
4576 2784 4591 2797 -

2516 2832 2584 2892 et
2659 2825 2996 2911 religionis
3072 2824 3524 2891 testimonium
3598 2825 4094 2909 praeponderet.
4193 2826 4473 2906 Deinde,

2515 2931 2649 2977 non
2703 2932 2846 2978 esse
2889 2916 3186 2977 nostrum
3240 2911 3587 2977 aestimare
3602 2963 3619 2991 ,
3663 2910 3818 2994 quid
3873 2912 4172 2979 futurum
4214 2913 4302 2979 sit
4343 2913 4475 2977 uti-

2496 2997 2671 3069 ,liusz
2743 2996 2858 3063 sed
2924 2995 3051 3061 hoc
3115 3002 3375 3062 tantum
3440 2992 3753 3080 relinqui,
3818 3005 3895 3062 ut
3960 3018 4236 3083 agamus
4301 2997 4476 3082 quod
4580 3024 4589 3035 ·

2515 3077 2905 3168 praescribit
2954 3080 3306 3147 Dominus.
3395 3080 3529 3148 Dei
3582 3082 3760 3148 enim
3828 3083 4041 3150 solius
4087 3091 4189 3151 est
4238 3083 4475 3169 gnber-

2515 3189 2678 3235 nare
2722 3176 3017 3233 eventus³
3104 3166 3470 3246 Postremo,
3514 3166 3717 3232 nullis
3760 3168 4269 3236 circumstantiis
4311 3170 4477 3236 illud

2515 3255 2759 3319 mutari
2776 3304 2790 3330 ,
2848 3252 3011 3336 quin
3056 3251 3411 3317 debeamus
3471 3256 3607 3318 nos‘
3635 3253 3869 3335 spiritu
3916 3263 3983 3319 et
4026 3250 4298 3338 corpore
4335 3276 4474 3322 ser-

2514 3360 2674 3405 vare
2717 3338 2865 3403 Deo
2908 3336 3303 3421 impollutos.
4126 3340 4135 3345 '

2690 3423 2871 3506 Quid
2912 3424 2969 3490 si
3022 3443 3228 3508 grave
3272 3429 3340 3489 et
3385 3422 3662 3489 noxium
3704 3421 4171 3491 offendiculum
4215 3447 4298 3491 ex
4343 3424 4475 3492 dis-

2518 3531 2705 3578 cessu
2750 3509 3045 3575 oriatur?
3090 3516 3486 3592 provocetur
3526 3509 3878 3592 impiorum
3923 3511 4259 3578 saevitia?
4289 3512 4474 3577 infir-

2518 3596 2645 3662 mis
2708 3593 3091 3662 labascendi
3142 3594 3336 3661 detur
3403 3594 3655 3677 occasio
3669 3594 3701 3657 ⁴?
3789 3595 4188 3679 Respondeo
4207 3648 4222 3674 ,
4288 3597 4477 3664 nobis

2518 3682 2643 3747 hoc
2699 3689 2917 3747 totum
2969 3680 3295 3748 incertum
3349 3701 3510 3757 esse.
3600 3679 3771 3746 Nam
3817 3682 4148 3749 Dominus
4203 3683 4297 3747 ita
4337 3704 4478 3751 mo-

2517 3854 2695 3922 certe
2734 3875 2868 3918 non
2925 3859 3065 3918 tam
3107 3852 3264 3918 inde
3316 3849 3677 3937 quidquam
3730 3852 3888 3918 mali
3944 3854 4308 3920 timendum
4353 3863 4471 3939 est,

2516 3962 2715 4025 qnam
2768 3939 3047 4004 multum
3110 3944 3256 4018 [pag.
3310 3942 3456 4017 115]
3525 3938 3681 4003 boni
3736 3938 4153 4021 sperandum.
4243 3939 4474 4022 Quan-

2514 4035 2842 4108 tacunque
2884 4025 3061 4092 enim
3105 4025 3397 4090 amentia
3438 4025 3768 4090 excaecati
3800 4025 3936 4091 sint
3976 4024 4180 4108 impii,
4225 4025 4349 4091 hoc
4390 4025 4477 4091 ad

2517 4110 3000 4177 vulnerandam
3053 4130 3280 4176 eorum
3340 4110 3810 4177 conscientiam
3864 4131 3999 4176 non
4055 4110 4201 4176 leve
4253 4119 4517 4196 caute-⁸

2518 4199 2694 4264 rium
2728 4198 2871 4275 erit,
2918 4195 3142 4263 videre
3173 4196 3285 4278 qui
3317 4195 3619 4279 patriam,
3666 4194 4141 4281 cognationem,
4189 4202 4256 4261 et
4286 4195 4489 4280 quid--

2517 4281 2676 4367 quid
2717 4281 3095 4348 hominibus
3140 4280 3331 4347 dulce
3375 4302 3517 4347 esse
3563 4280 3755 4359 solet,
3802 4279 4173 4363 relinquere
4216 4280 4485 4362 malint,

2520 4389 2717 4453 quam
2769 4390 2839 4435 se
2894 4365 3260 4433 idololatria
3398 4367 3622 4432 liuere.
3712 4367 3931 4433 Tanta
3973 4366 4176 4432 animi
4217 4369 4481 4452 magni·

2518 4454 2677 4520 tudo
2721 4454 2872 4538 plus
2913 4452 2997 4520 ad
3024 4453 3300 4537 frangen
3348 4475 3456 4518 am
3499 4474 3727 4521 eorum
3772 4450 4255 4519 contumaciam
4300 4453 4481 4520 vale-

2504 4541 2635 4623 'bit‚
2681 4561 2881 4625 quam
2921 4538 3005 4606 ad
3038 4539 3327 4604 furorem
3356 4534 3936 4604 inflammandum.
4026 4537 4320 4604 Infirmi's
4362 4544 4481 4625 p'o-

2521 4627 2656 4692 tius
2711 4625 2975 4705 accedet
3025 4625 3539 4691 confirmationis
3581 4625 3890 4704 materia,
3950 4626 4149 4707 quam
4191 4631 4265 4691 ut
4316 4626 4480 4693 titu-

2522 4712 2680 4778 bare
2733 4718 3084 4797 propterea
3145 4718 3261 4778 aut
3329 4708 3644 4779 vacillare
3715 4709 4012 4801 debeant.
4104 4710 4363 4801 Verum
4396 4720 4475 4777 ut
4514 4732 4521 4739 ·

2522 4806 2701 4865 certo
2747 4798 2910 4864 haec
2944 4799 3165 4863 omnia
3206 4796 3503 4881 pericula
3530 4797 3944 4876 immineant,
3982 4796 4272 4863 officium
4299 4818 4472 4862 sem-

2520 4898 2642 4970 per
2683 4891 2988 4951 nostrum
3031 4890 3150 4963 est,
3195 4883 3379 4966 sequi
3420 4881 3666 4966 absque
3693 4882 4144 4950 controversia
4190 4891 4258 4947 et
4301 4882 4477 4953 ἄναυ-

2520 4969 2833 5120 ΞιῤῥηξτΙιΙιις,
2874 4991 3001 5053 quo
3028 4966 3361 5120 Doginus,
3387 4978 3609 5119 γῖοοῗῢ,
3654 4976 3950 5119 evenltulso
3974 4974 4196 5118 aurtgnei
4238 4989 4483 5119 regen-t

2516 5078 2603 5208 313³
2605 5075 2895 5208 ⁸b211¹u30⁰
2896 5075 3297 5224 ”23⁶3ss
3322 5075 3679 5225 ‹1112ssth
3723 5074 3793 5120 ⁸⁰
3840 5076 3883 5119 ¹¹
3993 5074 4038 5137 p
4115 5075 4150 5120 ⁰
4190 5075 4358 5133 Μ’
4404 5078 4450 5120 ¹¹

2654 5276 2661 5281 -
2700 5226 3061 5311 Quaeritur
3094 5226 3174 5293 de
3214 5226 3296 5293 iis
3319 5227 3453 5309 qui-
3476 5228 3750 5293 miseros
3794 5225 4033 5291 fratres
4078 5243 4197 5307 pro
4220 5223 4482 5305 Christi

3963 5324 4064 5380 40*
