4967 5992
0 5258 81 5645 mm*
31 5578 43 5585 ‚
24 5370 29 5375 .
0 4463 55 5268 Υπτψτῑ-τἯ-τ-*Ἶ
0 4266 31 4437 ’Ὺ
0 4225 3 4234 ’
0 4106 34 4191 ’μ’
0 3959 19 4025 -ν
0 3439 37 3508 w·
0 3392 8 3401 ·
19 3299 29 3304 .-

58 5574 61 5577 ’
62 5418 77 5454 ·.
33 4859 77 5369 Ιὲοιρυγᾳ·-.0.”ὀ
55 4796 64 4801 ι
56 4633 63 4640 .
29 4132 56 4178 ⁴.
48 3998 71 4027 Υ.
25 3385 58 3508 ³1⁴¹.

84 5555 100 5567 ι
74 5468 113 5530 ff!
78 5324 105 5357 §¹
82 5226 103 5274 ¹.
107 5191 110 5196 ,
82 5137 87 5148 '
100 5095 110 5100 ,
75 4725 87 4735 ⁴
94 4570 97 4575 -
97 4477 101 4479 ι
101 4316 107 4323 .
77 4076 87 4083 ⁸
90 4035 101 4046 ⁸
89 3700 113 3952 ¹⁴¹¹·V'⁴⁵,3‘.
99 3643 110 3673 —.
92 3598 100 3612 ’
85 3486 102 3533 ”

113 5648 127 5663 ο
109 5562 145 5609 n:-
136 5351 157 5371 θ
109 5013 116 5014 ¹
143 4814 151 4825 ι
146 4565 154 4576 ·
108 4155 149 4169 ἴ,
125 4113 128 4117 ,
147 4020 148 4023 „
137 3938 144 3943 .
107 3799 155 3902 ,2:³2¹
118 3711 126 3716 ,
117 3673 121 3680 .
129 3587 135 3593 ·

163 5675 176 5680 ι
187 5202 196 5215 '
173 3962 182 3971 Ι
151 3892 168 3902 1
174 3777 185 3791 Ο

192 5113 213 5126 Ι
239 5048 246 5056 .
209 4552 260 4567 ,ῃ
239 3929 250 3954 ἢ
230 3770 238 3775 ι
238 3713 253 3725 ’

324 5706 335 5719 a

430 5742 433 5750 >
424 5636 431 5652 ·
414 5455 437 5468 a

445 5088 460 5102 ο

467 309 587 369 ms
1316 301 1436 361 ΠΕ
1492 293 1936 361 ψ’[τιῑικῑτῑιιὲὲ
1988 288 2909 405 3ΠΡΕΒΒΤΙΤΙΟΝΙΒΠΒ.
2949 359 2960 370 .
3002 290 3610 385 APPENDIQES.
4363 301 4506 362 644·
4625 353 4635 362 .
4716 289 4723 298 ‘

465 497 576 560 aut
626 493 944 554 Gliristum
999 493 1055 551 et
1094 485 1313 551 Belial
1357 485 1734 567 coniungere.
1824 481 2009 547 Iubet
2049 500 2306 561 sperare
2348 500 2424 546 ac

451 583 660 660 petere
701 592 873 655 opem
891 584 901 594 '
919 571 1205 636 divinam
1218 619 1234 649 ,
1289 589 1365 633 ne
1420 568 1787 649 deficiamus
1829 569 1903 632 in
1945 566 2275 631 tentatione
2288 615 2304 643 ,
2361 567 2422 629 si

459 660 711 746 quidem
742 673 888 725 caro
920 656 1245 723 imbecillis
1279 660 1384 733 est,
1428 656 1615 718 etiam
1648 673 1842 735 quum
1871 653 2145 735 spiritus
2164 670 2424 731 promp-

462 755 564 812 tus
606 750 709 812 est.
762 755 769 760 ·
802 743 1100 824 Requirit
1148 741 1499 822 simplicem
1541 746 1598 803 et
1652 743 1936 821 apertam
1977 736 2423 818 confessionem

460 835 567 902 sui
607 830 882 895 nominis
917 833 974 894 et
1012 829 1313 906 veritatis,
1360 846 1435 891 ac
1464 845 1742 905 prorsus
1783 825 2044 889 damnat
2083 842 2204 885 non
2244 823 2423 887 modo

464 916 954 1001 abneqationem,
1006 915 1119 979 sed
1170 913 1357 976 etiam
1413 910 1982 975 dissimulationem
2035 906 2423 971 christianae

392 1056 398 1063 .
461 1002 804 1086 reliyionis.
893 999 1178 1086 Imperat
1217 997 1531 1064 mord-icus
1574 997 1836 1060 retinere
1870 993 2006 1073 illa,
2054 1012 2214 1074 quae
2247 992 2422 1057 nobis

462 1113 505 1156 a
570 1088 707 1154 Deo
784 1085 1022 1151 tradita
1098 1086 1171 1149 in
1236 1083 1575 1163 scripturis
1631 1080 1870 1147 sanctis
1943 1084 2103 1143 certo
2166 1077 2418 1142 scimus.

458 1173 682 1241 Dictat
722 1170 1134 1253 patientiam,
1200 1190 1326 1250 qua
1382 1168 1659 1232 homines
1704 1164 2132 1247 possidebunt·
2168 1164 2422 1246 animas

407 1247 418 1257 ⁸
460 1279 642 1330 suas.-
685 1259 878 1325 dictat
911 1256 1445 1338 perseverantiam
1489 1254 1568 1315 in
1598 1252 1789 1331 finem
1829 1270 2051 1331 usque,
2094 1269 2252 1330 quae
2294 1247 2421 1312 sal-

462 1365 575 1410 vos
628 1343 863 1425 efficiet.
954 1339 1273 1406 Hortatur
1325 1338 1554 1409 luctari
1598 1358 1717 1419 per
1774 1341 2103 1418 anqustam
2145 1338 2420 1415 portam,

355 1497 365 1506 ,
436 1438 519 1499 ,et
562 1429 808 1513 inqredi
840 1447 964 1507 per
1007 1443 1246 1491 arctam
1291 1428 1463 1506 iiam
1507 1443 1666 1503 quae
1709 1421 1879 1486 ducit
1926 1421 2009 1485 ad
2051 1421 2276 1497 vitam,
2325 1419 2423 1483 de-

460 1517 696 1582 clinare
738 1518 944 1578 autem
986 1513 1330 1593 spatiosam
1376 1510 1575 1587 viam,
1618 1513 1675 1571 et
1717 1503 1914 1571 latam
1945 1510 2215 1587 portam,
2262 1524 2422 1585 quae

460 1601 687 1670 multos
731 1599 1045 1680 accipiunt
1087 1602 1141 1661 et
1198 1595 1634 1659 transmittunt
1671 1593 1768 1657 ad
1800 1596 2116 1655 aeternum
2160 1590 2420 1655 exitium

462 1684 731 1771 (Matth.
774 1690 831 1760 7,
882 1686 956 1744 13
996 1686 1096 1762 8.).
1185 1675 1474 1760 Denique
1514 1678 1695 1743 Deus
1736 1678 2002 1758 imperat
2051 1676 2194 1741 suis
2236 1675 2423 1739 culto-

421 1838 429 1846 ,
460 1774 672 1849 ribus,
737 1776 803 1832 ut
845 1772 1071 1833 certent
1097 1770 1334 1832 contra
1384 1765 1690 1835 Satanam
1733 1769 1790 1826 et
1832 1782 2045 1828 omnes.
2081 1761 2300 1846 hostes·
2323 1763 2421 1841 ip-

403 1893 412 1901 ·
458 1860 631 1922 sius.-
668 1854 1048 1920 certantibus
1074 1858 1287 1917 nutem
1316 1850 1645 1933 pollicetur
1676 1854 1809 1912 tum
1838 1849 2122 1931 yratiam
2157 1851 2214 1911 et
2245 1865 2436 1928 opem-

357 1962 364 1966 ·
461 1946 803 2023 [pag-341]
862 1957 1077 2017 suam,
1132 1943 1264 2002 tum
1318 1936 1671 2014 victoriam,
1726 1940 1861 1999 tum
1888 1933 2189 2015 praemia
2246 1930 2421 2014 lonqe

357 2084 360 2087 .
453 2026 871 2107 amplissima.
968 2024 1243 2088 Timidis
1297 2023 1438 2086 cero
1528 2022 1640 2101 qui
1700 2018 1937 2085 Christi
1978 2023 2202 2100 partes
2229 2017 2418 2083 dese-

449 2116 615 2190 runt,
639 2111 940 2175 ‘minatur
979 2109 1185 2175 iustus
1219 2129 1293 2173 ac
1339 2125 1531 2171 verax
1564 2105 1744 2171 Deus
1782 2110 2033 2171 aeterna
2074 2103 2410 2186 supplicia,

358 2193 361 2196 ’
449 2218 573 2264 non
617 2213 793 2261 secus
836 2215 1026 2278 quam
1070 2195 1358 2273 canibus,
1405 2200 1461 2258 et
1494 2194 1746 2274 porcis,
1788 2196 1843 2254 et
1884 2190 2311 2272 mendacibus,
2357 2183 2412 2251 et

288 2321 294 2329 ·
396 2354 400 2357 ,
448 2282 831 2360 idololatris,
861 2305 872 2315 ’
898 2287 952 2346 et
1016 2280 1373 2359 homicidis,
1451 2279 1561 2360 qui
1625 2282 1833 2359 aperte
1892 2277 2196 2359 flaqitiosi
2262 2277 2414 2339 sunt

446 2370 675 2454 (Apoc.
716 2372 818 2446 21,
858 2372 893 2428 7
935 2365 1033 2448 8.).

582 2453 770 2518 ,Etsi
822 2472 963 2517 vero
1020 2452 1228 2532 quivis
1276 2450 1469 2532 facile
1524 2450 1799 2532 aqnoscit
1853 2447 2000 2513 haec
2043 2447 2406 2527 deprompta
2456 2423 2463 2529 Ι

447 2554 584 2607 esse
623 2560 746 2604 non
790 2559 867 2602 ex
910 2538 1182 2603 humano
1227 2541 1582 2614 commento,
1637 2535 1747 2600 sed
1802 2555 1877 2599 ex
1925 2533 2199 2598 oraculis
2242 2532 2406 2602 divi-,
2455 2597 2460 2614 ⁴

2455 2617 2461 2666 ἶ
2511 2643 2685 2690 casse
2699 2674 2713 2703 ,
2771 2623 2878 2688 sed
2934 2643 3065 2689 esse
3112 2621 3528 2689 Christianos:
3572 2623 3692 2690 tali
3747 2645 3814 2689 se
3855 2623 4201 2707 'ya'udentes
4244 2620 4477 2707 emises-

445 2647 566 2691 nae
609 2626 955 2705 scripturae
969 2673 983 2701 ‚
1030 2624 1140 2705 qui
1182 2622 1278 2687 ‘cel
1334 2616 1721 2686 mediocriter
1777 2621 1848 2684 in
1890 2620 1981 2684 eis
2025 2618 2231 2683 literis
2274 2636 2407 2694 ver-

389 2711 402 2722 ‘
441 2715 619 2778 satus
684 2715 772 2774 est
788 2761 802 2789 ,
871 2730 995 2773 non
1048 2708 1289 2789 piqebit:
1329 2713 1533 2779 tamen
1582 2706 1741 2771 locos
1799 2706 2047 2787 aliquos
2107 2704 2405 2773 indicare.

442 2796 761 2863 Dominus
808 2794 1095 2859 Christus
1128 2790 1355 2857 Matth.
1400 2798 1512 2854 24.
1549 2789 1754 2856 Marc.
1805 2796 1909 2855 13.
1956 2787 2109 2854 Luc.
2153 2795 2264 2852 21.
2302 2809 2409 2853 no-

442 2882 696 2947 vissimi
760 2881 995 2943 saeculi
1042 2880 1272 2959 faciem
1324 2876 1618 2960 yraphice
1669 2877 1974 2959 depinqit,
2033 2880 2090 2939 et
2115 2875 2407 2955 pericula

452 2968 664 3033 omnia
723 2966 905 3045 ponit
961 2964 1031 3028 ob
1086 2965 1318 3042 oculos,
1382 2971 1565 3044 utque
1616 2964 1811 3027 vitari
1849 2963 2100 3044 possint
2158 2979 2407 3026 summa

440 3052 566 3132 fide
645 3056 828 3131 atque
904 3049 1230 3132 diliqentia
1294 3050 1590 3131 perdocet.
1681 3047 1905 3113 Matth.
1981 3052 2084 3112 10.
2152 3064 2285 3127 cap.
2353 3050 2407 3109 et

445 3138 668 3202 Ioann.
700 3140 801 3199 15.
831 3141 935 3199 16.
957 3154 1087 3217 cap.
1106 3141 1472 3216 praemonet
1488 3135 1793 3215 apostolos
1827 3140 2012 3216 atque
2042 3133 2195 3196 adeo
2232 3151 2406 3196 cunc-

443 3230 535 3289 tos
569 3242 716 3288 suos
759 3221 1099 3304 discipulos
1137 3221 1446 3299 Christus,
1482 3227 1551 3283 ut
1588 3241 1718 3287 sese
1747 3223 2133 3304 praeparent
2166 3217 2251 3282 ad
2280 3236 2406 3284 cer-

442 3312 716 3387 tamina,
775 3314 830 3373 et
873 3310 941 3372 in
997 3327 1171 3388 spem
1216 3307 1437 3372 bonam
1481 3308 1697 3390 eriqit‚
1743 3310 1931 3373 etiam
1974 3303 2252 3370 hostibus
2297 3325 2402 3368 ex-

441 3402 635 3460 trema
659 3393 1052 3474 tentantibus,
1086 3398 1141 3457 et
1174 3393 1441 3473 requirit
1467 3394 1910 3476 confessionem
1930 3392 2189 3456 minime
2207 3390 2404 3454 simu-

444 3482 655 3546 latam.
748 3478 973 3544 Matth.
1032 3483 1135 3543 15.
1179 3485 1236 3544 et
1281 3480 1431 3545 Luc.
1497 3485 1552 3542 6.
1608 3479 1851 3559 scribas
1906 3484 1962 3544 et
2017 3476 2403 3541 Pharisaeos

439 3566 773 3633 israelitici
813 3564 1044 3645 populi
1098 3566 1431 3648 mayistros
1444 3614 1459 3645 ,
1518 3568 1673 3645 quia
1727 3566 1890 3631 male
1943 3562 2402 3643 interpretando

442 3654 802 3735 scripturas
844 3652 913 3713 in
958 3649 1236 3715 alienum
1278 3671 1531 3717 sensum
1565 3651 1939 3737 torquebant,
1983 3654 2156 3714 vocat
2198 3667 2404 3714 caecos

441 3740 661 3817 duces,
720 3743 774 3802 et
828 3735 993 3801 iubet
1046 3757 1146 3802 eos
1202 3758 1441 3802 cavere.-
1499 3740 1560 3802 si
1616 3739 1867 3819 quidem
1908 3754 2125 3801 caecus
2168 3734 2303 3799 dux
2348 3741 2402 3800 et

343 3887 353 3894 .
440 3844 582 3890 eum
641 3828 956 3904 sequentes
1002 3823 1221 3888 abeunt
1270 3825 1339 3887 in
1390 3825 1636 3905 foveam
1680 3823 2079 3907 perditionis,
2171 3819 2255 3884 In
2307 3843 2402 3885 re-

436 3911 735 3977 velatione
806 3914 1014 3973 autem
1079 3929 1198 3974 sua
1215 3960 1229 3988 ,
1303 3930 1494 3990 quam
1552 3909 1871 3976 Dominus
1934 3907 2229 3974 Christus
2283 3929 2405 3990 per

435 3997 723 4081 anqelum
782 3994 1016 4058 Ioanni
1076 4001 1226 4075 [pag.
1289 3999 1439 4073 342]
1499 3996 1768 4077 apostolo
1808 3996 2105 4079 dictavit,
2165 3998 2401 4076 copiose

136 4101 150 4125 ‘-
192 4116 200 4124 ·
337 4088 359 4156 ,’
438 4081 729 4149 describit
782 4085 917 4162 fata
968 4082 1285 4161 ecclesiae,
1344 4086 1397 4145 et
1442 4104 1484 4145 a
1527 4084 1725 4165 capite
1768 4083 2019 4162 quidem
2069 4088 2174 4147 11.
2210 4101 2404 4164 usque

388 4185 407 4197 ’·
434 4163 505 4233 in
555 4171 744 4249 finem
787 4167 937 4231 libri
981 4168 1322 4232 certamina
1353 4167 1859 4233 Christianorum
1902 4174 1972 4233 et·
1997 4167 2271 4232 hostium
2310 4168 2397 4232 ita

438 4254 508 4319 ob
586 4255 796 4337 oculos
838 4253 1053 4333 ponit,
1123 4258 1191 4316 ut
1247 4254 1441 4318 simul
1495 4252 1763 4319 athletas
1808 4275 1955 4318 suos
2011 4255 2247 4337 eqreyie
2303 4255 2400 4317 in-

190 4386 198 4396 .
241 4320 283 4383 '·
328 4355 333 4360 ·
436 4339 673 4406 struat·
757 4338 989 4403 Petrus
1032 4339 1349 4420 apostolus
1383 4342 1455 4404 in
1498 4339 1756 4422 epistola
1789 4338 2158 4421 poste-riori,
2196 4335 2401 4420 falsos

436 4426 709 4490 doctores
754 4426 1071 4504 praedicit
1122 4432 1528 4507 qrassaturos
1582 4428 1652 4490 in
1708 4427 1961 4491 ecclesia
2021 4424 2287 4506 Christi,
2343 4432 2399 4491 et

346 4560 357 4570 .
434 4512 528 4574 ita
572 4530 671 4574 eos
714 4510 852 4573 suis
903 4512 1212 4576 coloribus
1258 4511 1577 4591 describit,
1627 4516 1698 4576 ut
1737 4513 1927 4577 latere
1972 4531 2095 4575 non
2125 4514 2396 4593 possint,

288 4599 302 4611 '
346 4632 361 4647 ·
436 4596 572 4661 nisi
617 4594 813 4675 plane
870 4596 1182 4677 stupidos:
1236 4618 1342 4662 nec
1400 4602 1555 4663 tacet
1609 4598 1899 4677 exitium,
1970 4599 2133 4679 quod
2188 4595 2300 4665 eos'
2343 4604 2428 4664 et'

358 4741 366 4749 .
429 4685 760 4747 sectatores
803 4699 1013 4744 eorum
1053 4687 1287 4748 manet:
1342 4690 1529 4764 utque
1582 4682 1884 4749 declinari
1930 4684 2137 4765 possit
2179 4684 2399 4769 inqens

429 4767 605 4834 istud
650 4764 889 4830 malum
929 4767 1150 4844 falsae·
1172 4769 1512 4869 reliyionis,
1556 4771 1767 4836 edocet.
1838 4769 2017 4835 Idem
2054 4772 2186 4852 aqit
2223 4770 2398 4836 Pau-

2530 484 2635 550 lus
2667 482 2881 548 doctor
2917 482 3210 566 qentium,
3233 467 3617 563 praesertim
3637 486 3714 546 2..
3734 479 3946 547 Thess.
3966 486 4029 547 2.
4053 488 4108 547 et
4132 489 4189 549 1.
4221 484 4485 561 Timoth.

2533 573 2592 633 4.
2618 574 2674 632 et
2690 573 2755 631 2.
2782 568 3044 635 Timoth.
3072 574 3132 633 3.
3162 574 3221 632 4.
3269 566 3448 634 Idem
3477 569 3769 651 qraviter
3796 568 4056 633 deterret
4077 567 4490 638 Corinthiosa
4559 564 4567 572 ’

2528 654 2947 719 communione
2988 642 3477 735 idolothytorum,
3527 656 3718 719 etiam
3746 654 4006 719 scientes
4052 654 4291 723 idolum
4324 655 4489 723 nihil

2528 759 2657 804 esse
2701 738 2763 821 (l
2809 738 2959 804 Cor.
3000 744 3058 818 8,
3102 736 3229 821 10).
3318 738 3525 808 Iudas
3570 759 3808 820 quoque
3859 738 4174 821 apostolus
4232 739 4343 807 hoc
4385 763 4490 808 ar-

2522 829 2885 908 qumentum
2937 829 3158 889 versat.
3237 823 3554 901 Danielis·
3590 833 3798 891 autem
3837 825 4212 913 prophetias
4263 846 4492 892 accom-
4540 865 4546 870 -

2526 911 2812 975 modatas
2855 930 2986 975 esse
3026 910 3392 974 novissimis
3432 911 3809 993 temporibus
3822 962 3836 991 ,
3882 916 3952 975 ut
3991 910 4278 976 ecclesiae
4316 912 4488 992 filios

2526 994 2866 1074 instruant,
2912 997 3269 1077 confitentur
3300 997 3411 1076 pii
3443 1017 3668 1075 omnes,
3713 1002 3784 1062 ut
3826 1017 3971 1082 cap.
4010 1001 4067 1060 7.
4117 1001 4178 1062 8.
4219 1001 4323 1063 11.
4378 1003 4481 1063 12.

2529 1080 2884 1146 Zacharias
2925 1101 3162 1162 quoque
3204 1082 3524 1148 vaticiniis
3561 1083 3703 1147 suis
3746 1081 3955 1147 erudit
3994 1097 4108 1149 nos
4151 1083 4488 1149 adversum

2524 1167 2839 1232 doctrinas
2847 1166 3214 1248 pestiferas,
3242 1172 3314 1230 ut
3338 1186 3479 1247 cap.
3508 1172 3567 1235 5.
3603 1172 3658 1232 et
3685 1173 3786 1236 11.
3825 1173 3881 1233 et
3913 1164 4024 1232 ’1.2.
4061 1172 4119 1233 c‘t
4156 1173 4260 1234 13.
4298 1176 4353 1233 et
4381 1174 4484 1235 14.

2704 1251 2866 1315 Sunt
2927 1258 3132 1315 autem
3200 1255 3501 1333 exempla
3544 1273 3776 1336 maqna
3837 1259 3894 1318 et
3950 1253 4260 1333 illustria,
4327 1276 4487 1335 quae

2526 1338 2872 1403 doctr-inam
2915 1336 3073 1402 hanc
3113 1338 3420 1403 muniant.
3493 1338 3576 1402 In
3619 1340 3808 1404 veteri
3848 1338 4013 1404 enim
4056 1339 4311 1404 ecclesia
4332 1361 4487 1421 pro-
4519 1370 4529 1376 ·

2516 1423 2742 1504 phetae
2797 1442 2990 1503 usque
3044 1423 3195 1487 adeo
3239 1444 3363 1489 non
3419 1444 3738 1491 assensere
3792 1425 4091 1490 doctrinis
4142 1425 4367 1507 falsis,
4424 1433 4485 1491 et

2527 1509 2759 1573 ritibus
2801 1509 2932 1572 iam
2986 1511 3243 1590 receptis
3284 1514 3340 1572 et
3383 1510 3564 1594 vulqo
3607 1511 3998 1593 approbatis3
4052 1515 4125 1575 ut
4166 1526 4487 1594 oppugna*
4540 1541 4550 1548 -
4698 1560 4708 1567 .

2524 1594 2657 1657 rint
2699 1594 2888 1658 etiam
2921 1614 3116 1691 usque
3149 1595 3235 1660 ad
3268 1596 3431 1671 vitae
3462 1600 3625 1675 [pag.
3671 1602 3821 1676 343]
3857 1596 4229 1677 periculum.
4304 1596 4487 1662 Idem
4602 1644 4610 1653 ·

2523 1680 2803 1759 fecerunt
2863 1686 3175 1744 saeviente
3230 1680 3535 1747 Antiocho
3591 1681 3906 1759 Eleaear,
3968 1681 4372 1760 Mattathias,
4426 1689 4486 1747 et

2525 1765 2709 1829 multi
2753 1765 2888 1836 alii.
2952 1764 3242 1845 Apostoli
3284 1788 3530 1848 quoquc·
3564 1772 3620 1831 et
3660 1772 3968 1849 martyres
4010 1772 4066 1831 et
4107 1768 4485 1848 confessores

2523 1851 2690 1915 vitae
2732 1856 2888 1915 suae
2950 1850 3281 1932 dispendio
3325 1854 3531 1918 testati
3581 1859 3757 1931 sunt,
3816 1855 4021 1937 maqis
4064 1852 4478 1918 obediendum

2524 1955 2655 2001 esse
2697 1934 2833 2001 Deo
2876 1955 3068 2017 quam
3110 1937 3481 2003 hominibus.
3778 1989 3788 1998 .
3916 1938 3921 1947 '
4017 1987 4025 1995 .

2694 2021 3008 2102 Exempla
3048 2023 3338 2103 plurima
3378 2025 3794 2107 confessorum
3837 2029 3893 2089 et
3923 2029 4286 2106 ,martyrum
4329 2045 4483 2107 sup-

2508 2108 2755 2187 peditat
2776 2108 2950 2172 nobis
2993 2108 3401 2184 ecclesiastica
3435 2110 3718 2190 historia,
3741 2109 4007 2174 Ense-bii
4049 2110 4366 2189 inprimis,
4411 2116 4483 2176 ut

2523 2192 2859 2276 Polycarpi
2910 2193 3014 2258 lib.
3076 2199 3135 2258 4.
3191 2215 3326 2275 cap.
3377 2201 3481 2260 15.
3572 2191 3937 2260 Blandinae
3992 2197 4136 2259 item
4161 2273 4166 2277 Ι
4191 2195 4477 2262 mulieris

2513 2280 2971 2355 sanctissimae,
3017 2285 3071 2343 et
3104 2281 3439 2345 multorum
3473 2281 3764 2362 aliorum,
3805 2280 3907 2345 l‘tb.
3946 2287 4003 2345 5.
4036 2301 4175 2361 cap.
4214 2286 4375 2353 1.,2.
4411 2288 4473 2363 3,

2513 2366 2659 2429 item
2717 2366 2819 2430 lib.
2883 2370 2938 2428 6.
2997 2371 3315 2446 cap.'31;
3370 2363 3471 2431 lib.
3538 2372 3596 2431 8.
3654 2389 3786 2450 cap.
3850 2372 3909 2431 3.
3999 2365 4476 2449 Exclamatum,

2510 2451 2623 2530 ait,
2667 2456 2975 2533 martyres
3012 2452 3098 2516 ad
3139 2453 3372 2532 templa
3423 2453 3735 2517 idolorum
3779 2452 4061 2532 adducti,
4113 2471 4189 2516 ac
4226 2453 4362 2518 iam
4406 2455 4479 2519 in

2509 2535 2856 2620 tormentis,
2912 2539 3148 2621 inqenti
3187 2558 3352 2618 voce,
3415 2544 3473 2603 et
3516 2536 3908 2604 'testabantur
3948 2555 4015 2602 se
4066 2556 4191 2603 non
4231 2540 4477 2620 sacrifi-

2511 2710 2686 2774 sione
2729 2709 3025 2775 decorari.
3120 2708 3445 2792 Nonnulli·
3483 2710 3670 2775 etiam
3728 2711 3960 2774 maiori
3996 2708 4249 2790 fiducia
4278 2718 4473 2798 neque
4538 2749 4547 2758 ·

2512 2796 2890 2879 immolasse,
2947 2814 3140 2875 neque
3195 2815 3476 2877 unquam
3517 2797 3952 2863 immolaturos
3995 2814 4125 2871 esse
4169 2796 4471 2861 tes-taban-

2510 2887 2641 2946 tur:
2683 2879 2910 2962 quibus
2944 2881 3261 2955 tamenab
3304 2882 3750 2946 'assistentibus'
3787 2875 4095 2946 militibus
4131 2901 4245 2945 ora
4282 2881 4471 2950 conti—
4526 2944 4535 2952 ,

2510 2971 2635 3031 nico
2668 2973 2851 3047 atque
2885 2963 3048 3030 oculi
3080 2966 3602 3032 contundebantur
3645 2973 3714 3047 ut
3758 2967 4036 3050 tacerent,
4080 2962 4144 3031 et
4180 2967 4472 3032 violenter

2510 3050 2971 3134 expellebantur
3025 3057 3340 3133 tanquam.
3383 3054 3859 3133 acquievissent,
3932 3057 4034 3117 etc.
4126 3050 4229 3115 In.
4263 3053 4469 3117 eodem

2510 3144 2565 3203 et
2625 3137 2905 3219 sequenti
2961 3137 3062 3202 lib.
3117 3144 3174 3202 9.
3231 3138 3569 3204 innumera
3618 3138 3750 3203 alia
3808 3138 4150 3203 liberarum
4237 3139 4470 3219 confes-

2508 3226 2755 3290 sionum
2804 3225 3090 3302 eoeempla
3146 3222 3524 3289 exhibentur.
3624 3224 3764 3290 Huc
3809 3225 4079 3305 pertinet
4143 3229 4199 3288 et
4265 3243 4467 3289 exem—

2498 3310 2685 3392 plum
2748 3308 3019 3373 militum
3079 3309 3329 3374 Iuliani
3407 3310 3592 3377 libere
3658 3310 4077 3391 confitentium
4126 3308 4461 3374 Christum.

2513 3396 2687 3460 Nam
2753 3395 2872 3459 alii
2936 3396 3190 3475 quidem
3251 3395 3553 3461 veaeillum
3617 3396 4121 3476 imperatorium,
4200 3396 4267 3457 in
4346 3417 4507 3478 quo.

2496 3483 2709 3563 pictae
2783 3486 2964 3545 erant
3040 3481 3242 3561 Iovis,
3324 3480 3633 3547 Mercurii
3708 3486 3765 3546 et
3821 3480 4060 3546 Martis
4136 3480 4463 3563 imagines,

2507 3569 2774 3633 adorare
2827 3571 2895 3629 ut
2949 3568 3144 3631 moris
3202 3572 3336 3632 erat
3377 3573 3728 3646 renuerunt,
3789 3567 3908 3632 alii
3953 3586 4093 3631 vero
4145 3566 4461 3642 donativa,

2505 3673 2667 3734 quae
2710 3673 2832 3735 per
2894 3653 3323 3735 ignorantiam
3390 3658 3536 3731 [pag.
3591 3659 3739 3731 344]
3796 3672 3919 3723 non
3969 3651 4106 3717 sine
4161 3653 4466 3732 supersti-

2506 3740 2695 3803 tionis
2784 3739 3135 3818 suspicione
3213 3759 3245 3803 e
3310 3758 3508 3803 manu
3591 3739 4009 3820 Imperatoris
4086 3743 4462 3819 acceperant,

2508 3823 2887 3905 Imperatori
2930 3824 3347 3904 restituebant,
3392 3825 3736 3904 clamantes
3778 3845 3844 3891 se
3869 3838 4001 3891 esse
4046 3821 4460 3901 ChristianoS,

2505 3916 2559 3974 et
2610 3912 2680 3973 in.
2733 3931 2807 3975 ea
2853 3908 3245 3991 professione
3272 3930 3674 3992 permanere.-
3714 3930 3838 3991 per
3879 3909 4305 3993 ignorantiam
4348 3929 4465 3973 aue·

2504 4001 2652 4075 tem,
2710 3997 2875 4078 quod
2935 3998 3238 4077 fecerant,
3302 3996 3547 4078 fecisse,
3611 3996 3880 4078 adeoque
3938 4014 4197 4059 manum
4259 3995 4482 4072 solani,

2493 4103 2844 4168 pamniam,
2870 4102 3001 4147 esse
3014 4132 3029 4162 ‚
3097 4083 3526 4150 conscientiam
3581 4103 3722 4148 vero
3784 4082 3948 4147 nihil
4001 4079 4193 4146 simul
4244 4081 4463 4163 eqisse.

2505 4168 2711 4234 Locus
2753 4173 2951 4234 exstat
2994 4170 3063 4233 in
3115 4168 3288 4250 Trip.
3337 4167 3508 4234 Hist.
3551 4170 3655 4235 lib.
3710 4174 3766 4233 6.
3813 4187 3946 4250 cap.
3995 4171 4101 4231 30.
4367 4194 4377 4201 ·
4454 4190 4463 4198 ·

2581 4314 2587 4320 .
2676 4253 2786 4318 Ex
2828 4254 3053 4335 quibus
3097 4253 3383 4319 omnibus
3417 4255 3795 4337 perpicuum
3833 4253 3933 4335 fit,
3991 4251 4230 4318 homini
4269 4251 4467 4317 chris·

2504 4341 2675 4404 tiano
2714 4341 2974 4405 minime
2997 4340 3196 4418 licere,
3239 4345 3307 4404 ut
3349 4340 3682 4418 doctrinas,
3726 4345 3837 4405 aut
3875 4340 4080 4420 fidem,
4127 4343 4239 4403 aut
4281 4340 4471 4403 aetio-r

2500 4445 2624 4505 nes,
2670 4425 2973 4496 institutis
3012 4425 3253 4492 Christi
3275 4426 3693 4506 adversantes,
3739 4426 3831 4492 vel
3857 4447 3980 4508 per
4002 4424 4470 4490 sinmlationem

2501 4513 2808 4596 approbet.
2870 4518 2972 4577 17.
3012 4512 3195 4577 Iunii
3231 4532 3391 4577 anno
3439 4517 3639 4578 1549.
3786 4511 3795 4518 ’
4074 4541 4083 4550 ·

3050 4651 3345 4718 Pastores
3378 4657 3436 4716 et
3475 4622 3722 4716 lectores
3765 4613 4050 4715 mini-stri
4090 4649 4380 4714 eeclesiae
4500 4624 4511 4632 ’

3309 4736 3656 4819 Tiyum'nae
3697 4737 3769 4800 in
3813 4733 4115 4816 Helvetia,

2143 5035 2158 5039 -
2183 5034 2263 5041 —.
2283 5035 2601 5041 ---———-.-—.
2628 5034 2746 5040 -—--

1839 5215 2314 5287 BRUNSVIGAE‚
2352 5216 2559 5272 TYPIS
2594 5217 2670 5273 M.
2707 5216 3022 5273 BRUHNII.
