4967 5992
411 286 532 350 353

410 475 753 559 refragari:
813 495 979 558 nego
1024 481 1287 538 tantum
1328 473 1400 538 in
1437 475 1561 539 hoc
1602 474 1770 553 dari,
1828 483 1904 541 ut
1947 475 2358 542 imbecillita-

411 571 541 626 tem
595 569 887 626 nostram
943 558 1236 624 subsidio
1295 580 1414 625 suo
1466 559 1736 627 adiuvet
1751 613 1764 638 ,
1823 562 2010 643 quasi
2052 561 2127 625 in
2170 561 2359 627 nobis

411 648 568 712 alias
613 645 968 728 quidquam
1014 647 1101 710 sit
1143 644 1374 710 situm:
1421 646 1536 711 sed
1580 647 1706 711 hoc
1748 648 1817 711 in
1853 646 2137 711 solidum
2179 647 2359 713 illius

409 753 574 816 opus
627 752 701 797 ac
757 732 1142 798 beneficium
1199 751 1341 797 esse
1384 733 1699 816 confirmo
1717 784 1733 810 ,
1790 740 1865 797 ut
1907 754 2017 798 cor
2060 741 2359 798 nostrum

410 841 492 885 ex
545 817 801 901 lapideo
860 817 929 882 in
983 837 1295 882 carneum
1352 826 1682 897 vertatur,
1742 826 1815 883 ut
1869 819 2178 885 voluntas
2242 820 2362 884 fiat

409 926 595 981 nova,
635 914 710 968 ut
752 923 870 969 nos
917 903 1193 986 denique
1235 903 1429 969 corde
1473 911 1541 968 et
1593 905 1813 969 animo
1868 905 2205 969 reformati
2248 925 2359 968 ve-

410 991 605 1055 limus
636 987 811 1072 quod
837 989 1005 1054 velle
1041 996 1313 1072 oportet.
1371 990 1598 1072 Neque
1633 991 1810 1054 enim
1846 991 2103 1056 efficere
2138 988 2360 1055 Deum

408 1077 477 1141 in
532 1077 720 1142 nobis
771 1083 1051 1140 testatur
1102 1075 1386 1155 Paulus,
1444 1085 1520 1141 ut
1574 1075 1900 1158 possimus
1949 1074 2115 1141 bene
2161 1075 2359 1140 velle:

409 1161 523 1227 sed
569 1161 694 1226 hoe
737 1180 995 1243 quoque
1036 1160 1283 1243 ipsum,
1329 1171 1405 1226 ut
1449 1161 1754 1237 velimus,
1798 1159 1881 1226 ad
1925 1160 2359 1244 complemen-

410 1259 552 1311 tum
607 1266 813 1329 usque
867 1248 1098 1330 operis.
1204 1246 1548 1328 Quantum
1605 1247 1880 1312 interest
1937 1248 2112 1311 inter
2167 1248 2360 1312 effec-

408 1345 554 1398 tum
599 1345 668 1397 et
712 1332 1159 1398 voluntatem?
1219 1332 1507 1398 Proinde
1543 1333 1897 1399 efficaciter
1933 1333 2202 1397 formari
2245 1352 2360 1399 vo-

408 1419 735 1483 luntatem
779 1426 1072 1483 nostram
1115 1418 1442 1484 constituo
1458 1470 1472 1496 ,
1530 1428 1606 1483 ut
1645 1419 1916 1501 spiritus
1952 1420 2161 1484 sancti
2206 1416 2361 1483 duc-

409 1516 555 1570 tum
609 1511 921 1586 sequatur
976 1505 1374 1581 necessari0‚
1423 1526 1558 1569 non
1617 1513 1836 1570 autem
1887 1504 2147 1570 incitari
2193 1502 2362 1569 dun-

407 1601 614 1668 taxat,
658 1604 734 1655 ιιι
777 1589 1013 1667 valeat,
1058 1591 1112 1654 si
1159 1590 1335 1655 velit.
1394 1589 1587 1671 Quod
1630 1610 1825 1673 porro
1869 1588 1950 1655 de
1996 1611 2128 1654 uno
2164 1608 2363 1671 opere

409 1676 690 1742 dicimus
709 1728 723 1753 ,
777 1675 846 1740 id
890 1675 972 1740 ad
1018 1684 1224 1741 totam
1270 1677 1477 1741 vitam
1521 1676 1785 1742 extendi
1834 1675 2041 1741 debet.
2131 1674 2362 1757 Neque

408 1763 588 1828 enim
646 1762 844 1827 fuerit
898 1763 1088 1841 satis,
1161 1763 1217 1827 si
1271 1783 1383 1829 cor
1440 1763 1726 1827 hominis
1790 1762 1992 1828 semel
2048 1759 2365 1826 direxerit.

407 1849 628 1925 Deus,
672 1848 801 1913 nisi
858 1856 1174 1930 perpetuo
1219 1847 1523 1913 similiter
1577 1849 1859 1913 retineat
1903 1859 1972 1913 et
2014 1848 2088 1911 ιιι
2143 1867 2362 1929 perse-

407 1934 708 2000 verantia
748 1935 1112 1998 confirmet.
1197 1934 1343 1998 Iam
1386 1934 1460 1998 ιιι
1503 1934 1996 2017 perseverantia
2030 1932 2158 1997 duo
2204 1932 2364 1997 haee

407 2017 817 2085 observanda
858 2040 999 2084 esse
1042 2019 1380 2094 admoneo,
1427 2041 1510 2085 ne
1553 2020 1889 2085 hominem
1923 2019 2366 2102 imaginemur

407 2105 555 2169 Deo
597 2105 948 2188 oooperari,
992 2107 1259 2189 propria
1300 2105 1521 2188 aliqua
1559 2106 1841 2184 virtute,
1891 2103 2048 2168 dum
2093 2104 2364 2186 spiritus

406 2190 871 2273 gubernationi
903 2191 1311 2274 obsequitur3
1350 2212 1435 2256 ne
1458 2192 1888 2273 posteriorem
1915 2191 2196 2274 gratiam
2220 2189 2361 2255 loco

404 2276 732 2342 mercedis
786 2276 882 2340 illi
940 2276 1220 2341 retribui
1277 2288 1613 2359 putemus,
1681 2277 1866 2358 quasi
1923 2277 2140 2358 priore
2194 2276 2361 2340 bene

401 2361 654 2426 utendo
715 2362 836 2427 hoe
894 2363 1285 2444 promeritus
1343 2362 1556 2427 fuerit.
1659 2362 1889 2445 Neque
1943 2361 2123 2426 enim
2182 2360 2360 2426 aliud

398 2468 597 2529 posse
642 2446 941 2512 homines
984 2445 1282 2526 concede,
1325 2467 1520 2529 quam
1565 2447 1737 2530 quod
1779 2448 1912 2511 illis
1954 2447 2177 2511 datum
2218 2448 2360 2511 fue-

397 2532 528 2610 rit,
580 2541 648 2596 et
694 2530 913 2598 Deum
972 2545 1285 2615 perpetuo
1340 2545 1567 2598 tenore
1611 2535 1704 2599 sic
1756 2534 2060 2616 persequi
2114 2534 2182 2598 in
2226 2532 2359 2597 illis

398 2637 573 2700 opus
608 2637 821 2693 suum,
859 2627 934 2682 ut
968 2620 1335 2701 gratuitum
1370 2619 1473 2695 sit,
1520 2618 1840 2702 quidquid
1880 2618 2013 2684 illis
2041 2618 2125 2684 ad
2158 2620 2359 2683 finem

397 2719 615 2785 usque
661 2703 937 2767 eonfert:
996 2704 1119 2768 nisi
1165 2704 1332 2768 forte
1375 2724 1528 2770 eum
1572 2705 1947 2789 Augustino
1990 2704 2357 2771 mercedem

401 2807 640 2854 vocare
681 2788 899 2868 libeat,
944 2789 1101 2871 quia
1143 2791 1230 2855 sit
1272 2791 1486 2872 gratia
1526 2810 1645 2871 pro
1689 2792 1928 2875 gratia:
1975 2790 2129 2872 quia
2171 2808 2359 2854 suam

397 2875 472 2938 in
519 2873 758 2939 electos
800 2874 1298 2940 beneficentiam
1339 2876 1532 2940 novis
1576 2876 1853 2942 subinde
1898 2876 2087 2942 donis
2131 2897 2359 2941 cumu-

398 2960 494 3024 let
538 2960 741 3025 Deus.
797 2959 977 3038 ‚Hoc
1024 2968 1267 3038 totum,
1315 2960 1372 3026 si
1414 2961 1570 3044 quid
1612 2963 1938 3046 intellige,
1987 2983 2116 3026 uno
2160 2962 2360 3027 verbo

396 3045 863 3127 complectitur
914 3046 1201 3125 Paulus,
1261 3067 1466 3129 quum
1506 3046 1725 3112 Deum
1780 3068 1990 3112 unum
2043 3070 2186 3114 esse
2245 3048 2359 3130 do-

397 3140 529 3209 oet,
572 3132 682 3214 qui
728 3141 795 3197 et
841 3131 1009 3197 velle
1053 3139 1363 3214 operetur
1416 3133 1485 3198 in
1533 3135 1721 3199 nobis
1765 3144 1831 3198 et
1882 3135 2197 3216 perficere
2239 3154 2358 3217 pro

399 3220 555 3296 [pag.
614 3224 761 3297 168]
828 3239 945 3282 suo
1003 3217 1413 3300 beneplacito
1473 3219 1677 3302 (Phil.
1731 3223 1790 3298 2,
1849 3220 1974 3302 13).
2073 3219 2227 3284 Νοιι
2279 3219 2359 3285 de

395 3323 536 3367 uno
593 3302 699 3367 die
753 3304 1068 3386 loquitur:
1125 3303 1240 3369 sed
1299 3304 1380 3368 de
1435 3307 1745 3370 continuo
1799 3305 2074 3371 actionis
2140 3327 2358 3385 cursu,

398 3389 592 3454 euius
637 3391 899 3455 unicam
941 3410 1208 3455 causam
1253 3391 1472 3472 ponit,
1517 3389 1646 3454 Dei
1691 3390 2189 3474 beneplacitum,
2237 3392 2362 3456 hoc

397 3485 533 3552 cst,
592 3476 950 3558 gratuitam
993 3478 1134 3540 sine
1191 3475 1391 3541 ullius
1443 3476 1661 3541 meriti
1717 3486 2019 3558 respectu
2061 3476 2360 3561 benigni-

397 3570 628 3625 tatem.

577 3646 706 3712 His
750 3645 1056 3711 omnibus
1099 3646 1272 3729 quod
1318 3647 1530 3714 dicam
1574 3648 2030 3730 Augustinum
2075 3648 2360 3714 subscri-

399 3731 575 3810 bere,
623 3734 915 3798 suaviter
958 3751 1066 3795 me
1109 3732 1472 3798 subsannat
1515 3733 1814 3816 Pighius.
1895 3733 2146 3798 Verum
2190 3734 2358 3798 nihil

396 3817 579 3895 dieo,
639 3817 811 3899 quod
870 3837 1002 3881 non
1058 3820 1240 3901 prius
1298 3828 1452 3885 ante
1505 3820 1822 3884 lectorum
1866 3820 2083 3885 oculos
2211 3841 2359 3886 sue-

397 3905 564 3981 rim,
612 3912 681 3967 et
722 3903 979 3969 nullum
1025 3912 1126 3969 est
1168 3915 1392 3988 caput,
1447 3905 1621 3988 quod
1665 3926 1795 3970 non
1837 3927 2038 3989 prope
2082 3927 2118 3970 a
2209 3928 2358 3973 ver-

393 3987 563 4054 bum
610 3990 874 4072 saepius
919 3989 1094 4073 apud
1131 3992 1578 4075 Augustinum
1615 3999 1946 4071 occurrat3
1990 4001 2165 4058 certe
2205 3992 2357 4056 nul-

394 4075 542 4139 lum
589 4087 706 4152 ost,
753 4073 925 4157 quod
967 4096 1100 4140 non
1143 4076 1477 4142 luculento
1522 4078 1661 4143 eius
1710 4077 2078 4142 testimonio
2121 4080 2357 4143 confir-

393 4181 587 4225 mare
631 4159 843 4226 liceat.
925 4162 1156 4226 'Potam
1202 4162 1488 4228 hominis
1533 4171 1840 4228 naturam
1876 4163 2181 4229 vitiosam
2218 4185 2360 4230 esse

395 4245 618 4312 doceo.
710 4245 891 4328 Quid
942 4249 1401 4332 Augustinus?
1489 4249 1640 4315 Noli
1661 4301 1674 4326 ‚
1719 4249 1963 4332 inquit,
2019 4256 2249 4330 putare
2291 4259 2357 4315 te

394 4331 654 4415 aliquid
680 4334 955 4416 operari,
980 4333 1109 4399 nisi
1142 4336 1213 4399 in
1255 4348 1576 4418 quantum
1608 4334 1828 4401 malus
1864 4355 1952 4399 es.
1979 4337 2030 4419 ¹)
2074 4334 2351 4417 Item:²)

394 4414 598 4483 Siout
639 4419 908 4500 spiritus
951 4420 1128 4485 vitae
1168 4422 1241 4484 in
1286 4421 1552 4487 Christo
1595 4431 1941 4507 regenerat
1981 4420 2225 4504 fideles,
2264 4423 2356 4485 ita

392 4523 638 4586 corpus
691 4507 921 4570 mortis
974 4506 1045 4570 in
1089 4506 1304 4571 Adam
1349 4518 1672 4591 genuerat
1712 4518 2100 4591 peccatores.
2170 4508 2356 4572 Haec

394 4590 687 4655 carnalis
746 4601 847 4656 est
900 4594 1264 4676 generatio:
1323 4593 1439 4658 illa
1492 4593 1868 4675 spiritualis.
1959 4593 2144 4658 Haec
2187 4592 2355 4657 filios

391 4676 621 4743 earnis
664 4677 847 4742 facit:
902 4676 1018 4743 illa
1060 4678 1229 4746 filios
1272 4679 1560 4761 spiritus.
1649 4680 1836 4746 Haec
1881 4679 2051 4744 filios
2095 4678 2351 4743 mortis:

387 4758 516 4825 illa
561 4762 729 4828 filios
751 4765 1263 4832 resurrectionis.
1318 4765 1506 4830 Haec
1539 4765 1708 4830 filios
1733 4764 2000 4832 saeculi:
2046 4763 2161 4828 illa
2183 4762 2354 4829 filios

389 4846 547 4911 Dei.
613 4847 741 4912 Illa
772 4849 941 4915 filios
975 4851 1490 4918 misericordiae:
1538 4851 1702 4918 haec
1741 4851 1909 4916 filios
1944 4849 2098 4915 irae.
2166 4850 2354 4916 Haec

540 5138 598 5201 1)
636 5138 757 5194 Lib.
791 5138 842 5196 3.
877 5140 1189 5263 dcAEeccat.
1222 5145 1425 5200 meritis
1462 5149 1518 5198 et
1553 5142 1870 5198 remissione
1905 5157 2022 5211 cap.
2058 5138 2109 5195 2.

537 5205 598 5272 ⁶2.)
637 5206 697 5260 In
734 5208 877 5264 Psal.
914 5211 943 5265 1
1018 5250 1032 5264 .

611 5294 836 5354 Gummi
853 5312 1036 5368 opera.
1117 5298 1232 5356 Vol.
1271 5297 1369 5355 Vl.

1891 288 2022 352 DE
2064 285 2418 353 LIBERO
2461 288 2935 355 ARBITRIO.

4301 296 4430 360 354

2463 485 2728 560 peccato
2773 478 3077 562 originali
3120 479 3467 563 obligatos:
3516 480 3632 545 illa
3672 481 3849 545 omni
3885 482 4151 547 vinculo
4188 482 4427 549 libera-

2465 571 2587 627 tos.
2676 562 2875 628 Item:
2920 565 2968 647 ¹)
3024 564 3326 630 Dicimus
3384 587 3549 649 opus
3595 565 3722 632 Dei
3770 586 3912 632 esse
3967 566 4295 646 homines,
4349 571 4423 634 ιιι

2465 659 2787 731 quantum
2846 649 3147 716 homines
3216 658 3402 716 sunt:
3485 650 3601 716 sed
3654 672 3799 717 esse
3857 651 3978 716 sub
4036 653 4288 719 diabolo
4354 658 4423 720 in

2465 746 2786 817 quantum
2838 745 2994 800 sunt
3039 743 3431 819 peccatores.
3521 736 3707 802 Adeo
3764 744 3985 804 autem
4039 746 4251 804 totum
4304 740 4425 805 ho-

2465 820 2714 884 minem
2757 841 3143 903 perversum
3188 843 3330 888 esse
3366 830 3662 900 testatur,
3710 832 3785 887 ut
3819 823 4135 906 quidquid
4181 825 4424 891 habere

2466 906 2786 971 bonorum
2832 905 3093 972 videtur
3137 931 3176 972 a
3220 929 3290 973 se
3333 909 3501 992 ipso,
3559 908 3747 973 cedat
3798 908 3895 973 illi
3945 910 4422 993 inpeccatum.

2467 990 2780 1055 Gratuita
2815 992 2944 1056 Dei
2989 995 3204 1077 gratia
3238 994 3381 1059 dico
3418 994 3754 1059 hominem
3789 996 4192 1078 praeveniri:
4237 998 4420 1063 nullo

2464 1097 2586 1141 suo
2629 1077 2863 1141 merito
2907 1076 2991 1141 ad
3033 1100 3181 1143 eam
3223 1081 3568 1163 pervenire
3581 1105 3596 1160 ;
3641 1082 3774 1144 imo
3819 1102 3902 1146 ne
3937 1089 4242 1163 appetere
4278 1086 4419 1165 qui-

2464 1161 2614 1227 dem
2659 1183 2805 1226 eam
2849 1182 3058 1245 posse,
3101 1163 3306 1231 donec
3349 1167 3707 1230 excitatum
3751 1167 3821 1229 in
3872 1166 4067 1232 corde
4110 1168 4252 1233 eius
4299 1169 4422 1235 hoo

2464 1246 2860 1312 desiderium
2905 1249 3119 1313 fuerit.
3208 1250 3408 1316 Dicat
3451 1252 3897 1334 Augustinus:
3928 1253 3985 1335 ²)
4027 1250 4421 1320 ostenditur

2462 1355 2638 1417 ergo,
2684 1334 2907 1398 Deum
2951 1335 3168 1418 gratia
3207 1357 3328 1401 sua
3372 1336 3628 1401 auferre
3682 1337 4059 1403 infidelibus
4099 1360 4211 1404 eor
4254 1340 4418 1423 lapi-

2464 1419 2688 1498 deum,
2737 1429 2803 1484 et
2845 1421 3231 1502 praevenire
3276 1422 3347 1485 in
3392 1420 3769 1487 hominibus
3816 1424 4138 1489 bonarum
4182 1427 4419 1491 merita

2463 1505 2897 1584 voluntatum,
2942 1506 3037 1570 ita
3080 1514 3155 1570 ut
3197 1507 3510 1572 voluntas
3565 1528 3683 1589 per
3728 1507 4219 1575 antecedentem
4264 1533 4417 1595 gra-

2461 1591 2625 1654 tiam
2683 1599 3139 1674 praeparetur:
3197 1614 3327 1658 non
3383 1601 3459 1657 ut
3511 1594 3723 1676 gratia
3778 1595 4014 1659 merito
4059 1596 4417 1662 voluntatis

2463 1676 2888 1741 antecedente
2953 1676 3248 1743 donetur.
3360 1678 3561 1743 Item:
3652 1678 3784 1743 Hic
3863 1687 3966 1745 est
4026 1683 4416 1765 praecipuus

2465 1762 2865 1844 quaestionis
2910 1761 3123 1840 cardo,
3169 1772 3396 1828 utrum
3441 1764 3791 1846 praecedat
3835 1765 3998 1830 haec
4040 1767 4280 1850 gratia,
4327 1789 4416 1832 an

2465 1846 2901 1930 subsequatur
2954 1848 3241 1916 hominis
3307 1849 3756 1915 voluntatem:
3821 1850 3922 1915 vel
3942 1902 3956 1930 ,
4016 1861 4093 1915 ut
4156 1852 4416 1935 planius

2465 1931 2749 2015 eloquar,
2794 1941 3020 1998 utrum
3063 1933 3209 1999 ideo
3251 1935 3441 2000 nobis
3483 1934 3702 2008 detur.
3757 1937 3910 2018 quia
3955 1936 4284 2017 volumus;
4331 1960 4418 2003 an

2465 2037 2585 2100 per
2647 2019 2860 2101 ipsam
2914 2017 3101 2084 Deus
3150 2019 3274 2085 hoc
3335 2040 3589 2102 quoque
3642 2022 3909 2097 efficiat,
3980 2030 4054 2087 ut
4116 2023 4415 2089 velimus.

2463 2109 2612 2182 [pag.
2662 2109 2809 2183 169]
2850 2103 3051 2169 Item:
3109 2104 3285 2185 Quia
3335 2105 3615 2170 liberum
3674 2105 4016 2171 arbitrium
4071 2107 4150 2173 ad
4198 2108 4418 2174 Deum

2467 2187 2873 2273 diligendum
2929 2190 3128 2271 primi
3184 2191 3435 2273 peccati
3494 2192 3949 2273 magnitudine
3993 2193 4414 2275 perdidimuS,

2464 2283 2541 2339 ut
2579 2274 2651 2339 in
2693 2275 2910 2340 Deum
2955 2274 3432 2358 credamus‚·et
3471 2278 3577 2358 pie
3621 2277 3940 2353 vivamus,
3985 2299 4121 2342 non
4165 2289 4268 2345 est
4302 2301 4418 2345 vo-

2461 2360 2663 2426 lentis
2720 2381 2932 2443 neque
2988 2362 3348 2426 currentis:
3408 2381 3544 2425 non
3589 2362 3743 2444 qnia
3797 2382 3928 2427 non
3971 2362 4139 2429 velle
4183 2362 4418 2431 debea-

2463 2467 2613 2510 mus
2657 2455 2725 2511 et
2766 2465 3060 2511 currere:
3108 2446 3223 2512 sed
3267 2448 3420 2530 quia
3461 2448 3534 2510 in
3577 2447 3766 2512 nobis
3808 2457 4161 2531 utrumque
4196 2451 4413 2516 efficit.

2460 2530 2663 2596 Item:
2695 2532 2750 2615 ⁸)
2797 2532 2892 2598 Ut
2932 2532 3091 2616 quid
3124 2533 3454 2598 Dominus
3495 2532 3693 2598 iussit
3726 2555 3846 2598 nos
3881 2554 4002 2617 pro
4040 2535 4418 2601 infidelibus

2461 2616 2689 2683 orare?
2782 2620 2893 2683 An
2936 2626 3011 2683 ut
3053 2620 3147 2684 eis
3190 2640 3309 2702 pro
3353 2617 3522 2682 bona
3556 2638 3784 2683 eorum
3829 2619 4163 2686 voluntate
4207 2623 4419 2705 gratia

2463 2703 2910 2770 retribuatur?
2976 2726 3052 2770 ac
3110 2726 3240 2769 non
3298 2704 3517 2786 potius
3573 2713 3649 2767 ut
3702 2726 3785 2768 ex
3842 2705 4018 2771 mala
4060 2706 4133 2770 in
4176 2705 4418 2772 bonam

2462 2797 2757 2854 mutetur
2800 2809 3030 2854 eorum
3084 2786 3436 2855 voluntas?
3528 2789 3712 2854 Dicit
3754 2789 3956 2855 enim:
4017 2791 4227 2856 Nemo
4271 2801 4416 2875 pot-

2462 2883 2566 2941 est
2621 2874 2707 2941 ad
2765 2895 2873 2939 me
2936 2876 3194 2954 venire,
3249 2875 3375 2940 nisi
3431 2883 3619 2958 pater
3673 2897 3859 2941 meus
3913 2877 4193 2942 traxerit
4245 2898 4417 2943 eum.

2461 2960 2523 3025 N
2530 2981 2615 3026 on
2661 2962 2754 3026 ait
2796 2960 2950 3039 illic,
2994 2961 3283 3026 duxerit:
3352 2968 3428 3025 ιιι
3471 2961 3690 3043 aliquo
3735 2960 3926 3026 modo
3969 2962 4419 3048 intelligamus

2463 3047 2854 3130 praecedere
2907 3046 3044 3112 illic
3088 3046 3512 3112 voluntatem.
3605 3044 3775 3126 Quis
3819 3046 4136 3127 trahitur,
4183 3050 4238 3114 si
4283 3051 4418 3115 iam

2462 3132 2769 3198 volebat?
2857 3133 2951 3197 Et
3003 3143 3227 3198 tamen
3285 3153 3478 3197 nemo
3532 3133 3748 3211 venit,
3806 3133 3934 3197 nisi
3978 3135 4160 3199 velit.
4251 3136 4416 3201 'Pra-

2464 3218 2647 3283 hitur
2690 3239 2846 3302 ergo
2887 3220 3072 3282 miris
3115 3216 3355 3295 modis,
3400 3226 3478 3281 ut
3517 3218 3710 3296 velit,
3756 3219 3837 3284 ab
3877 3218 4022 3297 illo,
4069 3220 4183 3301 qui
4229 3222 4417 3284 novit

2463 3305 2649 3369 intus
2700 3305 2773 3367 in
2827 3305 2989 3385 ipsis
3054 3303 3398 3368 hominum
3455 3301 3756 3368 cordibus
3810 3304 4093 3386 operari:
4152 3323 4287 3368 non
4344 3312 4419 3369 ut

2466 3389 2768 3456 nolentes
2809 3388 3107 3467 credant,
3168 3388 3283 3454 sed
3337 3409 3421 3452 ex
3474 3387 3845 3453 nolentibus
3892 3388 4189 3454 volentes
4231 3390 4414 3454 fiant.

2399 3481 2404 3492 '
2464 3475 2668 3540 Item:
2696 3476 2756 3558 ⁴)
2801 3475 3121 3541 Liberum
3162 3473 3510 3539 arbitrium
3547 3495 3680 3538 non
3720 3474 3850 3539 nisi
3886 3474 3968 3538 ad
4013 3473 4419 3557 peccandum

2463 3560 2658 3639 valet,
2701 3559 3013 3644 quamdiu
3056 3566 3160 3625 est
3212 3559 3566 3642 captivum.
3655 3558 3856 3623 Item:
3916 3557 4256 3641 Quomodo
4298 3559 4416 3625 ho-

2463 3648 2662 3712 minis
2704 3647 2948 3712 bonum
2994 3647 3426 3732 propositum,
3486 3645 3613 3709 nisi
3657 3645 4012 3710 miserante
4049 3647 4233 3728 prius
4277 3646 4417 3711 Do-

2463 3734 2660 3812 mino,
2709 3754 2910 3816 quum
2954 3733 3101 3816 ipsa
3139 3732 3227 3796 sit
3270 3730 3441 3796 bona
3483 3730 3811 3805 voluntas,
3856 3752 4024 3814 quae
4068 3752 4416 3815 praepara-

2463 3829 2575 3884 tur
2628 3841 2668 3885 a
2719 3817 3047 3885 Domino?
3138 3818 3338 3882 Item:
3395 3815 3709 3882 Ostendit
3764 3815 3980 3894 Deus,
4040 3818 4242 3884 nullis
4295 3817 4415 3882 ho-

2461 3905 2719 3970 minum
2765 3906 2950 3971 bonis
2992 3905 3248 3969 meritis
3282 3902 3642 3985 provocari,
3688 3913 3764 3967 ut
3804 3925 3913 3968 eos
3950 3903 4151 3968 bonos
4184 3905 4410 3969 faciat:

2464 3990 2581 4057 sed
2624 3991 2844 4074 potius
2881 3993 2976 4056 eis
3020 3989 3383 4055 retribuere
3431 3988 3602 4054 bona
3645 4008 3763 4071 pro
3804 3988 3997 4053 malis
4042 3997 4310 4071 propter
4346 4011 4416 4053 se

2460 4078 2682 4160 ipsum
2722 4077 2846 4143 hoc
2891 4076 3207 4154 faciendO,
3254 4095 3392 4140 non
3435 4082 3702 4157 propter
3734 4073 3901 4139 illos.
3958 4074 4159 4139 Item:
4188 4074 4248 4222 δί
4290 4072 4413 4139 Se-

2460 4163 2750 4229 cundum
2795 4162 3111 4246 placitum
3158 4162 3515 4227 voluntatis
3550 4180 3723 4238 suae,
3770 4180 3855 4224 ne
3896 4158 4133 4242 placito
4177 4181 4221 4243 g
4246 4161 4413 4225 orie-

2457 4270 2613 4314 mur
2658 4247 3015 4313 voluntatis
3058 4261 3338 4313 nostrae.
3427 4246 3577 4311 Non
3625 4245 3953 4329 optionem
3988 4253 4251 4310 tantum
4297 4246 4414 4310 ho-

2459 4334 2627 4398 mini
2684 4333 2935 4399 deferre
2992 4333 3216 4398 Deum
3272 4333 3511 4409 sentio,
3572 4339 3649 4395 ut
3705 4329 3870 4395 bene
3923 4339 3990 4395 et
4033 4329 4300 4395 volendi
4348 4339 4415 4396 et

2458 4419 2700 4503 agendi
2752 4420 3133 4486 facultatem
3188 4419 3430 4484 habeat
3480 4417 3537 4482 si
3591 4415 3886 4494 libuerit,
3945 4415 4059 4481 sed
4117 4437 4228 4481 cor
4270 4419 4412 4483 eius

2459 4505 2810 4571 efficaciter
2851 4506 3102 4571 moveri
3163 4511 3236 4570 ut
3281 4503 3438 4568 velit
3449 4526 3465 4582 ;
3523 4509 3590 4567 et
3640 4503 3860 4586 ipsum
3890 4507 4134 4566 .totum
4177 4503 4271 4568 sic
4314 4502 4413 4567 di-

2459 4591 2587 4674 rigi
2630 4601 2708 4656 ut
2746 4592 2959 4669 faciat,
3005 4599 3072 4655 et
3113 4609 3312 4673 opere
3357 4588 3678 4671 compleat
3720 4586 3896 4670 quod
3938 4586 4111 4652 velle
4155 4588 4251 4653 illi
4297 4588 4412 4654 da-

2461 4753 2555 4759 -ὓ
2604 4754 2651 4760 -—
2732 4752 2867 4760 —e-

2601 4863 2657 4926 1)
2696 4863 2815 4918 Lib.
2865 4863 2934 4917 ad
2980 4860 3223 4918 Bonifac.
3259 4860 3307 4914 1.
3357 4877 3473 4930 cap.
3504 4858 3584 4913 18.
3636 4861 3775 4915 conf.
3812 4860 3931 4915 Lib.
3976 4861 4047 4915 ad
4086 4861 4322 4915 Bonifac.
4360 4858 4414 4916 3.

2463 4951 2581 5003 cap.
2619 4931 2668 4986 5.
2719 4932 2838 4986 Lib.
2872 4931 2923 4984 4.
2960 4931 3077 4985 adv.
3116 4930 3394 4985 Iulianum.

2596 5000 2658 5134 {i
2694 5001 2761 5123 ιῗι
2784 4998 3437 5124 ἱῗῖᾱΙἮὸηῗῗαὲἰιῗιῗ.
3476 5065 3559 5122 19.

2596 5136 2655 5205 4)
2694 5137 2812 5193 Lib.
2848 5138 2919 5192 ad
2953 5136 3193 5193 Bonifac.
3228 5137 3278 5191 3.
3316 5084 3434 5205 σεξ.
3471 5135 3521 5191 8.
3573 5135 3716 5190 Libr.
3752 5133 3802 5187 4.
3841 5150 3959 5203 cap.
3995 5132 4045 5187 6.
4107 5132 4324 5187 Ibidem.

2597 5206 2658 5275 5)
2696 5207 2779 5262 De
2815 5207 3087 5278 praedest.
3122 5219 3355 5262 sanctor.
3393 5222 3512 5276 cap.
3548 5203 3631 5258 19.
3906 5286 3974 5338 23

2948 5478 2978 5509 0
