4967 5992
556 372 880 440 XXVIII
1742 365 2292 437 TRAGTATUS
2337 364 2925 433 THEOLOGIGI
2965 364 3410 434 MINORES.

2202 669 2612 755 CAPUT
2687 670 2935 754 XVI.

556 859 1164 960 SUPPLEX
1215 857 2106 955 EXHORTATIO
2159 856 2350 952 AD
2409 854 3128 954 CAESAREM
3179 854 3367 951 DE
3419 854 4311 955 NECESSITATE
4364 854 4585 953 RE·

1539 1026 2394 1153 FORMANDAE
2447 1024 3204 1124 ECOLESIAE.
3291 1016 3582 1116 1543.

864 1231 1179 1316 Sequitur
1222 1230 1487 1297 libellus
1530 1238 1598 1295 et
1641 1230 1722 1294 ab
1769 1229 2144 1313 argumenti
2190 1228 2519 1312 gravitate
2558 1235 2626 1293 et
2661 1249 2700 1293 a
2735 1227 2869 1293 stili
2914 1226 3243 1311 elegantia
3281 1248 3439 1310 prae
3474 1228 3749 1293 caeteris
3785 1224 4361 1293 commendandus.
4425 1225 4579 1308 Qui,

550 1352 897 1427 postquam
940 1343 1263 1426 plurimae
1307 1342 1461 1407 illae
1505 1339 2016 1418 controversiae,
2063 1359 2228 1422 quae
2273 1339 2534 1404 saeculo
2580 1336 2831 1404 decimo
2887 1344 3072 1404 sexto
3128 1338 3579 1422 theologorum
3625 1338 3907 1405 calamos
3952 1347 4414 1419 exercuerant,
4460 1339 4578 1405 du-

552 1455 707 1521 dum
764 1454 1021 1538 placide
1078 1453 1477 1536 compositae
1534 1430 1718 1529 sunt,
1776 1449 1884 1515 vel
1928 1449 2130 1515 etiam
2186 1449 2515 1516 oblivione
2559 1448 2885 1533 sepultae,
2942 1449 3266 1532 hodieque
3324 1450 3501 1515 lectu
3558 1447 3986 1534 dignissimus
4030 1457 4160 1527 est,
4221 1458 4288 1515 et
4338 1449 4577 1516 Nostro

547 1566 720 1631 inter
757 1565 938 1630 illius
983 1564 1217 1629 aetatis
1262 1563 1633 1646 scriptores,
1681 1561 1878 1626 etiam
1922 1562 1976 1625 si
2022 1567 2363 1643 praeterea
2404 1560 2575 1625 nihil
2617 1558 2949 1640 edidisset,
2991 1582 3231 1627 nomen
3272 1560 3684 1645 praeclarum
3729 1559 4117 1627 conciliaret.

859 1675 1105 1741 Caesar
1147 1672 1424 1739 Carolus
1470 1671 1765 1754 Quintus
1810 1680 2107 1737 statuum
2148 1673 2408 1755 imperii
2450 1679 2850 1739 conventum
2893 1675 2965 1738 in
3007 1693 3305 1738 mensem
3349 1671 3786 1738 Februarium
3824 1673 3982 1737 anni
4025 1675 4188 1736 1544
4224 1670 4571 1753 indixerat,

548 1787 783 1869 Spirae
830 1783 1313 1863 celebrandum,
1359 1804 1435 1848 eo
1479 1783 1797 1848 nimirum
1839 1783 2108 1848 consilio
2169 1792 2248 1846 ut
2290 1803 2442 1848 eum
2483 1784 2567 1847 iis
2614 1783 2695 1849 de
2751 1783 3027 1850 eeclesia
3080 1782 3499 1850 reformanda
3551 1784 3873 1849 rationem
3929 1783 4130 1848 iniret
4171 1790 4240 1847 et
4293 1784 4386 1850 sic
4427 1791 4572 1848 tan-

548 1898 700 1962 dem
747 1895 1104 1978 aliquando
1150 1894 1485 1977 perpetuis
1530 1893 1610 1958 de
1665 1892 1982 1977 religione
2040 1891 2652 1976 disceptationibus,
2720 1914 2886 1978 quae
2935 1894 3069 1961 iam
3124 1914 3243 1978 per
3287 1895 3574 1977 quinque
3618 1895 3831 1960 lustra
3874 1914 4013 1959 rem
4058 1895 4388 1976 publicam
4433 1903 4572 1960 tur-

545 2010 886 2086 baverant,
932 2008 987 2072 si
1031 2028 1157 2089 quo
1201 2005 1395 2071 modo
1438 2006 1582 2070 fieri
1625 2014 1862 2087 posset,
1909 2004 2063 2069 finis
2104 2005 2571 2087 imponeretur.
2662 2006 2810 2072 Hoc
2869 2005 3106 2071 saltem
3151 2027 3312 2072 usus
3367 2012 3714 2089 praetextu
3760 2006 4090 2088 principes
4132 2014 4572 2089 protestantes

546 2140 621 2184 00
663 2118 929 2202 adigere
974 2115 1353 2195 conabatur,
1399 2124 1475 2181 ut
1518 2115 1600 2181 ad
1644 2114 1891 2181 bellum
1936 2114 2197 2181 Galliae
2240 2115 2660 2181 inferendum
2704 2116 3010 2183 subsidiis
3055 2116 3301 2200 largius
3346 2116 3671 2182 concessis
3716 2115 3927 2199 ipsius
3973 2118 4190 2200 copias
4234 2124 4569 2201 augerent.

541 2230 757 2295 Erant
800 2237 1040 2307 tamen,
1087 2238 1235 2312 post
1278 2234 1379 2293 tot
1421 2227 1689 2294 comitia
1712 2236 1780 2292 et
1823 2226 2149 2310 colloquia
2188 2228 2437 2292 frustra
2479 2226 2606 2294 hac
2648 2226 2728 2293 de
2772 2250 2845 2293 re
2888 2229 3131 2309 habita,
3178 2236 3245 2295 et
3277 2229 3455 2293 inter
3498 2228 3827 2311 principes
3863 2234 3932 2292 et
3963 2228 4136 2293 inter
4179 2228 4353 2310 ipsos
4389 2227 4570 2293 theo-

542 2341 728 2425 logos
771 2340 883 2425 qui
928 2339 1231 2406 incendia
1277 2339 1487 2405 indies
1538 2338 1737 2403 latius
1794 2339 2143 2423 evagantia
2187 2337 2585 2421 disputando
2631 2340 2948 2422 compesci
2984 2360 3175 2424 posse
3221 2341 3381 2419 rati,
3429 2350 3495 2404 et
3537 2339 3847 2422 utrinque
3891 2337 4166 2404 candide
4210 2344 4278 2402 et
4319 2338 4571 2406 sincere

545 2451 625 2517 de
667 2473 828 2536 pace
874 2459 1092 2518 aetum
1135 2450 1238 2528 iri,
1284 2471 1526 2534 magna
1569 2469 1718 2516 eum
1764 2469 1879 2531 spe
1922 2448 2350 2531 Imperatoris
2395 2450 2857 2531 promissiones
2901 2450 3482 2535 amplectebantur.
3574 2450 3657 2515 In
3714 2449 3822 2515 his
3865 2459 4008 2515 erat
4067 2448 4461 2533 praecipuus
4503 2456 4570 2515 et

542 2563 909 2628 indefessus
945 2561 1245 2627 Bueerus
1289 2567 1544 2637 noster,
1601 2559 1681 2624 de
1738 2557 2160 2625 conciliandis
2204 2558 2549 2624 hominum
2593 2561 2829 2626 animis
2874 2568 2942 2626 et
2984 2562 3404 2645 opinionibus
3447 2581 3789 2644 nunquam
3834 2560 4188 2643 desperans
4207 2611 4224 2639 ‚
4273 2559 4376 2625 vel
4419 2567 4569 2643 post

542 2680 639 2738 tot
691 2672 915 2738 irritos
971 2677 1275 2750 conatus,
1344 2670 1583 2753 quibus
1640 2689 1853 2753 neque
1908 2690 2068 2734 suae
2118 2670 2325 2752 ipsius
2383 2691 2643 2753 semper
2695 2672 2907 2736 famae
2952 2671 3311 2752 consuluit,
3373 2693 3585 2754 neque
3639 2673 3780 2737 suis
3827 2671 4125 2736 inducias
4165 2671 4566 2753 procuravit,

540 2783 749 2849 multe
791 2784 1011 2848 minus
1056 2783 1317 2846 firmam
1362 2778 1769 2863 solidamque
1811 2801 2058 2863 paoem.
2149 2781 2221 2847 Is
2252 2768 2469 2866 ⁵igitur
2512 2780 2911 2865 aliquamdiu
2959 2782 3039 2847 de
3085 2784 3328 2866 scripto
3374 2780 3456 2847 ad
3508 2782 3986 2866 Imperatorem
4029 2779 4352 2847 mittendo
4394 2782 4567 2866 cogi-

540 2896 710 2961 tavit
753 2915 881 2978 quo
925 2891 1174 2959 scilicet
1214 2891 1323 2960 hic
1368 2891 1448 2956 de
1491 2891 1699 2974 partis
1743 2891 2270 2977 evangelicorum
2307 2891 2542 2958 studiis
2587 2901 2653 2957 et
2687 2892 2816 2958 fide
2859 2891 3094 2958 melius
3131 2893 3529 2967 edoceretur,
3577 2892 3783 2976 deque
3818 2912 3896 2957 ea
3940 2914 4012 2957 re
4046 2899 4363 2976 vergente
4397 2913 4567 2959 anno

542 3026 691 3072 cum
737 3005 1013 3071 Calvino
1068 3024 1187 3087 per
1247 3003 1474 3069 literas
1526 3004 1676 3087 egit.
1767 3002 2019 3068 Verum
2065 3003 2187 3070 sibi
2232 3005 2510 3069 fortasse
2555 3002 2856 3069 diffidens
2903 3004 3109 3070 amieo
3154 3005 3326 3071 hanc
3370 3005 3778 3087 provinciam
3833 3004 4189 3081 commisit,
4249 3002 4567 3069 libertatis

543 3116 963 3199 evangelicae
1020 3114 1454 3182 vindicandae
1509 3122 1575 3179 et
1630 3114 1950 3198 deplorati
2011 3122 2224 3180 status
2269 3114 2607 3193 eeclesiae,
2664 3115 2873 3198 qualis
2917 3115 3049 3180 iam
3096 3124 3253 3183 tunc
3296 3123 3469 3195 erat,
3527 3116 3787 3181 tristem
3832 3122 3900 3180 et
3939 3135 4169 3181 veram
4211 3114 4566 3198 imaginem

542 3227 960 3312 depingendi.
1052 3228 1295 3293 Exstat
1338 3226 1482 3291 eius
1538 3226 1814 3308 epistola
1872 3223 1955 3290 ad
1999 3224 2351 3293 Calvinum
2409 3225 2469 3292 d.
2520 3229 2619 3292 25.
2668 3224 2977 3293 Octobris
3027 3231 3189 3291 1543
3238 3229 3485 3311 scripta
3542 3227 3695 3312 (Ed.
3746 3225 3997 3293 Genev.
4045 3247 4105 3309 p.
4148 3228 4305 3305 366;
4365 3226 4563 3292 Laus.

537 3360 599 3423 p.
646 3344 796 3419 1013
841 3339 1102 3404 Hanov.
1147 3359 1209 3421 p.
1255 3342 1406 3417 113;
1451 3340 1664 3404 Amet.
1713 3360 1773 3422 p.
1816 3339 1968 3417 229)
2025 3357 2224 3421 quam
2268 3345 2492 3403 tamen
2544 3338 2710 3403 aliae
2754 3338 3096 3421 utriusque
3143 3338 3224 3402 de
3282 3338 3510 3405 eodem
3556 3337 3825 3403 consilio
3882 3344 4154 3422 agentes
4189 3358 4367 3404 nunc
4411 3357 4564 3403 vero

536 3449 913 3533 deperditae
956 3456 1462 3532 praecesserant.
1552 3448 1637 3513 In
1681 3469 1814 3532 qua
1853 3450 2029 3514 inter
2071 3449 2199 3513 alia
2242 3448 2404 3517 haec
2448 3449 2792 3534 leguntur:
2852 3448 3167 3515 Dubitare
3220 3451 3357 3531 ipse
3400 3450 3638 3532 incipio
3655 3498 3671 3528 ‚
3715 3468 3759 3514 a
3801 3454 3858 3514 te
3897 3450 4188 3527 monitae,
4232 3467 4318 3513 an
4361 3449 4566 3514 deceat

540 3561 624 3627 ad
666 3562 882 3642 ipsum
941 3559 1332 3643 (Caesarem)
1386 3559 1580 3627 scribi
1595 3612 1609 3640 ‚
1667 3560 1833 3642 quod
1869 3566 2075 3625 tamen
2129 3560 2324 3627 scribi
2365 3560 2564 3626 velim.
2655 3552 3024 3643 Mcwtyrum
3066 3561 3414 3645 exemplum
3429 3613 3444 3641 ‚
3488 3561 3599 3643 qui
3642 3559 4070 3644 Apoloyetieos
4112 3579 4264 3626 suos
4306 3560 4565 3641 seripse-

538 3676 690 3737 runt
733 3671 819 3735 ad
850 3672 1178 3752 principes
1221 3673 1448 3753 palam
1489 3672 1886 3751 idololatrae,
1929 3692 2026 3737 me
2067 3676 2288 3753 movet,
2345 3678 2399 3737 et
2442 3674 2742 3738 maiestas
2783 3672 3067 3754 imperii,
3124 3673 3652 3753 consideratioque
3699 3670 4095 3736 mirabilium
4136 3672 4562 3750 mutationum,

541 3802 703 3865 quas
746 3784 987 3863 effectas
1030 3802 1072 3846 a
1114 3781 1389 3847 Domino
1443 3783 1514 3847 in
1560 3784 1812 3866 maqnis
1854 3780 2136 3865 reyibus,
2184 3787 2251 3847 ut
2296 3781 2826 3862 Nabueadnezar‚
2889 3782 3049 3867 Cyro
3092 3788 3147 3849 et
3187 3784 3340 3849 aliis
3383 3783 3663 3867 legimus.
3761 3782 3862 3846 Tu
3904 3783 4114 3863 itafflae
4156 3780 4370 3847 iudica
4408 3779 4565 3863 quid

530 3899 720 3979 putes
756 3893 920 3974 facto
962 3912 1135 3973 opus.
1223 3891 1334 3957 Ad
1377 3893 1587 3974 ipsum
1631 3892 2081 3974 Imperatorem
2124 3893 2398 3973 scriptus
2441 3892 2598 3958 liber
2639 3894 2712 3959 iu
2736 3894 3031 3977 plurium
3073 3894 3386 3960 lectionem
3429 3893 3672 3973 incidet,
3706 3894 3866 3975 plus
3905 3893 4214 3960 videbitur
4262 3891 4564 3974 ponderis

545 4004 792 4084 habere,
852 4009 908 4067 et
949 4002 1165 4086 uryeri
1192 4004 1497 4085 aequitas
1537 4004 1764 4084 scripto
1806 4004 2085 4087 amplius
2132 4005 2394 4085 poterit,
2448 4024 2643 4085 quum
2688 4006 2937 4087 publice
2979 4011 3109 4071 tum
3141 4007 3472 4087 privatim.
3562 4003 3711 4069 Iam
3753 4004 3988 4070 veritae
4030 4005 4198 4070 clare
4240 4008 4298 4070 et
4337 4004 4564 4068 incom-

534 4115 1038 4201 prehensibiliter
1078 4112 1307 4180 obieeta
1350 4113 1539 4179 etiam
1580 4113 1856 4180 hostibus
1896 4115 2052 4193 suia,
2098 4115 2396 4199 lanquere
2438 4116 2627 4181 etiam
2663 4117 2824 4198 facit
2867 4138 3080 4183 eorum
3118 4121 3373 4182 conatus
3419 4120 3634 4181 contra
3669 4116 3879 4199 ipsam
3922 4121 3979 4181 et
4020 4114 4392 4181 mirabiliter
4435 4133 4566 4180 eon-

546 4231 791 4296 solatur
834 4233 888 4292 et
933 4228 1106 4311 eliyit
1145 4226 1455 4292 studiosos
1494 4226 1616 4303 sui,
1663 4245 1856 4307 quum
1894 4226 2030 4290 eius
2073 4226 2285 4292 vident
2323 4227 2654 4292 victoriam
2694 4229 2880 4293 etiam
2921 4230 2992 4292 in
3038 4228 3430 4294 conscientiis
3464 4227 3986 4293 adversariorum.
4075 4227 4175 4291 Ae
4209 4226 4269 4291 si
4312 4227 4564 4292 animus

550 4340 834 4406 abhorret
885 4340 965 4406 ab
1016 4342 1154 4421 ipso
1209 4338 1597 4420 Imperatore
1640 4335 2036 4420 appellando,
2093 4336 2336 4402 scribas
2378 4337 2463 4402 ad
2504 4358 2677 4423 reyes
2718 4340 2816 4405 vel
2859 4340 2945 4406 acl
2984 4339 3313 4423 principes
3366 4341 3765 4405 conventuros
3810 4341 3881 4405 in
3911 4360 3914 4363 ·
3916 4338 4240 4423 proximis
4281 4336 4562 4402 comitiis.

552 4450 735 4516 Haec
779 4449 906 4515 ille.
998 4450 1135 4516 Sed
1177 4450 1317 4515 eius
1363 4443 1766 4514 desiderium
1808 4446 2129 4515 Oalvinus
2176 4448 2277 4514 vel
2323 4447 2465 4531 ipse
2511 4450 2606 4514 rei
2650 4451 2975 4533 gravitate
3017 4457 3354 4535 permotus
3397 4456 3858 4529 anteverterat,
3906 4448 4011 4517 vel
4052 4450 4135 4514 ab
4179 4468 4257 4514 eo
4302 4446 4565 4513 demum

553 4561 840 4627 monitus
894 4568 1079 4626 tanta
1122 4568 1188 4626 et
1226 4560 1477 4646 ingenii
1530 4564 1791 4648 ἐνεργείᾳ
1834 4567 1901 4624 et
1944 4558 2080 4623 stili
2124 4558 2457 4625 celeritate
2503 4582 2644 4626 rem
2688 4560 3053 4645 expedivit,
3121 4570 3197 4627 ut
3239 4570 3392 4628 ante
3451 4562 3652 4627 finem
3697 4562 3856 4625 anni
3910 4559 4194 4644 insigne.
4225 4558 4567 4641 utriusque

556 4672 1018 4738 documentum
1062 4670 1243 4753 prelo
1281 4672 1602 4737 subiicere
1647 4671 1952 4754 potuerit,
2001 4668 2080 4736 de
2124 4691 2253 4754 quo
2293 4671 2471 4737 Beza
2513 4673 2585 4737 in
2630 4693 2753 4738 sua
2796 4673 2957 4739 Vita
3001 4673 3266 4741 Calvini
3309 4671 3484 4752 dicit,
3532 4693 3602 4737 se
3646 4671 3825 4738 haud
3869 4671 4029 4737 satis
4072 4670 4241 4737 seire
4284 4690 4370 4733 an
4414 4689 4568 4733 ner·

557 4784 781 4851 vosius
823 4781 1034 4846 ullum
1080 4788 1195 4846 aut
1236 4782 1504 4867 gravius
1547 4783 1865 4865 scriptum
1906 4803 2023 4848 suo
2068 4781 2323 4849 saeculo
2366 4783 2569 4849 fuerit
2609 4784 2876 4851 editum.
2965 4786 3270 4851 Primum
3312 4786 3382 4850 in
3436 4804 3513 4850 00
3558 4762 3824 4850 *cultum
3868 4780 3996 4846 Dei
4042 4778 4408 4863 legitimum
4453 4778 4567 4844 de·

555 4895 706 4960 finit
750 4899 956 4971 autor,
1005 4904 1075 4957 et
1115 4892 1350 4976 quibus
1393 4893 1843 4959 fundamentis
1885 4894 2211 4959 innitatur
2254 4895 2616 4961 christiana
2657 4897 2887 4982 religio
2933 4897 3233 4980 exponit,
3281 4904 3423 4961 tum
3464 4901 3625 4979 quot
3666 4893 4031 4977 quibusque
4083 4886 4294 4956 modis
4338 4887 4565 4956 eadem

557 5005 913 5088 depravata
972 5003 1173 5070 fuerit
1224 5002 1536 5083 ostendit,
1593 5005 1828 5087 quibus
1880 5006 2210 5071 erroribus
2269 5008 2715 5073 contaminata
2778 5008 3104 5087 doctrina,
3172 5014 3329 5091 quot
3379 5005 3937 5072 caeremoniarum
3995 5001 4566 5086 superstitionibus

555 5118 899 5183 obscurata
954 5116 1071 5180 lux
1127 5113 1453 5199 evangelii
1472 5165 1488 5193 ,
1547 5135 1747 5198 quam
1802 5116 2150 5181 innumera
2204 5117 2274 5180 in
2331 5117 2874 5200 gubernationem
2929 5118 3238 5185 ecclesiae
3294 5118 3455 5183 vitia
3507 5115 3751 5183 sensim
3807 5114 4212 5201 irrepserint.
4304 5111 4570 5178 Transit

556 5226 794 5294 deinde
835 5227 915 5294 ad
961 5224 1251 5294 remedia
1304 5246 1472 5310 quae
1515 5224 1819 5291 veritatis
1871 5227 2290 5309 evangelicae
2336 5226 2627 5295 vindices
2684 5227 2840 5293 inde
2884 5250 2923 5295 a
2978 5227 3302 5313 principio
3363 5227 3687 5294 constanti
3734 5234 3801 5293 et
3849 5226 4147 5293 unanimi
4193 5222 4410 5292 studio
4454 5220 4567 5289 ad-
