<?xml version="1.0" encoding="UTF-8"?>
<!DOCTYPE html PUBLIC "-//W3C//DTD XHTML 1.0 Transitional//EN"
    "http://www.w3.org/TR/xhtml1/DTD/xhtml1-transitional.dtd">
<html xmlns="http://www.w3.org/1999/xhtml" xml:lang="en" lang="en">
 <head>
  <title>
</title>
<meta http-equiv="Content-Type" content="text/html;charset=utf-8" />
  <meta name='ocr-system' content='tesseract 3.04.00' />
  <meta name='ocr-capabilities' content='ocr_page ocr_carea ocr_par ocr_line ocrx_word'/>
</head>
<body>
  <div class='ocr_page' id='page_1' title='image "./ioanniscalvinio02unkngoog_0100.png"; bbox 0 0 4967 5992; ppageno 0'>
   <div class='ocr_carea' id='block_1_1' title="bbox 595 361 719 424">
    <p class='ocr_par' dir='ltr' id='par_1_1' title="bbox 595 361 719 424">
     <span class='ocr_line' id='line_1_1' title="bbox 595 361 719 424; baseline -0.008 0"><span class='ocrx_word' id='word_1_1' title='bbox 595 361 719 424; x_wconf 78' lang='lat'><strong>128</strong></span> 
     </span>
    </p>
   </div>
   <div class='ocr_carea' id='block_1_2' title="bbox 589 557 2498 783">
    <p class='ocr_par' dir='ltr' id='par_1_2' title="bbox 589 557 2498 783">
     <span class='ocr_line' id='line_1_2' title="bbox 766 557 2498 693; baseline -0.003 -15"><span class='ocrx_word' id='word_1_2' title='bbox 766 613 827 678; x_wconf 80' lang='lat' dir='ltr'>A</span> <span class='ocrx_word' id='word_1_3' title='bbox 880 609 1094 693; x_wconf 74' lang='lat' dir='ltr'><strong>quoue</strong></span> <span class='ocrx_word' id='word_1_4' title='bbox 1148 557 2189 676; x_wconf 48' lang='lat' dir='ltr'><strong>oonffiffiffnffiffdovom-nous</strong></span> <span class='ocrx_word' id='word_1_5' title='bbox 2242 607 2498 691; x_wconf 75' lang='lat' dir='ltr'><strong>baptiso</strong></span> 
     </span>
     <span class='ocr_line' id='line_1_3' title="bbox 589 694 2447 783; baseline -0.014 -17"><span class='ocrx_word' id='word_1_6' title='bbox 589 699 688 766; x_wconf 91' lang='lat' dir='ltr'><strong>les</strong></span> <span class='ocrx_word' id='word_1_7' title='bbox 726 697 896 783; x_wconf 87' lang='lat' dir='ltr'><strong>petis</strong></span> <span class='ocrx_word' id='word_1_8' title='bbox 939 694 1214 762; x_wconf 78' lang='lat' dir='ltr'><strong>enfans?</strong></span> <span class='ocrx_word' id='word_1_9' title='bbox 2437 732 2447 740; x_wconf 93' lang='lat'>.</span> 
     </span>
    </p>
   </div>
   <div class='ocr_carea' id='block_1_3' title="bbox 591 794 2537 1461">
    <p class='ocr_par' dir='ltr' id='par_1_3' title="bbox 1440 794 1704 850">
     <span class='ocr_line' id='line_1_4' title="bbox 1440 794 1704 850; baseline 0 -2"><span class='ocrx_word' id='word_1_10' title='bbox 1440 794 1704 850; x_wconf 70' lang='lat' dir='ltr'><strong>n’nnrm.</strong></span> 
     </span>
    </p>

    <p class='ocr_par' dir='ltr' id='par_1_4' title="bbox 592 863 2537 1121">
     <span class='ocr_line' id='line_1_5' title="bbox 761 863 2533 951; baseline -0.005 -15"><span class='ocrx_word' id='word_1_11' title='bbox 761 868 872 936; x_wconf 82' lang='lat' dir='ltr'><strong>En</strong></span> <span class='ocrx_word' id='word_1_12' title='bbox 924 867 1112 951; x_wconf 80' lang='lat' dir='ltr'><strong>signe</strong></span> <span class='ocrx_word' id='word_1_13' title='bbox 1169 872 1237 930; x_wconf 84' lang='lat' dir='ltr'><strong>et</strong></span> <span class='ocrx_word' id='word_1_14' title='bbox 1287 865 1736 949; x_wconf 81' lang='lat' dir='ltr'><strong>tesmoignage</strong></span> <span class='ocrx_word' id='word_1_15' title='bbox 1792 863 1987 947; x_wconf 79' lang='lat' dir='ltr'><strong>qu&#39;ila</strong></span> <span class='ocrx_word' id='word_1_16' title='bbox 2030 872 2180 930; x_wconf 88' lang='lat' dir='ltr'><strong>sont</strong></span> <span class='ocrx_word' id='word_1_17' title='bbox 2229 863 2533 929; x_wconf 86' lang='lat' dir='ltr'><strong>heritiers</strong></span> 
     </span>
     <span class='ocr_line' id='line_1_6' title="bbox 592 949 2537 1034; baseline -0.005 -11"><span class='ocrx_word' id='word_1_18' title='bbox 592 954 676 1023; x_wconf 86' lang='lat' dir='ltr'><strong>de</strong></span> <span class='ocrx_word' id='word_1_19' title='bbox 717 954 785 1020; x_wconf 88' lang='lat' dir='ltr'><strong>la</strong></span> <span class='ocrx_word' id='word_1_20' title='bbox 824 952 1234 1020; x_wconf 89' lang='lat' dir='ltr'><strong>benediction</strong></span> <span class='ocrx_word' id='word_1_21' title='bbox 1277 949 1359 1017; x_wconf 89' lang='lat' dir='ltr'><strong>de</strong></span> <span class='ocrx_word' id='word_1_22' title='bbox 1392 951 1585 1028; x_wconf 82' lang='lat' dir='ltr'><strong>Dieu,</strong></span> <span class='ocrx_word' id='word_1_23' title='bbox 1630 951 1916 1034; x_wconf 83' lang='lat' dir='ltr'>promise</span> <span class='ocrx_word' id='word_1_24' title='bbox 1960 957 2002 1018; x_wconf 74' lang='lat' dir='ltr'><strong>a</strong></span> <span class='ocrx_word' id='word_1_25' title='bbox 2042 949 2111 1016; x_wconf 88' lang='lat' dir='ltr'><strong>la</strong></span> <span class='ocrx_word' id='word_1_26' title='bbox 2152 949 2537 1034; x_wconf 78' lang='lat' dir='ltr'><strong>generation</strong></span> 
     </span>
     <span class='ocr_line' id='line_1_7' title="bbox 594 1034 2534 1121; baseline -0.004 -13"><span class='ocrx_word' id='word_1_27' title='bbox 594 1041 712 1108; x_wconf 87' lang='lat' dir='ltr'><strong>des</strong></span> <span class='ocrx_word' id='word_1_28' title='bbox 765 1038 1018 1106; x_wconf 86' lang='lat' dir='ltr'><strong>fideles:</strong></span> <span class='ocrx_word' id='word_1_29' title='bbox 1071 1039 1204 1103; x_wconf 85' lang='lat' dir='ltr'><strong>afin</strong></span> <span class='ocrx_word' id='word_1_30' title='bbox 1256 1042 1587 1121; x_wconf 87' lang='lat' dir='ltr'><strong>qu’estans</strong></span> <span class='ocrx_word' id='word_1_31' title='bbox 1641 1057 1853 1104; x_wconf 74' lang='lat' dir='ltr'><strong>venua</strong></span> <span class='ocrx_word' id='word_1_32' title='bbox 1905 1057 1989 1102; x_wconf 92' lang='lat' dir='ltr'><strong>en</strong></span> <span class='ocrx_word' id='word_1_33' title='bbox 2046 1057 2234 1120; x_wconf 83' lang='lat' dir='ltr'><strong>eage,</strong></span> <span class='ocrx_word' id='word_1_34' title='bbox 2287 1034 2374 1101; x_wconf 89' lang='lat' dir='ltr'><strong>ils</strong></span> <span class='ocrx_word' id='word_1_35' title='bbox 2428 1054 2534 1100; x_wconf 86' lang='lat' dir='ltr'><strong>re-</strong></span> 
     </span>
    </p>

    <p class='ocr_par' dir='ltr' id='par_1_5' title="bbox 591 1121 2537 1461">
     <span class='ocr_line' id='line_1_8' title="bbox 809 1121 2536 1206; baseline -0.004 -14"><span class='ocrx_word' id='word_1_36' title='bbox 809 1125 1054 1192; x_wconf 85' lang='lat' dir='ltr'><strong>oissent</strong></span> <span class='ocrx_word' id='word_1_37' title='bbox 1104 1123 1171 1187; x_wconf 91' lang='lat' dir='ltr'><strong>la</strong></span> <span class='ocrx_word' id='word_1_38' title='bbox 1227 1123 1436 1190; x_wconf 83' lang='lat' dir='ltr'><strong>verite</strong></span> <span class='ocrx_word' id='word_1_39' title='bbox 1487 1122 1568 1187; x_wconf 90' lang='lat' dir='ltr'><strong>de</strong></span> <span class='ocrx_word' id='word_1_40' title='bbox 1620 1121 1765 1187; x_wconf 89' lang='lat' dir='ltr'><strong>leur</strong></span> <span class='ocrx_word' id='word_1_41' title='bbox 1816 1121 2184 1206; x_wconf 89' lang='lat' dir='ltr'><strong>baptesme,</strong></span> <span class='ocrx_word' id='word_1_42' title='bbox 2241 1142 2407 1204; x_wconf 89' lang='lat' dir='ltr'><strong>pour</strong></span> <span class='ocrx_word' id='word_1_43' title='bbox 2447 1141 2536 1185; x_wconf 90' lang='lat' dir='ltr'><strong>en</strong></span> 
     </span>
     <span class='ocr_line' id='line_1_9' title="bbox 591 1210 1195 1293; baseline -0.01 -13"><span class='ocrx_word' id='word_1_44' title='bbox 591 1213 758 1282; x_wconf 72' lang='lat' dir='ltr'><strong>faire</strong></span> <span class='ocrx_word' id='word_1_45' title='bbox 799 1212 943 1277; x_wconf 91' lang='lat' dir='ltr'><strong>leur</strong></span> <span class='ocrx_word' id='word_1_46' title='bbox 981 1210 1195 1293; x_wconf 86' lang='lat' dir='ltr'><strong>profit.</strong></span> 
     </span>
     <span class='ocr_line' id='line_1_10' title="bbox 1255 1299 1774 1376; baseline -0.004 -11"><span class='ocrx_word' id='word_1_47' title='bbox 1255 1299 1263 1306; x_wconf 55' lang='grc'><strong>”</strong></span> <span class='ocrx_word' id='word_1_48' title='bbox 1353 1329 1420 1364; x_wconf 76' lang='lat' dir='ltr'>u</span> <span class='ocrx_word' id='word_1_49' title='bbox 1453 1328 1710 1364; x_wconf 71' lang='lat' dir='ltr'><strong>numm</strong></span> <span class='ocrx_word' id='word_1_50' title='bbox 1727 1310 1774 1376; x_wconf 73' lang='grc' dir='ltr'><strong>ι)</strong></span> 
     </span>
     <span class='ocr_line' id='line_1_11' title="bbox 766 1375 2537 1461; baseline -0.004 -13"><span class='ocrx_word' id='word_1_51' title='bbox 766 1382 1012 1448; x_wconf 82' lang='grc' dir='ltr'><strong>Β16666</strong></span> <span class='ocrx_word' id='word_1_52' title='bbox 1055 1378 1136 1446; x_wconf 88' lang='lat' dir='ltr'><strong>de</strong></span> <span class='ocrx_word' id='word_1_53' title='bbox 1178 1379 1248 1445; x_wconf 90' lang='lat' dir='ltr'><strong>la</strong></span> <span class='ocrx_word' id='word_1_54' title='bbox 1289 1378 1487 1445; x_wconf 87' lang='lat' dir='ltr'><strong>Oene.</strong></span> <span class='ocrx_word' id='word_1_55' title='bbox 1577 1379 1669 1444; x_wconf 85' lang='lat' dir='ltr'><strong>Et</strong></span> <span class='ocrx_word' id='word_1_56' title='bbox 1709 1378 2232 1461; x_wconf 86' lang='lat' dir='ltr'><strong>premierement,</strong></span> <span class='ocrx_word' id='word_1_57' title='bbox 2302 1375 2537 1456; x_wconf 78' lang='lat' dir='ltr'><strong>Quelle</strong></span> 
     </span>
    </p>
   </div>
   <div class='ocr_carea' id='block_1_4' title="bbox 597 1464 1619 1551">
    <p class='ocr_par' dir='ltr' id='par_1_6' title="bbox 597 1464 1619 1551">
     <span class='ocr_line' id='line_1_12' title="bbox 597 1464 1619 1551; baseline -0.012 -13"><span class='ocrx_word' id='word_1_58' title='bbox 597 1475 701 1538; x_wconf 81' lang='lat' dir='ltr'><strong>est</strong></span> <span class='ocrx_word' id='word_1_59' title='bbox 740 1468 810 1535; x_wconf 87' lang='lat' dir='ltr'><strong>la</strong></span> <span class='ocrx_word' id='word_1_60' title='bbox 849 1466 1286 1551; x_wconf 76' lang='lat' dir='ltr'><strong>signification</strong></span> <span class='ocrx_word' id='word_1_61' title='bbox 1330 1464 1619 1532; x_wconf 84' lang='lat' dir='ltr'><strong>d’ioelle?</strong></span> 
     </span>
    </p>
   </div>
   <div class='ocr_carea' id='block_1_5' title="bbox 565 1566 2544 2233">
    <p class='ocr_par' dir='ltr' id='par_1_7' title="bbox 1435 1566 1702 1622">
     <span class='ocr_line' id='line_1_13' title="bbox 1435 1566 1702 1622; baseline 0.007 -2"><span class='ocrx_word' id='word_1_62' title='bbox 1435 1566 1702 1622; x_wconf 57' lang='lat' dir='ltr'><strong>dmm.</strong></span> 
     </span>
    </p>

    <p class='ocr_par' dir='ltr' id='par_1_8' title="bbox 597 1635 2543 1961">
     <span class='ocr_line' id='line_1_14' title="bbox 769 1635 2541 1722; baseline -0.003 -20"><span class='ocrx_word' id='word_1_63' title='bbox 769 1638 1012 1704; x_wconf 85' lang='lat' dir='ltr'><strong>Nostre</strong></span> <span class='ocrx_word' id='word_1_64' title='bbox 1076 1635 1405 1722; x_wconf 83' lang='lat' dir='ltr'><strong>Seigneur</strong></span> <span class='ocrx_word' id='word_1_65' title='bbox 1464 1635 1551 1700; x_wconf 92' lang='lat' dir='ltr'><strong>l’a</strong></span> <span class='ocrx_word' id='word_1_66' title='bbox 1611 1635 1921 1699; x_wconf 84' lang='lat' dir='ltr'><strong>iustitnee</strong></span> <span class='ocrx_word' id='word_1_67' title='bbox 1986 1655 2152 1717; x_wconf 88' lang='lat' dir='ltr'><strong>pour</strong></span> <span class='ocrx_word' id='word_1_68' title='bbox 2209 1653 2378 1698; x_wconf 90' lang='lat' dir='ltr'><strong>nous</strong></span> <span class='ocrx_word' id='word_1_69' title='bbox 2435 1654 2541 1698; x_wconf 92' lang='lat' dir='ltr'><strong>as-</strong></span> 
     </span>
     <span class='ocr_line' id='line_1_15' title="bbox 597 1717 2543 1805; baseline -0.004 -15"><span class='ocrx_word' id='word_1_70' title='bbox 597 1744 825 1791; x_wconf 88' lang='lat' dir='ltr'><strong>seurer</strong></span> <span class='ocrx_word' id='word_1_71' title='bbox 879 1743 1005 1805; x_wconf 88' lang='lat' dir='ltr'><strong>que</strong></span> <span class='ocrx_word' id='word_1_72' title='bbox 1068 1743 1191 1805; x_wconf 88' lang='lat' dir='ltr'><strong>par</strong></span> <span class='ocrx_word' id='word_1_73' title='bbox 1243 1720 1310 1786; x_wconf 90' lang='lat' dir='ltr'><strong>la</strong></span> <span class='ocrx_word' id='word_1_74' title='bbox 1361 1720 1902 1786; x_wconf 89' lang='lat' dir='ltr'><strong>communication</strong></span> <span class='ocrx_word' id='word_1_75' title='bbox 1946 1717 2026 1783; x_wconf 88' lang='grc'><strong>(16</strong></span> <span class='ocrx_word' id='word_1_76' title='bbox 2081 1740 2198 1784; x_wconf 90' lang='grc'><strong>666</strong></span> <span class='ocrx_word' id='word_1_77' title='bbox 2242 1739 2430 1802; x_wconf 89' lang='grc'><strong>66166</strong></span> <span class='ocrx_word' id='word_1_78' title='bbox 2473 1724 2543 1783; x_wconf 90' lang='grc'><strong>61</strong></span> 
     </span>
     <span class='ocr_line' id='line_1_16' title="bbox 599 1806 2543 1892; baseline -0.003 -16"><span class='ocrx_word' id='word_1_79' title='bbox 599 1809 682 1876; x_wconf 89' lang='lat' dir='ltr'><strong>de</strong></span> <span class='ocrx_word' id='word_1_80' title='bbox 724 1830 845 1875; x_wconf 90' lang='lat' dir='ltr'><strong>son</strong></span> <span class='ocrx_word' id='word_1_81' title='bbox 882 1828 1082 1892; x_wconf 85' lang='lat' dir='ltr'><strong>sang,</strong></span> <span class='ocrx_word' id='word_1_82' title='bbox 1127 1826 1250 1872; x_wconf 70' lang='grc'><strong>666</strong></span> <span class='ocrx_word' id='word_1_83' title='bbox 1295 1827 1475 1872; x_wconf 88' lang='grc'><strong>61666</strong></span> <span class='ocrx_word' id='word_1_84' title='bbox 1517 1814 1666 1872; x_wconf 89' lang='grc'><strong>6661</strong></span> <span class='ocrx_word' id='word_1_85' title='bbox 1706 1806 2010 1871; x_wconf 86' lang='grc'><strong>66611166</strong></span> <span class='ocrx_word' id='word_1_86' title='bbox 2058 1826 2142 1869; x_wconf 89' lang='grc'><strong>66</strong></span> <span class='ocrx_word' id='word_1_87' title='bbox 2191 1824 2543 1887; x_wconf 72' lang='grc'><strong>6666111666</strong></span> 
     </span>
     <span class='ocr_line' id='line_1_17' title="bbox 600 1892 1315 1961; baseline -0.007 1"><span class='ocrx_word' id='word_1_88' title='bbox 600 1894 684 1961; x_wconf 87' lang='lat' dir='ltr'><strong>de</strong></span> <span class='ocrx_word' id='word_1_89' title='bbox 723 1894 793 1961; x_wconf 88' lang='lat' dir='ltr'><strong>la</strong></span> <span class='ocrx_word' id='word_1_90' title='bbox 833 1894 941 1960; x_wconf 86' lang='lat' dir='ltr'><strong>vie</strong></span> <span class='ocrx_word' id='word_1_91' title='bbox 984 1892 1315 1958; x_wconf 89' lang='lat' dir='ltr'><strong>eternelle.</strong></span> 
     </span>
    </p>

    <p class='ocr_par' dir='ltr' id='par_1_9' title="bbox 1403 2012 1760 2048">
     <span class='ocr_line' id='line_1_18' title="bbox 1403 2012 1760 2048; baseline -0.003 0"><span class='ocrx_word' id='word_1_92' title='bbox 1403 2013 1469 2048; x_wconf 68' lang='lat' dir='ltr'><strong>LE</strong></span> <span class='ocrx_word' id='word_1_93' title='bbox 1501 2012 1760 2048; x_wconf 70' lang='lat' dir='ltr'><strong>mlflm·</strong></span> 
     </span>
    </p>

    <p class='ocr_par' dir='ltr' id='par_1_10' title="bbox 769 2060 2544 2149">
     <span class='ocr_line' id='line_1_19' title="bbox 769 2060 2544 2149; baseline -0.002 -20"><span class='ocrx_word' id='word_1_94' title='bbox 769 2064 1133 2149; x_wconf 77' lang='lat' dir='ltr'><strong>Pourquoy</strong></span> <span class='ocrx_word' id='word_1_95' title='bbox 1188 2070 1397 2129; x_wconf 88' lang='lat' dir='ltr'><strong>est-ce</strong></span> <span class='ocrx_word' id='word_1_96' title='bbox 1461 2084 1585 2146; x_wconf 90' lang='lat' dir='ltr'><strong>que</strong></span> <span class='ocrx_word' id='word_1_97' title='bbox 1640 2061 1704 2130; x_wconf 91' lang='grc'><strong>16</strong></span> <span class='ocrx_word' id='word_1_98' title='bbox 1756 2060 2088 2146; x_wconf 82' lang='lat' dir='ltr'><strong>Seigneur</strong></span> <span class='ocrx_word' id='word_1_99' title='bbox 2130 2082 2253 2144; x_wconf 82' lang='lat' dir='ltr'><strong>par</strong></span> <span class='ocrx_word' id='word_1_100' title='bbox 2286 2060 2350 2126; x_wconf 93' lang='grc'><strong>16</strong></span> <span class='ocrx_word' id='word_1_101' title='bbox 2385 2060 2544 2143; x_wconf 88' lang='lat' dir='ltr'><strong>pain</strong></span> 
     </span>
    </p>

    <p class='ocr_par' dir='ltr' id='par_1_11' title="bbox 565 2145 2542 2233">
     <span class='ocr_line' id='line_1_20' title="bbox 565 2145 2542 2233; baseline -0.004 -17"><span class='ocrx_word' id='word_1_102' title='bbox 565 2159 768 2217; x_wconf 83' lang='grc'><strong>’66116</strong></span> <span class='ocrx_word' id='word_1_103' title='bbox 809 2156 1186 2233; x_wconf 84' lang='grc'><strong>1661666616</strong></span> <span class='ocrx_word' id='word_1_104' title='bbox 1230 2170 1351 2215; x_wconf 88' lang='grc'><strong>666</strong></span> <span class='ocrx_word' id='word_1_105' title='bbox 1384 2169 1602 2232; x_wconf 86' lang='grc'><strong>661-66,</strong></span> <span class='ocrx_word' id='word_1_106' title='bbox 1643 2162 1711 2213; x_wconf 86' lang='grc'><strong>61</strong></span> <span class='ocrx_word' id='word_1_107' title='bbox 1749 2169 1869 2231; x_wconf 86' lang='grc'><strong>661</strong></span> <span class='ocrx_word' id='word_1_108' title='bbox 1910 2147 1975 2213; x_wconf 89' lang='grc'><strong>16</strong></span> <span class='ocrx_word' id='word_1_109' title='bbox 2017 2148 2131 2214; x_wconf 85' lang='lat' dir='ltr'><strong>vin</strong></span> <span class='ocrx_word' id='word_1_110' title='bbox 2175 2169 2293 2213; x_wconf 91' lang='lat' dir='ltr'><strong>son</strong></span> <span class='ocrx_word' id='word_1_111' title='bbox 2336 2145 2542 2230; x_wconf 79' lang='lat' dir='ltr'><strong>sang?</strong></span> 
     </span>
    </p>
   </div>
   <div class='ocr_carea' id='block_1_6' title="bbox 595 2251 2549 3860">
    <p class='ocr_par' dir='ltr' id='par_1_12' title="bbox 1438 2251 1702 2305">
     <span class='ocr_line' id='line_1_21' title="bbox 1438 2251 1702 2305; baseline -0.004 -2"><span class='ocrx_word' id='word_1_112' title='bbox 1438 2251 1702 2305; x_wconf 70' lang='lat' dir='ltr'><strong>n’narm.</strong></span> 
     </span>
    </p>

    <p class='ocr_par' dir='ltr' id='par_1_13' title="bbox 595 2316 2549 3001">
     <span class='ocr_line' id='line_1_22' title="bbox 770 2316 2546 2405; baseline -0.002 -20"><span class='ocrx_word' id='word_1_113' title='bbox 770 2320 953 2385; x_wconf 88' lang='lat' dir='ltr'><strong>Pour</strong></span> <span class='ocrx_word' id='word_1_114' title='bbox 1009 2320 1302 2405; x_wconf 79' lang='lat' dir='ltr'><strong>signifier</strong></span> <span class='ocrx_word' id='word_1_115' title='bbox 1347 2340 1472 2402; x_wconf 94' lang='grc'><strong>(166</strong></span> <span class='ocrx_word' id='word_1_116' title='bbox 1527 2319 1683 2385; x_wconf 88' lang='grc'><strong>16116</strong></span> <span class='ocrx_word' id='word_1_117' title='bbox 1723 2320 2053 2403; x_wconf 86' lang='lat' dir='ltr'><strong>propriete</strong></span> <span class='ocrx_word' id='word_1_118' title='bbox 2095 2326 2242 2402; x_wconf 88' lang='lat' dir='ltr'><strong>qu’a</strong></span> <span class='ocrx_word' id='word_1_119' title='bbox 2284 2317 2347 2384; x_wconf 93' lang='grc'><strong>16</strong></span> <span class='ocrx_word' id='word_1_120' title='bbox 2389 2316 2546 2400; x_wconf 83' lang='grc'><strong>6616</strong></span> 
     </span>
     <span class='ocr_line' id='line_1_23' title="bbox 599 2404 2549 2488; baseline -0.002 -16"><span class='ocrx_word' id='word_1_121' title='bbox 599 2427 836 2473; x_wconf 79' lang='lat' dir='ltr'><strong>envers</strong></span> <span class='ocrx_word' id='word_1_122' title='bbox 878 2426 999 2472; x_wconf 69' lang='grc'><strong>666</strong></span> <span class='ocrx_word' id='word_1_123' title='bbox 1042 2427 1250 2488; x_wconf 89' lang='grc'><strong>66166,</strong></span> <span class='ocrx_word' id='word_1_124' title='bbox 1294 2408 1454 2472; x_wconf 87' lang='grc'><strong>6’661</strong></span> <span class='ocrx_word' id='word_1_125' title='bbox 1487 2404 1568 2470; x_wconf 88' lang='grc'><strong>(16</strong></span> <span class='ocrx_word' id='word_1_126' title='bbox 1602 2405 1701 2470; x_wconf 91' lang='grc'><strong>166</strong></span> <span class='ocrx_word' id='word_1_127' title='bbox 1735 2405 2053 2488; x_wconf 86' lang='lat' dir='ltr'><strong>repaistre</strong></span> <span class='ocrx_word' id='word_1_128' title='bbox 2087 2413 2156 2469; x_wconf 91' lang='lat' dir='ltr'><strong>et</strong></span> <span class='ocrx_word' id='word_1_129' title='bbox 2172 2404 2549 2470; x_wconf 89' lang='lat' dir='ltr'><strong>substenter</strong></span> 
     </span>
     <span class='ocr_line' id='line_1_24' title="bbox 595 2489 2546 2572; baseline -0.004 -12"><span class='ocrx_word' id='word_1_130' title='bbox 595 2513 684 2560; x_wconf 83' lang='lat' dir='ltr'><strong>cn</strong></span> <span class='ocrx_word' id='word_1_131' title='bbox 735 2499 909 2558; x_wconf 89' lang='grc'><strong>66616</strong></span> <span class='ocrx_word' id='word_1_132' title='bbox 965 2492 1074 2558; x_wconf 79' lang='lat' dir='ltr'><strong>vie</strong></span> <span class='ocrx_word' id='word_1_133' title='bbox 1132 2489 1455 2556; x_wconf 89' lang='lat' dir='ltr'><strong>mortelle:</strong></span> <span class='ocrx_word' id='word_1_134' title='bbox 1515 2495 1634 2571; x_wconf 83' lang='lat' dir='ltr'><strong>[fol.</strong></span> <span class='ocrx_word' id='word_1_135' title='bbox 1672 2494 1780 2569; x_wconf 81' lang='lat'><strong>63]</strong></span> <span class='ocrx_word' id='word_1_136' title='bbox 1844 2489 2022 2556; x_wconf 87' lang='lat' dir='ltr'><strong>aussi</strong></span> <span class='ocrx_word' id='word_1_137' title='bbox 2085 2511 2127 2556; x_wconf 89' lang='lat' dir='ltr'><strong>a</strong></span> <span class='ocrx_word' id='word_1_138' title='bbox 2181 2511 2302 2555; x_wconf 89' lang='lat' dir='ltr'><strong>son</strong></span> <span class='ocrx_word' id='word_1_139' title='bbox 2353 2510 2546 2572; x_wconf 87' lang='lat' dir='ltr'><strong>corps</strong></span> 
     </span>
     <span class='ocr_line' id='line_1_25' title="bbox 597 2574 2547 2644; baseline -0.002 -1"><span class='ocrx_word' id='word_1_140' title='bbox 597 2597 836 2644; x_wconf 86' lang='lat' dir='ltr'><strong>envers</strong></span> <span class='ocrx_word' id='word_1_141' title='bbox 891 2598 1015 2642; x_wconf 68' lang='grc'><strong>666</strong></span> <span class='ocrx_word' id='word_1_142' title='bbox 1071 2598 1284 2643; x_wconf 87' lang='lat' dir='ltr'><strong>ames:</strong></span> <span class='ocrx_word' id='word_1_143' title='bbox 1343 2581 1503 2642; x_wconf 87' lang='lat' dir='ltr'><strong>c’est</strong></span> <span class='ocrx_word' id='word_1_144' title='bbox 1557 2574 1638 2640; x_wconf 88' lang='lat' dir='ltr'><strong>de</strong></span> <span class='ocrx_word' id='word_1_145' title='bbox 1691 2574 1787 2641; x_wconf 89' lang='grc'><strong>166</strong></span> <span class='ocrx_word' id='word_1_146' title='bbox 1840 2576 2105 2641; x_wconf 86' lang='grc'><strong>6661111</strong></span> <span class='ocrx_word' id='word_1_147' title='bbox 2157 2584 2227 2642; x_wconf 89' lang='grc'><strong>61</strong></span> <span class='ocrx_word' id='word_1_148' title='bbox 2286 2576 2547 2641; x_wconf 83' lang='lat' dir='ltr'><strong>vivifier</strong></span> 
     </span>
     <span class='ocr_line' id='line_1_26' title="bbox 597 2660 2543 2747; baseline -0.003 -17"><span class='ocrx_word' id='word_1_149' title='bbox 597 2662 1165 2747; x_wconf 85' lang='lat' dir='ltr'><strong>spirituellement.</strong></span> <span class='ocrx_word' id='word_1_150' title='bbox 1264 2661 1761 2740; x_wconf 86' lang='lat' dir='ltr'><strong>Pareillement,</strong></span> <span class='ocrx_word' id='word_1_151' title='bbox 1817 2681 1944 2743; x_wconf 87' lang='lat' dir='ltr'><strong>que</strong></span> <span class='ocrx_word' id='word_1_152' title='bbox 1997 2682 2248 2726; x_wconf 91' lang='lat' dir='ltr'><strong>comme</strong></span> <span class='ocrx_word' id='word_1_153' title='bbox 2308 2661 2372 2726; x_wconf 87' lang='grc'><strong>16</strong></span> <span class='ocrx_word' id='word_1_154' title='bbox 2426 2660 2543 2727; x_wconf 85' lang='lat' dir='ltr'><strong>vin</strong></span> 
     </span>
     <span class='ocr_line' id='line_1_27' title="bbox 597 2746 2544 2827; baseline -0.001 -14"><span class='ocrx_word' id='word_1_155' title='bbox 597 2749 869 2827; x_wconf 78' lang='lat' dir='ltr'><strong>fortifie,</strong></span> <span class='ocrx_word' id='word_1_156' title='bbox 938 2748 1334 2813; x_wconf 85' lang='lat' dir='ltr'><strong>refectionne</strong></span> <span class='ocrx_word' id='word_1_157' title='bbox 1399 2756 1467 2812; x_wconf 89' lang='lat' dir='ltr'><strong>et</strong></span> <span class='ocrx_word' id='word_1_158' title='bbox 1531 2748 1801 2812; x_wconf 88' lang='lat' dir='ltr'><strong>resiouit</strong></span> <span class='ocrx_word' id='word_1_159' title='bbox 1871 2746 2181 2813; x_wconf 86' lang='lat' dir='ltr'><strong>l’homme</strong></span> <span class='ocrx_word' id='word_1_160' title='bbox 2246 2746 2427 2813; x_wconf 90' lang='lat' dir='ltr'><strong>selon</strong></span> <span class='ocrx_word' id='word_1_161' title='bbox 2479 2746 2544 2812; x_wconf 92' lang='grc'><strong>16</strong></span> 
     </span>
     <span class='ocr_line' id='line_1_28' title="bbox 599 2833 2544 2919; baseline 0 -20"><span class='ocrx_word' id='word_1_162' title='bbox 599 2852 826 2917; x_wconf 86' lang='lat' dir='ltr'><strong>corps:</strong></span> <span class='ocrx_word' id='word_1_163' title='bbox 882 2833 1064 2899; x_wconf 90' lang='lat' dir='ltr'><strong>aussi</strong></span> <span class='ocrx_word' id='word_1_164' title='bbox 1115 2854 1241 2916; x_wconf 93' lang='grc'><strong>(166</strong></span> <span class='ocrx_word' id='word_1_165' title='bbox 1295 2853 1412 2898; x_wconf 90' lang='lat' dir='ltr'><strong>son</strong></span> <span class='ocrx_word' id='word_1_166' title='bbox 1456 2853 1624 2916; x_wconf 83' lang='lat' dir='ltr'><strong>sang</strong></span> <span class='ocrx_word' id='word_1_167' title='bbox 1665 2840 1769 2897; x_wconf 93' lang='lat' dir='ltr'><strong>est</strong></span> <span class='ocrx_word' id='word_1_168' title='bbox 1820 2838 2043 2898; x_wconf 87' lang='lat' dir='ltr'><strong>nostre</strong></span> <span class='ocrx_word' id='word_1_169' title='bbox 2086 2833 2235 2919; x_wconf 77' lang='lat' dir='ltr'><strong>ioye</strong></span> <span class='ocrx_word' id='word_1_170' title='bbox 2248 2883 2265 2912; x_wconf 88' lang='lat'><strong>,</strong></span> <span class='ocrx_word' id='word_1_171' title='bbox 2317 2840 2544 2899; x_wconf 89' lang='lat' dir='ltr'><strong>nostre</strong></span> 
     </span>
     <span class='ocr_line' id='line_1_29' title="bbox 600 2918 1701 3001; baseline -0.001 -16"><span class='ocrx_word' id='word_1_172' title='bbox 600 2919 930 2998; x_wconf 86' lang='lat' dir='ltr'><strong>refection,</strong></span> <span class='ocrx_word' id='word_1_173' title='bbox 976 2926 1044 2984; x_wconf 90' lang='lat' dir='ltr'><strong>et</strong></span> <span class='ocrx_word' id='word_1_174' title='bbox 1083 2927 1280 2984; x_wconf 78' lang='lat' dir='ltr'><strong>vertu</strong></span> <span class='ocrx_word' id='word_1_175' title='bbox 1322 2918 1701 3001; x_wconf 88' lang='lat' dir='ltr'><strong>spirituelle.</strong></span> 
     </span>
    </p>

    <p class='ocr_par' dir='ltr' id='par_1_14' title="bbox 1399 3039 1758 3075">
     <span class='ocr_line' id='line_1_30' title="bbox 1399 3039 1758 3075; baseline 0 0"><span class='ocrx_word' id='word_1_176' title='bbox 1399 3039 1466 3075; x_wconf 69' lang='lat' dir='ltr'>u</span> <span class='ocrx_word' id='word_1_177' title='bbox 1500 3040 1758 3075; x_wconf 69' lang='lat' dir='ltr'><strong>mm</strong></span> 
     </span>
    </p>

    <p class='ocr_par' dir='ltr' id='par_1_15' title="bbox 599 3088 2547 3259">
     <span class='ocr_line' id='line_1_31' title="bbox 770 3088 2547 3175; baseline 0 -20"><span class='ocrx_word' id='word_1_178' title='bbox 770 3089 1140 3156; x_wconf 85' lang='lat' dir='ltr'><strong>Entens-tu</strong></span> <span class='ocrx_word' id='word_1_179' title='bbox 1173 3088 1328 3172; x_wconf 85' lang='lat' dir='ltr'><strong>qu&#39;il</strong></span> <span class='ocrx_word' id='word_1_180' title='bbox 1365 3110 1533 3156; x_wconf 89' lang='lat' dir='ltr'><strong>nous</strong></span> <span class='ocrx_word' id='word_1_181' title='bbox 1567 3090 1744 3155; x_wconf 86' lang='lat' dir='ltr'><strong>faille</strong></span> <span class='ocrx_word' id='word_1_182' title='bbox 1783 3089 2273 3174; x_wconf 88' lang='lat' dir='ltr'><strong>communiquer</strong></span> <span class='ocrx_word' id='word_1_183' title='bbox 2306 3109 2547 3175; x_wconf 52' lang='grc'><strong>11666-</strong></span> 
     </span>
     <span class='ocr_line' id='line_1_32' title="bbox 599 3174 2135 3259; baseline -0.001 -18"><span class='ocrx_word' id='word_1_184' title='bbox 599 3183 784 3241; x_wconf 87' lang='grc'><strong>16661</strong></span> <span class='ocrx_word' id='word_1_185' title='bbox 824 3196 909 3240; x_wconf 91' lang='grc'><strong>66</strong></span> <span class='ocrx_word' id='word_1_186' title='bbox 952 3196 1144 3259; x_wconf 90' lang='grc'><strong>66166</strong></span> <span class='ocrx_word' id='word_1_187' title='bbox 1188 3182 1256 3239; x_wconf 89' lang='grc'><strong>61</strong></span> <span class='ocrx_word' id='word_1_188' title='bbox 1298 3195 1384 3239; x_wconf 90' lang='grc'><strong>66</strong></span> <span class='ocrx_word' id='word_1_189' title='bbox 1427 3197 1594 3259; x_wconf 82' lang='lat' dir='ltr'><strong>sang</strong></span> <span class='ocrx_word' id='word_1_190' title='bbox 1636 3175 1727 3240; x_wconf 84' lang='lat' dir='ltr'><strong>du</strong></span> <span class='ocrx_word' id='word_1_191' title='bbox 1770 3174 2135 3259; x_wconf 78' lang='lat' dir='ltr'><strong>seigneur?</strong></span> 
     </span>
    </p>

    <p class='ocr_par' dir='ltr' id='par_1_16' title="bbox 1439 3276 1706 3331">
     <span class='ocr_line' id='line_1_33' title="bbox 1439 3276 1706 3331; baseline 0.004 -1"><span class='ocrx_word' id='word_1_192' title='bbox 1439 3276 1706 3331; x_wconf 67' lang='lat' dir='ltr'><strong>n’nurm.</strong></span> 
     </span>
    </p>

    <p class='ocr_par' dir='ltr' id='par_1_17' title="bbox 597 3345 2545 3860">
     <span class='ocr_line' id='line_1_34' title="bbox 767 3345 2545 3431; baseline 0 -18"><span class='ocrx_word' id='word_1_193' title='bbox 767 3347 845 3414; x_wconf 91' lang='lat' dir='ltr'><strong>Ie</strong></span> <span class='ocrx_word' id='word_1_194' title='bbox 887 3348 1167 3413; x_wconf 89' lang='lat' dir='ltr'><strong>l&#39;entens</strong></span> <span class='ocrx_word' id='word_1_195' title='bbox 1201 3345 1389 3411; x_wconf 84' lang='lat' dir='ltr'><strong>ainsi.</strong></span> <span class='ocrx_word' id='word_1_196' title='bbox 1480 3345 1615 3412; x_wconf 84' lang='lat' dir='ltr'><strong>Car</strong></span> <span class='ocrx_word' id='word_1_197' title='bbox 1656 3348 1806 3430; x_wconf 93' lang='lat' dir='ltr'><strong>puis</strong></span> <span class='ocrx_word' id='word_1_198' title='bbox 1849 3369 1973 3431; x_wconf 89' lang='lat' dir='ltr'><strong>que</strong></span> <span class='ocrx_word' id='word_1_199' title='bbox 2016 3355 2196 3413; x_wconf 88' lang='grc'><strong>16616</strong></span> <span class='ocrx_word' id='word_1_200' title='bbox 2238 3347 2305 3411; x_wconf 89' lang='grc'><strong>16</strong></span> <span class='ocrx_word' id='word_1_201' title='bbox 2336 3349 2545 3413; x_wconf 91' lang='lat' dir='ltr'><strong>fiance</strong></span> 
     </span>
     <span class='ocr_line' id='line_1_35' title="bbox 599 3432 2545 3517; baseline -0.002 -16"><span class='ocrx_word' id='word_1_202' title='bbox 599 3432 683 3502; x_wconf 87' lang='lat' dir='ltr'><strong>de</strong></span> <span class='ocrx_word' id='word_1_203' title='bbox 729 3440 954 3500; x_wconf 82' lang='lat' dir='ltr'><strong>nostre</strong></span> <span class='ocrx_word' id='word_1_204' title='bbox 1008 3432 1184 3499; x_wconf 88' lang='lat' dir='ltr'><strong>salut</strong></span> <span class='ocrx_word' id='word_1_205' title='bbox 1226 3432 1360 3516; x_wconf 82' lang='lat' dir='ltr'><strong>gist</strong></span> <span class='ocrx_word' id='word_1_206' title='bbox 1399 3451 1482 3496; x_wconf 92' lang='grc'><strong>66</strong></span> <span class='ocrx_word' id='word_1_207' title='bbox 1537 3432 1959 3500; x_wconf 82' lang='lat' dir='ltr'><strong>l’obeissance</strong></span> <span class='ocrx_word' id='word_1_208' title='bbox 2001 3433 2164 3517; x_wconf 90' lang='lat' dir='ltr'><strong>qu&#39;il</strong></span> <span class='ocrx_word' id='word_1_209' title='bbox 2214 3454 2254 3498; x_wconf 90' lang='lat' dir='ltr'><strong>a</strong></span> <span class='ocrx_word' id='word_1_210' title='bbox 2293 3433 2545 3500; x_wconf 91' lang='lat' dir='ltr'><strong>rendue</strong></span> 
     </span>
     <span class='ocr_line' id='line_1_36' title="bbox 597 3519 2542 3603; baseline 0 -18"><span class='ocrx_word' id='word_1_211' title='bbox 597 3526 645 3585; x_wconf 76' lang='grc'><strong>6</strong></span> <span class='ocrx_word' id='word_1_212' title='bbox 680 3520 858 3585; x_wconf 82' lang='grc' dir='ltr'><strong>Β166</strong></span> <span class='ocrx_word' id='word_1_213' title='bbox 902 3539 1025 3586; x_wconf 87' lang='grc'><strong>666</strong></span> <span class='ocrx_word' id='word_1_214' title='bbox 1114 3539 1247 3584; x_wconf 88' lang='lat' dir='ltr'><strong>ere:</strong></span> <span class='ocrx_word' id='word_1_215' title='bbox 1305 3525 1535 3583; x_wconf 79' lang='lat' dir='ltr'><strong>entant</strong></span> <span class='ocrx_word' id='word_1_216' title='bbox 1587 3519 1824 3601; x_wconf 89' lang='lat' dir='ltr'><strong>qu’elle</strong></span> <span class='ocrx_word' id='word_1_217' title='bbox 1874 3541 2040 3585; x_wconf 89' lang='lat' dir='ltr'><strong>nous</strong></span> <span class='ocrx_word' id='word_1_218' title='bbox 2085 3527 2186 3586; x_wconf 89' lang='lat' dir='ltr'><strong>est</strong></span> <span class='ocrx_word' id='word_1_219' title='bbox 2234 3520 2542 3603; x_wconf 85' lang='lat' dir='ltr'><strong>imputee,</strong></span> 
     </span>
     <span class='ocr_line' id='line_1_37' title="bbox 597 3603 2545 3689; baseline 0.001 -18"><span class='ocrx_word' id='word_1_220' title='bbox 597 3626 851 3671; x_wconf 80' lang='lat' dir='ltr'><strong>comme</strong></span> <span class='ocrx_word' id='word_1_221' title='bbox 896 3605 955 3671; x_wconf 90' lang='lat' dir='ltr'><strong>si</strong></span> <span class='ocrx_word' id='word_1_222' title='bbox 1006 3626 1041 3669; x_wconf 91' lang='grc'><strong>6</strong></span> <span class='ocrx_word' id='word_1_223' title='bbox 1094 3623 1133 3669; x_wconf 89' lang='grc'><strong>6</strong></span> <span class='ocrx_word' id='word_1_224' title='bbox 1187 3603 1384 3669; x_wconf 82' lang='lat' dir='ltr'><strong>estoit</strong></span> <span class='ocrx_word' id='word_1_225' title='bbox 1435 3610 1691 3683; x_wconf 86' lang='lat' dir='ltr'><strong>nostre,</strong></span> <span class='ocrx_word' id='word_1_226' title='bbox 1757 3606 1809 3670; x_wconf 92' lang='lat' dir='ltr'><strong>il</strong></span> <span class='ocrx_word' id='word_1_227' title='bbox 1858 3604 2027 3671; x_wconf 88' lang='lat' dir='ltr'><strong>fault</strong></span> <span class='ocrx_word' id='word_1_228' title='bbox 2077 3625 2206 3689; x_wconf 90' lang='lat' dir='ltr'><strong>que</strong></span> <span class='ocrx_word' id='word_1_229' title='bbox 2259 3627 2426 3672; x_wconf 90' lang='lat' dir='ltr'><strong>nous</strong></span> <span class='ocrx_word' id='word_1_230' title='bbox 2481 3604 2545 3672; x_wconf 91' lang='grc'><strong>16</strong></span> 
     </span>
     <span class='ocr_line' id='line_1_38' title="bbox 598 3687 2542 3775; baseline 0.003 -20"><span class='ocrx_word' id='word_1_231' title='bbox 598 3690 995 3774; x_wconf 88' lang='lat' dir='ltr'><strong>possedions.</strong></span> <span class='ocrx_word' id='word_1_232' title='bbox 1073 3691 1225 3755; x_wconf 84' lang='lat' dir='ltr'><strong>Veu</strong></span> <span class='ocrx_word' id='word_1_233' title='bbox 1260 3710 1384 3772; x_wconf 92' lang='lat' dir='ltr'><strong>que</strong></span> <span class='ocrx_word' id='word_1_234' title='bbox 1429 3710 1534 3756; x_wconf 85' lang='lat' dir='ltr'><strong>ses</strong></span> <span class='ocrx_word' id='word_1_235' title='bbox 1578 3687 1762 3758; x_wconf 90' lang='lat' dir='ltr'><strong>biens</strong></span> <span class='ocrx_word' id='word_1_236' title='bbox 1796 3713 1881 3757; x_wconf 90' lang='lat' dir='ltr'><strong>ne</strong></span> <span class='ocrx_word' id='word_1_237' title='bbox 1923 3697 2074 3758; x_wconf 90' lang='lat' dir='ltr'><strong>sont</strong></span> <span class='ocrx_word' id='word_1_238' title='bbox 2111 3711 2231 3775; x_wconf 88' lang='lat' dir='ltr'><strong>pas</strong></span> <span class='ocrx_word' id='word_1_239' title='bbox 2266 3699 2542 3771; x_wconf 86' lang='grc'><strong>6661166,</strong></span> 
     </span>
     <span class='ocr_line' id='line_1_39' title="bbox 601 3775 2282 3860; baseline 0.001 -19"><span class='ocrx_word' id='word_1_240' title='bbox 601 3776 792 3841; x_wconf 89' lang='grc'><strong>61666</strong></span> <span class='ocrx_word' id='word_1_241' title='bbox 835 3797 960 3859; x_wconf 81' lang='grc'><strong>(166</strong></span> <span class='ocrx_word' id='word_1_242' title='bbox 1001 3775 1509 3860; x_wconf 86' lang='grc'><strong>61616161616661</strong></span> <span class='ocrx_word' id='word_1_243' title='bbox 1551 3775 1600 3839; x_wconf 92' lang='grc'><strong>11</strong></span> <span class='ocrx_word' id='word_1_244' title='bbox 1643 3796 1714 3841; x_wconf 91' lang='grc'><strong>66</strong></span> <span class='ocrx_word' id='word_1_245' title='bbox 1757 3776 1970 3843; x_wconf 90' lang='grc'><strong>(16666</strong></span> <span class='ocrx_word' id='word_1_246' title='bbox 2014 3785 2057 3843; x_wconf 74' lang='lat' dir='ltr'><strong>a</strong></span> <span class='ocrx_word' id='word_1_247' title='bbox 2097 3799 2282 3843; x_wconf 87' lang='lat' dir='ltr'><strong>nous.</strong></span> 
     </span>
    </p>
   </div>
   <div class='ocr_carea' id='block_1_7' title="bbox 773 3896 2568 4032">
    <p class='ocr_par' dir='ltr' id='par_1_18' title="bbox 773 3896 2568 4032">
     <span class='ocr_line' id='line_1_40' title="bbox 1402 3896 1758 3932; baseline 0.003 -2"><span class='ocrx_word' id='word_1_248' title='bbox 1402 3896 1469 3930; x_wconf 70' lang='lat' dir='ltr'><strong>m</strong></span> <span class='ocrx_word' id='word_1_249' title='bbox 1502 3897 1758 3932; x_wconf 73' lang='lat' dir='ltr'><strong>mm.</strong></span> 
     </span>
     <span class='ocr_line' id='line_1_41' title="bbox 773 3944 2568 4032; baseline 0.001 -20"><span class='ocrx_word' id='word_1_250' title='bbox 773 3946 950 4012; x_wconf 84' lang='lat' dir='ltr'><strong>Mais</strong></span> <span class='ocrx_word' id='word_1_251' title='bbox 1004 3968 1091 4011; x_wconf 84' lang='lat' dir='ltr'><strong>ne</strong></span> <span class='ocrx_word' id='word_1_252' title='bbox 1142 3944 1399 4012; x_wconf 84' lang='lat' dir='ltr'><strong>s’est-il</strong></span> <span class='ocrx_word' id='word_1_253' title='bbox 1448 3967 1568 4029; x_wconf 88' lang='lat' dir='ltr'><strong>pas</strong></span> <span class='ocrx_word' id='word_1_254' title='bbox 1620 3947 1835 4015; x_wconf 82' lang='lat' dir='ltr'><strong>donne</strong></span> <span class='ocrx_word' id='word_1_255' title='bbox 1879 3956 1921 4014; x_wconf 79' lang='lat' dir='ltr'><strong>a</strong></span> <span class='ocrx_word' id='word_1_256' title='bbox 1971 3969 2167 4027; x_wconf 89' lang='grc'><strong>66116,</strong></span> <span class='ocrx_word' id='word_1_257' title='bbox 2222 3949 2444 4032; x_wconf 88' lang='lat' dir='ltr'><strong>quand</strong></span> <span class='ocrx_word' id='word_1_258' title='bbox 2495 3950 2568 4014; x_wconf 89' lang='lat' dir='ltr'><strong>il·</strong></span> 
     </span>
    </p>
   </div>
   <div class='ocr_carea' id='block_1_8' title="bbox 599 4032 2545 4198">
    <p class='ocr_par' dir='ltr' id='par_1_19' title="bbox 599 4032 2545 4198">
     <span class='ocr_line' id='line_1_42' title="bbox 599 4032 2545 4116; baseline 0.001 -17"><span class='ocrx_word' id='word_1_259' title='bbox 599 4035 758 4099; x_wconf 87' lang='lat' dir='ltr'><strong>s&#39;est</strong></span> <span class='ocrx_word' id='word_1_260' title='bbox 798 4040 1040 4116; x_wconf 81' lang='lat' dir='ltr'><strong>expose</strong></span> <span class='ocrx_word' id='word_1_261' title='bbox 1083 4039 1126 4097; x_wconf 79' lang='grc'><strong>6</strong></span> <span class='ocrx_word' id='word_1_262' title='bbox 1166 4032 1234 4097; x_wconf 86' lang='grc'><strong>16</strong></span> <span class='ocrx_word' id='word_1_263' title='bbox 1270 4039 1446 4096; x_wconf 86' lang='lat' dir='ltr'><strong>mort</strong></span> <span class='ocrx_word' id='word_1_264' title='bbox 1477 4053 1642 4114; x_wconf 90' lang='lat' dir='ltr'><strong>pour</strong></span> <span class='ocrx_word' id='word_1_265' title='bbox 1681 4055 1847 4100; x_wconf 88' lang='lat' dir='ltr'><strong>nous</strong></span> <span class='ocrx_word' id='word_1_266' title='bbox 1879 4033 2262 4101; x_wconf 86' lang='lat' dir='ltr'><strong>reconcilier</strong></span> <span class='ocrx_word' id='word_1_267' title='bbox 2294 4041 2339 4100; x_wconf 79' lang='grc'><strong>6</strong></span> <span class='ocrx_word' id='word_1_268' title='bbox 2369 4036 2545 4101; x_wconf 91' lang='lat' dir='ltr'><strong>Dieu</strong></span> 
     </span>
     <span class='ocr_line' id='line_1_43' title="bbox 599 4117 2193 4198; baseline -0.001 -13"><span class='ocrx_word' id='word_1_269' title='bbox 599 4139 723 4185; x_wconf 89' lang='lat' dir='ltr'><strong>son</strong></span> <span class='ocrx_word' id='word_1_270' title='bbox 765 4119 956 4198; x_wconf 88' lang='lat' dir='ltr'><strong>Pcre,</strong></span> <span class='ocrx_word' id='word_1_271' title='bbox 999 4125 1068 4184; x_wconf 89' lang='lat' dir='ltr'><strong>et</strong></span> <span class='ocrx_word' id='word_1_272' title='bbox 1108 4138 1273 4183; x_wconf 89' lang='grc'><strong>66116</strong></span> <span class='ocrx_word' id='word_1_273' title='bbox 1316 4117 1603 4183; x_wconf 82' lang='lat' dir='ltr'><strong>delivrer</strong></span> <span class='ocrx_word' id='word_1_274' title='bbox 1644 4118 1725 4184; x_wconf 90' lang='lat' dir='ltr'><strong>de</strong></span> <span class='ocrx_word' id='word_1_275' title='bbox 1769 4118 2193 4186; x_wconf 80' lang='lat' dir='ltr'><strong>damnation?</strong></span> 
     </span>
    </p>
   </div>
   <div class='ocr_carea' id='block_1_9' title="bbox 601 4218 2552 4976">
    <p class='ocr_par' dir='ltr' id='par_1_20' title="bbox 1451 4218 1713 4274">
     <span class='ocr_line' id='line_1_44' title="bbox 1451 4218 1713 4274; baseline 0.004 -2"><span class='ocrx_word' id='word_1_276' title='bbox 1451 4218 1713 4274; x_wconf 70' lang='lat' dir='ltr'><strong>n&#39;mm.</strong></span> 
     </span>
    </p>

    <p class='ocr_par' dir='ltr' id='par_1_21' title="bbox 601 4287 2547 4544">
     <span class='ocr_line' id='line_1_45' title="bbox 771 4287 2546 4373; baseline 0.001 -17"><span class='ocrx_word' id='word_1_277' title='bbox 771 4287 851 4356; x_wconf 83' lang='lat' dir='ltr'><strong>Si</strong></span> <span class='ocrx_word' id='word_1_278' title='bbox 890 4296 991 4356; x_wconf 91' lang='grc'><strong>661</strong></span> <span class='ocrx_word' id='word_1_279' title='bbox 1028 4291 1196 4358; x_wconf 85' lang='lat' dir='ltr'><strong>bien.</strong></span> <span class='ocrx_word' id='word_1_280' title='bbox 1284 4288 1462 4355; x_wconf 84' lang='lat' dir='ltr'><strong>Mais</strong></span> <span class='ocrx_word' id='word_1_281' title='bbox 1508 4289 1558 4353; x_wconf 91' lang='lat' dir='ltr'><strong>il</strong></span> <span class='ocrx_word' id='word_1_282' title='bbox 1602 4311 1684 4355; x_wconf 90' lang='grc'><strong>66</strong></span> <span class='ocrx_word' id='word_1_283' title='bbox 1728 4291 1909 4356; x_wconf 87' lang='lat' dir='ltr'><strong>suffit</strong></span> <span class='ocrx_word' id='word_1_284' title='bbox 1960 4310 2077 4373; x_wconf 83' lang='lat' dir='ltr'><strong>pas</strong></span> <span class='ocrx_word' id='word_1_285' title='bbox 2120 4289 2201 4357; x_wconf 93' lang='lat' dir='ltr'><strong>de</strong></span> <span class='ocrx_word' id='word_1_286' title='bbox 2244 4292 2411 4370; x_wconf 91' lang='grc'><strong>6616,</strong></span> <span class='ocrx_word' id='word_1_287' title='bbox 2459 4293 2546 4358; x_wconf 91' lang='lat' dir='ltr'><strong>si-</strong></span> 
     </span>
     <span class='ocr_line' id='line_1_46' title="bbox 601 4375 2547 4459; baseline 0.002 -20"><span class='ocrx_word' id='word_1_288' title='bbox 601 4395 736 4440; x_wconf 89' lang='lat' dir='ltr'><strong>non</strong></span> <span class='ocrx_word' id='word_1_289' title='bbox 779 4396 904 4457; x_wconf 88' lang='grc'><strong>(1116</strong></span> <span class='ocrx_word' id='word_1_290' title='bbox 946 4397 1113 4442; x_wconf 87' lang='grc'><strong>6666</strong></span> <span class='ocrx_word' id='word_1_291' title='bbox 1155 4375 1218 4440; x_wconf 92' lang='grc'><strong>16</strong></span> <span class='ocrx_word' id='word_1_292' title='bbox 1272 4375 1639 4455; x_wconf 86' lang='lat' dir='ltr'><strong>recevions,</strong></span> <span class='ocrx_word' id='word_1_293' title='bbox 1693 4397 1860 4459; x_wconf 89' lang='lat' dir='ltr'><strong>pour</strong></span> <span class='ocrx_word' id='word_1_294' title='bbox 1903 4375 2111 4442; x_wconf 82' lang='grc'><strong>666111</strong></span> <span class='ocrx_word' id='word_1_295' title='bbox 2151 4398 2236 4444; x_wconf 88' lang='grc'><strong>66</strong></span> <span class='ocrx_word' id='word_1_296' title='bbox 2276 4399 2441 4443; x_wconf 90' lang='grc'><strong>6666</strong></span> <span class='ocrx_word' id='word_1_297' title='bbox 2483 4377 2547 4443; x_wconf 92' lang='grc'><strong>16</strong></span> 
     </span>
     <span class='ocr_line' id='line_1_47' title="bbox 602 4458 2151 4544; baseline 0.001 -18"><span class='ocrx_word' id='word_1_298' title='bbox 602 4458 803 4527; x_wconf 78' lang='lat' dir='ltr'><strong>fruict</strong></span> <span class='ocrx_word' id='word_1_299' title='bbox 842 4467 911 4527; x_wconf 88' lang='lat' dir='ltr'><strong>et</strong></span> <span class='ocrx_word' id='word_1_300' title='bbox 951 4460 1259 4529; x_wconf 83' lang='lat' dir='ltr'><strong>l’efficace</strong></span> <span class='ocrx_word' id='word_1_301' title='bbox 1302 4460 1383 4526; x_wconf 90' lang='lat' dir='ltr'><strong>de</strong></span> <span class='ocrx_word' id='word_1_302' title='bbox 1427 4482 1501 4526; x_wconf 87' lang='grc'><strong>66</strong></span> <span class='ocrx_word' id='word_1_303' title='bbox 1541 4472 1718 4528; x_wconf 85' lang='grc'><strong>16611</strong></span> <span class='ocrx_word' id='word_1_304' title='bbox 1759 4470 1826 4528; x_wconf 89' lang='grc'><strong>61</strong></span> <span class='ocrx_word' id='word_1_305' title='bbox 1866 4461 2151 4544; x_wconf 88' lang='grc'><strong>6666166.</strong></span> 
     </span>
    </p>

    <p class='ocr_par' dir='ltr' id='par_1_22' title="bbox 601 4582 2552 4976">
     <span class='ocr_line' id='line_1_48' title="bbox 1393 4582 1752 4618; baseline 0 0"><span class='ocrx_word' id='word_1_306' title='bbox 1393 4582 1464 4618; x_wconf 69' lang='lat' dir='ltr'><strong>u</strong></span> <span class='ocrx_word' id='word_1_307' title='bbox 1491 4583 1752 4618; x_wconf 65' lang='lat' dir='ltr'><strong>mmm</strong></span> 
     </span>
     <span class='ocr_line' id='line_1_49' title="bbox 601 4630 2549 4784; baseline 0.003 -88"><span class='ocrx_word' id='word_1_308' title='bbox 601 4715 663 4784; x_wconf 69' lang='lat' dir='ltr'>F</span> <span class='ocrx_word' id='word_1_309' title='bbox 763 4631 882 4780; x_wconf 63' lang='lat' dir='ltr'><strong>?La</strong></span> <span class='ocrx_word' id='word_1_310' title='bbox 931 4633 1221 4699; x_wconf 87' lang='lat' dir='ltr'><strong>maniere</strong></span> <span class='ocrx_word' id='word_1_311' title='bbox 1275 4630 1358 4698; x_wconf 89' lang='lat' dir='ltr'><strong>de</strong></span> <span class='ocrx_word' id='word_1_312' title='bbox 1410 4633 1472 4699; x_wconf 94' lang='lat' dir='ltr'><strong>le</strong></span> <span class='ocrx_word' id='word_1_313' title='bbox 1524 4633 1841 4712; x_wconf 85' lang='lat' dir='ltr'><strong>recevoir‚</strong></span> <span class='ocrx_word' id='word_1_314' title='bbox 1911 4642 2137 4700; x_wconf 87' lang='lat' dir='ltr'><strong>est-ce</strong></span> <span class='ocrx_word' id='word_1_315' title='bbox 2183 4636 2371 4719; x_wconf 88' lang='lat' dir='ltr'><strong>point</strong></span> <span class='ocrx_word' id='word_1_316' title='bbox 2426 4657 2549 4719; x_wconf 87' lang='lat' dir='ltr'><strong>par</strong></span> 
     </span>
     <span class='ocr_line' id='line_1_50' title="bbox 665 4737 751 4802; baseline 0 0"><span class='ocrx_word' id='word_1_317' title='bbox 665 4737 751 4802; x_wconf 72' lang='lat'><strong>05</strong></span> 
     </span>
     <span class='ocr_line' id='line_1_51' title="bbox 1445 4820 1709 4876; baseline 0.004 -1"><span class='ocrx_word' id='word_1_318' title='bbox 1445 4820 1709 4876; x_wconf 69' lang='lat' dir='ltr'><strong>n’nrm.</strong></span> 
     </span>
     <span class='ocr_line' id='line_1_52' title="bbox 777 4887 2552 4976; baseline 0.003 -22"><span class='ocrx_word' id='word_1_319' title='bbox 777 4887 952 4972; x_wconf 79' lang='lat' dir='ltr'><strong>Ouy.</strong></span> <span class='ocrx_word' id='word_1_320' title='bbox 1036 4888 1190 4955; x_wconf 86' lang='lat' dir='ltr'><strong>Non</strong></span> <span class='ocrx_word' id='word_1_321' title='bbox 1230 4888 1595 4955; x_wconf 78' lang='lat' dir='ltr'><strong>seulement</strong></span> <span class='ocrx_word' id='word_1_322' title='bbox 1627 4911 1713 4956; x_wconf 89' lang='lat' dir='ltr'><strong>en</strong></span> <span class='ocrx_word' id='word_1_323' title='bbox 1747 4898 2025 4976; x_wconf 78' lang='lat' dir='ltr'><strong>croyant</strong></span> <span class='ocrx_word' id='word_1_324' title='bbox 2057 4891 2212 4975; x_wconf 86' lang='lat' dir='ltr'><strong>qu’il</strong></span> <span class='ocrx_word' id='word_1_325' title='bbox 2244 4899 2347 4960; x_wconf 90' lang='grc'><strong>661</strong></span> <span class='ocrx_word' id='word_1_326' title='bbox 2378 4904 2552 4961; x_wconf 84' lang='lat' dir='ltr'><strong>mort</strong></span> 
     </span>
    </p>
   </div>
   <div class='ocr_carea' id='block_1_10' title="bbox 613 5027 1428 5037">
    <p class='ocr_par' dir='ltr' id='par_1_23' title="bbox 613 5027 1428 5037">
     <span class='ocr_line' id='line_1_53' title="bbox 613 5027 1428 5037; baseline 0 0"><span class='ocrx_word' id='word_1_327' title='bbox 613 5027 1428 5037; x_wconf 95' lang='lat' dir='ltr'><strong> </strong></span> 
     </span>
    </p>
   </div>
   <div class='ocr_carea' id='block_1_11' title="bbox 1909 347 3280 422">
    <p class='ocr_par' dir='ltr' id='par_1_24' title="bbox 1909 347 3280 422">
     <span class='ocr_line' id='line_1_54' title="bbox 1909 347 3280 422; baseline -0.001 -4"><span class='ocrx_word' id='word_1_328' title='bbox 1909 351 2032 418; x_wconf 75' lang='lat' dir='ltr'><strong>LE</strong></span> <span class='ocrx_word' id='word_1_329' title='bbox 2067 347 2668 422; x_wconf 67' lang='lat' dir='ltr'>OATEOHISME</span> <span class='ocrx_word' id='word_1_330' title='bbox 2704 350 2833 418; x_wconf 72' lang='lat' dir='ltr'><strong>DE</strong></span> <span class='ocrx_word' id='word_1_331' title='bbox 2877 350 3280 420; x_wconf 63' lang='lat' dir='ltr'><strong>simvl.</strong></span> 
     </span>
    </p>
   </div>
   <div class='ocr_carea' id='block_1_12' title="bbox 2588 547 2611 4976">
    <p class='ocr_par' dir='ltr' id='par_1_25' title="bbox 2588 547 2611 4976">
     <span class='ocr_line' id='line_1_55' title="bbox 2588 547 2611 4976; baseline 0 0"><span class='ocrx_word' id='word_1_332' title='bbox 2588 547 2611 4976; x_wconf 95' lang='lat' dir='ltr'><strong> </strong></span> 
     </span>
    </p>
   </div>
   <div class='ocr_carea' id='block_1_13' title="bbox 2826 356 4593 694">
    <p class='ocr_par' dir='ltr' id='par_1_26' title="bbox 2826 356 4593 694">
     <span class='ocr_line' id='line_1_56' title="bbox 4475 356 4593 420; baseline 0.017 -2"><span class='ocrx_word' id='word_1_333' title='bbox 4475 356 4593 420; x_wconf 75' lang='lat'><strong>124</strong></span> 
     </span>
     <span class='ocr_line' id='line_1_57' title="bbox 2826 557 4588 694; baseline -0.003 -16"><span class='ocrx_word' id='word_1_334' title='bbox 2826 607 2980 690; x_wconf 76' lang='lat' dir='ltr'><strong>Qua</strong></span> <span class='ocrx_word' id='word_1_335' title='bbox 3030 629 3187 694; x_wconf 81' lang='lat' dir='ltr'><strong>ergo</strong></span> <span class='ocrx_word' id='word_1_336' title='bbox 3235 557 4020 692; x_wconf 57' lang='lat' dir='ltr'><strong>condiamptinndi</strong></span> <span class='ocrx_word' id='word_1_337' title='bbox 4062 615 4223 676; x_wconf 85' lang='lat' dir='ltr'><strong>sunt</strong></span> <span class='ocrx_word' id='word_1_338' title='bbox 4261 607 4588 675; x_wconf 75' lang='lat' dir='ltr'><strong>infantes?</strong></span> 
     </span>
    </p>
   </div>
   <div class='ocr_carea' id='block_1_14' title="bbox 2642 814 4599 1465">
    <p class='ocr_par' dir='ltr' id='par_1_27' title="bbox 2653 814 4596 1206">
     <span class='ocr_line' id='line_1_58' title="bbox 2822 814 4596 943; baseline -0.001 -11"><span class='ocrx_word' id='word_1_339' title='bbox 2822 864 2919 932; x_wconf 88' lang='lat' dir='ltr'><strong>Ut</strong></span> <span class='ocrx_word' id='word_1_340' title='bbox 2959 871 3271 931; x_wconf 83' lang='grc'><strong>1661611116</strong></span> <span class='ocrx_word' id='word_1_341' title='bbox 3313 865 3460 943; x_wconf 83' lang='lat' dir='ltr'><strong>fiat,</strong></span> <span class='ocrx_word' id='word_1_342' title='bbox 3509 814 3976 932; x_wconf 51' lang='lat' dir='ltr'><strong>bssffdiotionis</strong></span> <span class='ocrx_word' id='word_1_343' title='bbox 4024 862 4321 932; x_wconf 86' lang='lat' dir='ltr'><strong>fidelium</strong></span> <span class='ocrx_word' id='word_1_344' title='bbox 4362 865 4596 932; x_wconf 89' lang='lat' dir='ltr'><strong>semini</strong></span> 
     </span>
     <span class='ocr_line' id='line_1_59' title="bbox 2653 949 4592 1036; baseline 0.001 -21"><span class='ocrx_word' id='word_1_345' title='bbox 2653 950 3014 1032; x_wconf 75' lang='lat' dir='ltr'><strong>promissae</strong></span> <span class='ocrx_word' id='word_1_346' title='bbox 3066 951 3243 1034; x_wconf 89' lang='grc'><strong>16666</strong></span> <span class='ocrx_word' id='word_1_347' title='bbox 3296 971 3443 1016; x_wconf 88' lang='grc'><strong>6666</strong></span> <span class='ocrx_word' id='word_1_348' title='bbox 3487 949 3830 1017; x_wconf 84' lang='grc'><strong>116616(166;</strong></span> <span class='ocrx_word' id='word_1_349' title='bbox 3877 971 4006 1035; x_wconf 90' lang='lat' dir='ltr'><strong>quo</strong></span> <span class='ocrx_word' id='word_1_350' title='bbox 4022 950 4081 1035; x_wconf 76' lang='grc'><strong>2)</strong></span> <span class='ocrx_word' id='word_1_351' title='bbox 4124 950 4370 1036; x_wconf 83' lang='lat' dir='ltr'><strong>agnita,</strong></span> <span class='ocrx_word' id='word_1_352' title='bbox 4414 960 4592 1035; x_wconf 85' lang='lat' dir='ltr'><strong>post-</strong></span> 
     </span>
     <span class='ocr_line' id='line_1_60' title="bbox 2653 1035 4596 1121; baseline 0.001 -19"><span class='ocrx_word' id='word_1_353' title='bbox 2653 1056 2852 1118; x_wconf 85' lang='lat' dir='ltr'><strong>quam</strong></span> <span class='ocrx_word' id='word_1_354' title='bbox 2895 1035 3317 1116; x_wconf 71' lang='lat' dir='ltr'><strong>adoleverint,</strong></span> <span class='ocrx_word' id='word_1_355' title='bbox 3360 1036 3669 1121; x_wconf 82' lang='lat' dir='ltr'><strong>baptismi</strong></span> <span class='ocrx_word' id='word_1_356' title='bbox 3703 1036 3807 1103; x_wconf 83' lang='lat' dir='ltr'><strong>sui</strong></span> <span class='ocrx_word' id='word_1_357' title='bbox 3839 1038 4140 1118; x_wconf 80' lang='lat' dir='ltr'><strong>veritate,</strong></span> <span class='ocrx_word' id='word_1_358' title='bbox 4182 1037 4473 1105; x_wconf 77' lang='lat' dir='ltr'><strong>fructum</strong></span> <span class='ocrx_word' id='word_1_359' title='bbox 4513 1059 4596 1104; x_wconf 87' lang='lat' dir='ltr'><strong>ex</strong></span> 
     </span>
     <span class='ocr_line' id='line_1_61' title="bbox 2655 1122 3669 1206; baseline 0.001 -20"><span class='ocrx_word' id='word_1_360' title='bbox 2655 1142 2731 1186; x_wconf 90' lang='grc'><strong>66</strong></span> <span class='ocrx_word' id='word_1_361' title='bbox 2774 1122 3153 1206; x_wconf 75' lang='lat' dir='ltr'><strong>percipiant,</strong></span> <span class='ocrx_word' id='word_1_362' title='bbox 3199 1144 3277 1190; x_wconf 89' lang='lat' dir='ltr'><strong>ac</strong></span> <span class='ocrx_word' id='word_1_363' title='bbox 3316 1123 3669 1205; x_wconf 84' lang='lat' dir='ltr'><strong>proferant.</strong></span> 
     </span>
    </p>

    <p class='ocr_par' dir='ltr' id='par_1_28' title="bbox 3494 1241 3754 1281">
     <span class='ocr_line' id='line_1_62' title="bbox 3494 1241 3754 1281; baseline -0.008 0"><span class='ocrx_word' id='word_1_364' title='bbox 3494 1241 3754 1281; x_wconf 69' lang='lat' dir='ltr'><strong>mm</strong></span> 
     </span>
    </p>

    <p class='ocr_par' dir='ltr' id='par_1_29' title="bbox 2827 1293 4599 1379">
     <span class='ocr_line' id='line_1_63' title="bbox 2827 1293 4599 1379; baseline 0.002 -20"><span class='ocrx_word' id='word_1_365' title='bbox 2827 1295 3267 1360; x_wconf 80' lang='lat' dir='ltr'><strong>Transeamus</strong></span> <span class='ocrx_word' id='word_1_366' title='bbox 3308 1294 3391 1360; x_wconf 88' lang='lat' dir='ltr'><strong>ad</strong></span> <span class='ocrx_word' id='word_1_367' title='bbox 3439 1314 3727 1360; x_wconf 90' lang='lat' dir='ltr'><strong>coenam.</strong></span> <span class='ocrx_word' id='word_1_368' title='bbox 3813 1295 3913 1360; x_wconf 86' lang='lat' dir='ltr'><strong>Ac</strong></span> <span class='ocrx_word' id='word_1_369' title='bbox 3954 1295 4168 1378; x_wconf 91' lang='lat' dir='ltr'><strong>primo</strong></span> <span class='ocrx_word' id='word_1_370' title='bbox 4211 1293 4475 1379; x_wconf 83' lang='lat' dir='ltr'><strong>quidem</strong></span> <span class='ocrx_word' id='word_1_371' title='bbox 4515 1318 4599 1363; x_wconf 86' lang='lat' dir='ltr'><strong>ex</strong></span> 
     </span>
    </p>

    <p class='ocr_par' dir='ltr' id='par_1_30' title="bbox 2642 1379 4159 1465">
     <span class='ocr_line' id='line_1_64' title="bbox 2642 1379 4159 1465; baseline 0.002 -22"><span class='ocrx_word' id='word_1_372' title='bbox 2642 1385 2710 1443; x_wconf 90' lang='lat' dir='ltr'><strong>te</strong></span> <span class='ocrx_word' id='word_1_373' title='bbox 2748 1381 2915 1446; x_wconf 90' lang='lat' dir='ltr'><strong>scire</strong></span> <span class='ocrx_word' id='word_1_374' title='bbox 2959 1379 3179 1457; x_wconf 76' lang='lat' dir='ltr'><strong>velim,</strong></span> <span class='ocrx_word' id='word_1_375' title='bbox 3224 1401 3390 1463; x_wconf 89' lang='lat' dir='ltr'><strong>quae</strong></span> <span class='ocrx_word' id='word_1_376' title='bbox 3433 1382 3520 1450; x_wconf 87' lang='lat' dir='ltr'><strong>sit</strong></span> <span class='ocrx_word' id='word_1_377' title='bbox 3562 1381 3704 1446; x_wconf 91' lang='lat' dir='ltr'><strong>eius</strong></span> <span class='ocrx_word' id='word_1_378' title='bbox 3749 1379 4159 1465; x_wconf 80' lang='lat' dir='ltr'><strong>significatio.</strong></span> 
     </span>
    </p>
   </div>
   <div class='ocr_carea' id='block_1_15' title="bbox 2644 1501 4590 2153">
    <p class='ocr_par' dir='ltr' id='par_1_31' title="bbox 3540 1501 3699 1538">
     <span class='ocr_line' id='line_1_65' title="bbox 3540 1501 3699 1538; baseline -0.006 0"><span class='ocrx_word' id='word_1_379' title='bbox 3540 1501 3699 1538; x_wconf 63' lang='lat' dir='ltr'>PUER-</span> 
     </span>
    </p>

    <p class='ocr_par' dir='ltr' id='par_1_32' title="bbox 2644 1551 4590 1877">
     <span class='ocr_line' id='line_1_66' title="bbox 2813 1551 4590 1636; baseline 0.002 -21"><span class='ocrx_word' id='word_1_380' title='bbox 2813 1551 2971 1617; x_wconf 92' lang='lat' dir='ltr'><strong>Ideo</strong></span> <span class='ocrx_word' id='word_1_381' title='bbox 3010 1575 3052 1618; x_wconf 88' lang='lat' dir='ltr'><strong>a</strong></span> <span class='ocrx_word' id='word_1_382' title='bbox 3082 1552 3347 1619; x_wconf 80' lang='lat' dir='ltr'><strong>Christo</strong></span> <span class='ocrx_word' id='word_1_383' title='bbox 3384 1553 3687 1620; x_wconf 87' lang='lat' dir='ltr'><strong>instituta</strong></span> <span class='ocrx_word' id='word_1_384' title='bbox 3727 1558 3845 1632; x_wconf 83' lang='lat' dir='ltr'><strong>est,</strong></span> <span class='ocrx_word' id='word_1_385' title='bbox 3890 1560 3968 1616; x_wconf 85' lang='lat' dir='ltr'><strong>ut</strong></span> <span class='ocrx_word' id='word_1_386' title='bbox 3998 1552 4289 1636; x_wconf 87' lang='lat' dir='ltr'><strong>corporis</strong></span> <span class='ocrx_word' id='word_1_387' title='bbox 4331 1559 4400 1619; x_wconf 91' lang='lat' dir='ltr'><strong>et</strong></span> <span class='ocrx_word' id='word_1_388' title='bbox 4444 1574 4590 1618; x_wconf 88' lang='lat' dir='ltr'><strong>san-</strong></span> 
     </span>
     <span class='ocr_line' id='line_1_67' title="bbox 2644 1637 4580 1723; baseline 0.002 -21"><span class='ocrx_word' id='word_1_389' title='bbox 2644 1637 2863 1723; x_wconf 83' lang='lat' dir='ltr'><strong>guinis</strong></span> <span class='ocrx_word' id='word_1_390' title='bbox 2917 1640 3023 1703; x_wconf 90' lang='grc'><strong>661</strong></span> <span class='ocrx_word' id='word_1_391' title='bbox 3079 1640 3660 1704; x_wconf 74' lang='lat' dir='ltr'><strong>communicatione</strong></span> <span class='ocrx_word' id='word_1_392' title='bbox 3724 1637 3989 1703; x_wconf 91' lang='lat' dir='ltr'><strong>educari</strong></span> <span class='ocrx_word' id='word_1_393' title='bbox 4040 1638 4113 1703; x_wconf 91' lang='lat' dir='ltr'><strong>in</strong></span> <span class='ocrx_word' id='word_1_394' title='bbox 4167 1659 4351 1721; x_wconf 87' lang='lat' dir='ltr'><strong>spem</strong></span> <span class='ocrx_word' id='word_1_395' title='bbox 4405 1638 4580 1705; x_wconf 82' lang='lat' dir='ltr'><strong>vitae</strong></span> 
     </span>
     <span class='ocr_line' id='line_1_68' title="bbox 2645 1722 4575 1807; baseline 0.001 -18"><span class='ocrx_word' id='word_1_396' title='bbox 2645 1732 2952 1790; x_wconf 85' lang='lat' dir='ltr'><strong>aeternae</strong></span> <span class='ocrx_word' id='word_1_397' title='bbox 3007 1725 3260 1790; x_wconf 88' lang='lat' dir='ltr'><strong>animas</strong></span> <span class='ocrx_word' id='word_1_398' title='bbox 3315 1733 3575 1791; x_wconf 86' lang='lat' dir='ltr'><strong>nostras</strong></span> <span class='ocrx_word' id='word_1_399' title='bbox 3626 1744 3746 1790; x_wconf 88' lang='lat' dir='ltr'><strong>nos</strong></span> <span class='ocrx_word' id='word_1_400' title='bbox 3797 1722 4083 1804; x_wconf 88' lang='lat' dir='ltr'><strong>doceret,</strong></span> <span class='ocrx_word' id='word_1_401' title='bbox 4141 1723 4338 1807; x_wconf 88' lang='lat' dir='ltr'><strong>idque</strong></span> <span class='ocrx_word' id='word_1_402' title='bbox 4391 1725 4575 1791; x_wconf 88' lang='lat' dir='ltr'><strong>nobis</strong></span> 
     </span>
     <span class='ocr_line' id='line_1_69' title="bbox 2646 1810 4297 1877; baseline 0 -2"><span class='ocrx_word' id='word_1_403' title='bbox 2646 1821 2898 1876; x_wconf 89' lang='lat' dir='ltr'><strong>certum</strong></span> <span class='ocrx_word' id='word_1_404' title='bbox 2938 1810 3257 1877; x_wconf 88' lang='lat' dir='ltr'><strong>redderet.</strong></span> <span class='ocrx_word' id='word_1_405' title='bbox 4290 1830 4297 1836; x_wconf 85' lang='lat'><strong>·</strong></span> 
     </span>
    </p>

    <p class='ocr_par' dir='ltr' id='par_1_33' title="bbox 2648 1930 4587 2153">
     <span class='ocr_line' id='line_1_70' title="bbox 3493 1930 3752 1970; baseline -0.008 -2"><span class='ocrx_word' id='word_1_406' title='bbox 3493 1930 3752 1970; x_wconf 67' lang='lat' dir='ltr'><strong>mm</strong></span> 
     </span>
     <span class='ocr_line' id='line_1_71' title="bbox 2648 1976 4587 2132; baseline 0.001 -85"><span class='ocrx_word' id='word_1_407' title='bbox 2648 2069 2694 2132; x_wconf 78' lang='lat' dir='ltr'><strong>fi</strong></span> <span class='ocrx_word' id='word_1_408' title='bbox 2821 1980 2960 2047; x_wconf 81' lang='lat' dir='ltr'><strong>Gur</strong></span> <span class='ocrx_word' id='word_1_409' title='bbox 2979 1990 3223 2132; x_wconf 46' lang='lat' dir='ltr'><strong>⁴Pautem</strong></span> <span class='ocrx_word' id='word_1_410' title='bbox 3264 2004 3437 2067; x_wconf 89' lang='lat' dir='ltr'><strong>pane</strong></span> <span class='ocrx_word' id='word_1_411' title='bbox 3490 2003 3753 2066; x_wconf 88' lang='grc'><strong>6616116,</strong></span> <span class='ocrx_word' id='word_1_412' title='bbox 3796 1980 3950 2048; x_wconf 79' lang='lat' dir='ltr'><strong>vino</strong></span> <span class='ocrx_word' id='word_1_413' title='bbox 4002 1982 4274 2066; x_wconf 80' lang='lat' dir='ltr'><strong>sanguis</strong></span> <span class='ocrx_word' id='word_1_414' title='bbox 4316 1976 4587 2048; x_wconf 89' lang='lat' dir='ltr'><strong>Domini</strong></span> 
     </span>
     <span class='ocr_line' id='line_1_72' title="bbox 2696 2077 2972 2153; baseline 0.007 -22"><span class='ocrx_word' id='word_1_415' title='bbox 2696 2077 2972 2153; x_wconf 86' lang='lat' dir='ltr'><strong>guratur</strong></span> 
     </span>
    </p>
   </div>
   <div class='ocr_carea' id='block_1_16' title="bbox 2647 2190 4591 2841">
    <p class='ocr_par' dir='ltr' id='par_1_34' title="bbox 3544 2190 3695 2226">
     <span class='ocr_line' id='line_1_73' title="bbox 3544 2190 3695 2226; baseline -0.007 0"><span class='ocrx_word' id='word_1_416' title='bbox 3544 2190 3695 2226; x_wconf 64' lang='lat' dir='ltr'><strong>PUB-</strong></span> 
     </span>
    </p>

    <p class='ocr_par' dir='ltr' id='par_1_35' title="bbox 2647 2237 4591 2841">
     <span class='ocr_line' id='line_1_74' title="bbox 2822 2237 4588 2324; baseline 0.001 -20"><span class='ocrx_word' id='word_1_417' title='bbox 2822 2241 3075 2323; x_wconf 87' lang='lat' dir='ltr'><strong>Nempe</strong></span> <span class='ocrx_word' id='word_1_418' title='bbox 3129 2241 3283 2306; x_wconf 88' lang='lat' dir='ltr'><strong>hinc</strong></span> <span class='ocrx_word' id='word_1_419' title='bbox 3337 2241 3671 2319; x_wconf 90' lang='lat' dir='ltr'><strong>docemur,</strong></span> <span class='ocrx_word' id='word_1_420' title='bbox 3725 2260 3919 2324; x_wconf 89' lang='lat' dir='ltr'><strong>qnam</strong></span> <span class='ocrx_word' id='word_1_421' title='bbox 3972 2241 4109 2306; x_wconf 86' lang='lat' dir='ltr'><strong>vim</strong></span> <span class='ocrx_word' id='word_1_422' title='bbox 4161 2237 4362 2304; x_wconf 87' lang='lat' dir='ltr'><strong>habet</strong></span> <span class='ocrx_word' id='word_1_423' title='bbox 4401 2238 4588 2322; x_wconf 84' lang='lat' dir='ltr'><strong>panis</strong></span> 
     </span>
     <span class='ocr_line' id='line_1_75' title="bbox 2649 2324 4591 2409; baseline -0.001 -18"><span class='ocrx_word' id='word_1_424' title='bbox 2649 2328 2720 2391; x_wconf 91' lang='lat' dir='ltr'><strong>in</strong></span> <span class='ocrx_word' id='word_1_425' title='bbox 2752 2327 3118 2392; x_wconf 87' lang='lat' dir='ltr'><strong>nutriendis</strong></span> <span class='ocrx_word' id='word_1_426' title='bbox 3154 2327 3550 2409; x_wconf 87' lang='lat' dir='ltr'><strong>corporibus,</strong></span> <span class='ocrx_word' id='word_1_427' title='bbox 3588 2324 3671 2391; x_wconf 88' lang='lat' dir='ltr'><strong>ad</strong></span> <span class='ocrx_word' id='word_1_428' title='bbox 3705 2325 4155 2391; x_wconf 83' lang='lat' dir='ltr'><strong>sustinendam</strong></span> <span class='ocrx_word' id='word_1_429' title='bbox 4176 2333 4591 2408; x_wconf 85' lang='lat' dir='ltr'><strong>praesentem</strong></span> 
     </span>
     <span class='ocr_line' id='line_1_76' title="bbox 2650 2408 4591 2496; baseline -0.003 -17"><span class='ocrx_word' id='word_1_430' title='bbox 2650 2413 2887 2489; x_wconf 77' lang='lat' dir='ltr'><strong>vitam,</strong></span> <span class='ocrx_word' id='word_1_431' title='bbox 2941 2412 3215 2478; x_wconf 88' lang='lat' dir='ltr'><strong>eandem</strong></span> <span class='ocrx_word' id='word_1_432' title='bbox 3272 2413 3527 2496; x_wconf 87' lang='grc'><strong>6616611</strong></span> <span class='ocrx_word' id='word_1_433' title='bbox 3576 2412 3847 2477; x_wconf 89' lang='lat' dir='ltr'><strong>Domini</strong></span> <span class='ocrx_word' id='word_1_434' title='bbox 3895 2413 4136 2488; x_wconf 86' lang='lat' dir='ltr'><strong>inesse,</strong></span> <span class='ocrx_word' id='word_1_435' title='bbox 4186 2409 4270 2476; x_wconf 88' lang='lat' dir='ltr'><strong>ad</strong></span> <span class='ocrx_word' id='word_1_436' title='bbox 4323 2408 4591 2475; x_wconf 79' lang='lat' dir='ltr'><strong>alendas</strong></span> 
     </span>
     <span class='ocr_line' id='line_1_77' title="bbox 2649 2496 4591 2581; baseline -0.002 -16"><span class='ocrx_word' id='word_1_437' title='bbox 2649 2499 3082 2581; x_wconf 85' lang='lat' dir='ltr'><strong>spiritualiter</strong></span> <span class='ocrx_word' id='word_1_438' title='bbox 3134 2500 3405 2564; x_wconf 89' lang='lat' dir='ltr'><strong>animas.</strong></span> <span class='ocrx_word' id='word_1_439' title='bbox 3495 2496 3712 2565; x_wconf 82' lang='lat' dir='ltr'><strong>Sicuti</strong></span> <span class='ocrx_word' id='word_1_440' title='bbox 3765 2499 3920 2564; x_wconf 86' lang='lat' dir='ltr'><strong>vino</strong></span> <span class='ocrx_word' id='word_1_441' title='bbox 3972 2496 4434 2563; x_wconf 83' lang='lat' dir='ltr'><strong>exhilarantur</strong></span> <span class='ocrx_word' id='word_1_442' title='bbox 4475 2496 4591 2561; x_wconf 86' lang='lat' dir='ltr'><strong>ho·</strong></span> 
     </span>
     <span class='ocr_line' id='line_1_78' title="bbox 2647 2582 4589 2664; baseline -0.001 -14"><span class='ocrx_word' id='word_1_443' title='bbox 2647 2585 2901 2650; x_wconf 88' lang='lat' dir='ltr'><strong>minum</strong></span> <span class='ocrx_word' id='word_1_444' title='bbox 2935 2582 3169 2664; x_wconf 84' lang='lat' dir='ltr'><strong>corda,·</strong></span> <span class='ocrx_word' id='word_1_445' title='bbox 3195 2586 3580 2651; x_wconf 87' lang='lat' dir='ltr'><strong>reficiuntur</strong></span> <span class='ocrx_word' id='word_1_446' title='bbox 3620 2586 3816 2662; x_wconf 78' lang='lat' dir='ltr'><strong>vires,</strong></span> <span class='ocrx_word' id='word_1_447' title='bbox 3860 2591 4040 2649; x_wconf 88' lang='lat' dir='ltr'><strong>totus</strong></span> <span class='ocrx_word' id='word_1_448' title='bbox 4083 2582 4278 2648; x_wconf 85' lang='lat' dir='ltr'><strong>homo</strong></span> <span class='ocrx_word' id='word_1_449' title='bbox 4322 2582 4589 2648; x_wconf 83' lang='lat' dir='ltr'><strong>robora-</strong></span> 
     </span>
     <span class='ocr_line' id='line_1_79' title="bbox 2648 2668 4589 2754; baseline 0 -18"><span class='ocrx_word' id='word_1_450' title='bbox 2648 2679 2789 2736; x_wconf 86' lang='lat' dir='ltr'><strong>tur:</strong></span> <span class='ocrx_word' id='word_1_451' title='bbox 2860 2671 2954 2735; x_wconf 90' lang='lat' dir='ltr'><strong>ita</strong></span> <span class='ocrx_word' id='word_1_452' title='bbox 3006 2692 3092 2736; x_wconf 82' lang='lat' dir='ltr'><strong>ex</strong></span> <span class='ocrx_word' id='word_1_453' title='bbox 3159 2670 3430 2736; x_wconf 88' lang='lat' dir='ltr'><strong>Domini</strong></span> <span class='ocrx_word' id='word_1_454' title='bbox 3494 2671 3819 2754; x_wconf 81' lang='lat' dir='ltr'><strong>sanguine</strong></span> <span class='ocrx_word' id='word_1_455' title='bbox 3881 2668 4145 2735; x_wconf 87' lang='lat' dir='ltr'><strong>eosdem</strong></span> <span class='ocrx_word' id='word_1_456' title='bbox 4196 2668 4279 2735; x_wconf 89' lang='lat' dir='ltr'><strong>ab</strong></span> <span class='ocrx_word' id='word_1_457' title='bbox 4350 2668 4589 2736; x_wconf 87' lang='lat' dir='ltr'><strong>animis</strong></span> 
     </span>
     <span class='ocr_line' id='line_1_80' title="bbox 2648 2758 3391 2841; baseline -0.001 -18"><span class='ocrx_word' id='word_1_458' title='bbox 2648 2758 2891 2824; x_wconf 89' lang='lat' dir='ltr'><strong>nostris</strong></span> <span class='ocrx_word' id='word_1_459' title='bbox 2924 2777 3084 2823; x_wconf 86' lang='lat' dir='ltr'><strong>usus</strong></span> <span class='ocrx_word' id='word_1_460' title='bbox 3126 2758 3391 2841; x_wconf 87' lang='grc'><strong>6616161.</strong></span> 
     </span>
    </p>
   </div>
   <div class='ocr_carea' id='block_1_17' title="bbox 2822 3031 4595 3169">
    <p class='ocr_par' dir='ltr' id='par_1_36' title="bbox 2822 3031 4595 3169">
     <span class='ocr_line' id='line_1_81' title="bbox 2822 3031 4595 3169; baseline -0.002 -20"><span class='ocrx_word' id='word_1_461' title='bbox 2822 3083 3088 3169; x_wconf 80' lang='lat' dir='ltr'><strong>Ergone</strong></span> <span class='ocrx_word' id='word_1_462' title='bbox 3130 3103 3398 3167; x_wconf 88' lang='grc'><strong>6616616</strong></span> <span class='ocrx_word' id='word_1_463' title='bbox 3438 3031 3824 3149; x_wconf 61' lang='lat' dir='ltr'><strong>Dfflet</strong></span> <span class='ocrx_word' id='word_1_464' title='bbox 3865 3067 4184 3168; x_wconf 82' lang='lat' dir='ltr'><strong>sang-uine</strong></span> <span class='ocrx_word' id='word_1_465' title='bbox 4217 3078 4595 3148; x_wconf 70' lang='lat' dir='ltr'><strong>vescimur?</strong></span> 
     </span>
    </p>
   </div>
   <div class='ocr_carea' id='block_1_18' title="bbox 2646 3290 4603 4185">
    <p class='ocr_par' dir='ltr' id='par_1_37' title="bbox 3541 3290 3784 3326">
     <span class='ocr_line' id='line_1_82' title="bbox 3541 3290 3784 3326; baseline -0.016 0"><span class='ocrx_word' id='word_1_466' title='bbox 3541 3290 3697 3326; x_wconf 71' lang='lat' dir='ltr'><strong>rutn.</strong></span> <span class='ocrx_word' id='word_1_467' title='bbox 3772 3305 3784 3322; x_wconf 66' lang='grc'><strong>1</strong></span> 
     </span>
    </p>

    <p class='ocr_par' dir='ltr' id='par_1_38' title="bbox 2646 3338 4603 3840">
     <span class='ocr_line' id='line_1_83' title="bbox 2817 3338 4599 3424; baseline -0.001 -19"><span class='ocrx_word' id='word_1_468' title='bbox 2817 3346 2935 3422; x_wconf 75' lang='lat' dir='ltr'><strong>[fol.</strong></span> <span class='ocrx_word' id='word_1_469' title='bbox 2974 3347 3081 3422; x_wconf 85' lang='lat'><strong>⁷7]</strong></span> <span class='ocrx_word' id='word_1_470' title='bbox 3124 3343 3230 3407; x_wconf 87' lang='lat' dir='ltr'><strong>Ita</strong></span> <span class='ocrx_word' id='word_1_471' title='bbox 3282 3342 3512 3407; x_wconf 89' lang='lat' dir='ltr'><strong>sentio.</strong></span> <span class='ocrx_word' id='word_1_472' title='bbox 3600 3341 3776 3407; x_wconf 84' lang='lat' dir='ltr'><strong>Nam</strong></span> <span class='ocrx_word' id='word_1_473' title='bbox 3832 3362 4036 3424; x_wconf 90' lang='lat' dir='ltr'><strong>quum</strong></span> <span class='ocrx_word' id='word_1_474' title='bbox 4088 3341 4160 3405; x_wconf 91' lang='lat' dir='ltr'><strong>in</strong></span> <span class='ocrx_word' id='word_1_475' title='bbox 4214 3359 4291 3405; x_wconf 90' lang='lat' dir='ltr'><strong>eo</strong></span> <span class='ocrx_word' id='word_1_476' title='bbox 4346 3339 4472 3404; x_wconf 87' lang='lat' dir='ltr'><strong>sita</strong></span> <span class='ocrx_word' id='word_1_477' title='bbox 4507 3338 4599 3404; x_wconf 88' lang='lat' dir='ltr'><strong>sit</strong></span> 
     </span>
     <span class='ocr_line' id='line_1_84' title="bbox 2646 3424 4602 3511; baseline -0.003 -17"><span class='ocrx_word' id='word_1_478' title='bbox 2646 3434 2789 3494; x_wconf 86' lang='lat' dir='ltr'><strong>tota</strong></span> <span class='ocrx_word' id='word_1_479' title='bbox 2828 3427 3057 3498; x_wconf 88' lang='lat' dir='ltr'><strong>salutis</strong></span> <span class='ocrx_word' id='word_1_480' title='bbox 3100 3436 3364 3494; x_wconf 86' lang='lat' dir='ltr'><strong>nostrae</strong></span> <span class='ocrx_word' id='word_1_481' title='bbox 3396 3425 3652 3508; x_wconf 87' lang='lat' dir='ltr'><strong>fiducia,</strong></span> <span class='ocrx_word' id='word_1_482' title='bbox 3692 3434 3769 3491; x_wconf 91' lang='lat' dir='ltr'><strong>ut</strong></span> <span class='ocrx_word' id='word_1_483' title='bbox 3809 3433 4078 3511; x_wconf 88' lang='grc'><strong>6666616</strong></span> <span class='ocrx_word' id='word_1_484' title='bbox 4118 3424 4304 3496; x_wconf 86' lang='lat' dir='ltr'><strong>nobis</strong></span> <span class='ocrx_word' id='word_1_485' title='bbox 4344 3425 4602 3490; x_wconf 84' lang='lat' dir='ltr'><strong>feratur</strong></span> 
     </span>
     <span class='ocr_line' id='line_1_85' title="bbox 2647 3508 4599 3599; baseline -0.002 -18"><span class='ocrx_word' id='word_1_486' title='bbox 2647 3515 3017 3582; x_wconf 89' lang='lat' dir='ltr'><strong>obedientia</strong></span> <span class='ocrx_word' id='word_1_487' title='bbox 3058 3516 3293 3599; x_wconf 88' lang='lat' dir='ltr'><strong>ipsius,</strong></span> <span class='ocrx_word' id='word_1_488' title='bbox 3348 3535 3565 3598; x_wconf 77' lang='lat' dir='ltr'><strong>quam·</strong></span> <span class='ocrx_word' id='word_1_489' title='bbox 3586 3512 3760 3597; x_wconf 85' lang='lat' dir='ltr'><strong>patri</strong></span> <span class='ocrx_word' id='word_1_490' title='bbox 3800 3512 4158 3597; x_wconf 87' lang='lat' dir='ltr'><strong>praestitit,</strong></span> <span class='ocrx_word' id='word_1_491' title='bbox 4200 3508 4474 3596; x_wconf 88' lang='lat' dir='ltr'><strong>perinde</strong></span> <span class='ocrx_word' id='word_1_492' title='bbox 4517 3531 4599 3578; x_wconf 84' lang='lat' dir='ltr'><strong>ao</strong></span> 
     </span>
     <span class='ocr_line' id='line_1_86' title="bbox 2648 3598 4596 3684; baseline -0.002 -16"><span class='ocrx_word' id='word_1_493' title='bbox 2648 3602 2704 3668; x_wconf 90' lang='lat' dir='ltr'><strong>si</strong></span> <span class='ocrx_word' id='word_1_494' title='bbox 2747 3611 2974 3669; x_wconf 86' lang='lat' dir='ltr'><strong>nostra</strong></span> <span class='ocrx_word' id='word_1_495' title='bbox 3012 3603 3200 3668; x_wconf 86' lang='lat' dir='ltr'><strong>foret:</strong></span> <span class='ocrx_word' id='word_1_496' title='bbox 3244 3601 3461 3684; x_wconf 90' lang='lat' dir='ltr'><strong>ipsum</strong></span> <span class='ocrx_word' id='word_1_497' title='bbox 3499 3620 3541 3664; x_wconf 90' lang='lat' dir='ltr'><strong>a</strong></span> <span class='ocrx_word' id='word_1_498' title='bbox 3581 3599 3769 3666; x_wconf 90' lang='lat' dir='ltr'><strong>nobis</strong></span> <span class='ocrx_word' id='word_1_499' title='bbox 3801 3598 4121 3683; x_wconf 87' lang='lat' dir='ltr'><strong>possideri</strong></span> <span class='ocrx_word' id='word_1_500' title='bbox 4159 3618 4428 3666; x_wconf 85' lang='lat' dir='ltr'><strong>necesse</strong></span> <span class='ocrx_word' id='word_1_501' title='bbox 4470 3604 4596 3664; x_wconf 88' lang='lat' dir='ltr'><strong>est.</strong></span> 
     </span>
     <span class='ocr_line' id='line_1_87' title="bbox 2647 3682 4603 3772; baseline -0.003 -19"><span class='ocrx_word' id='word_1_502' title='bbox 2647 3687 2877 3772; x_wconf 90' lang='lat' dir='ltr'><strong>Neque</strong></span> <span class='ocrx_word' id='word_1_503' title='bbox 2912 3688 3089 3753; x_wconf 93' lang='lat' dir='ltr'><strong>enim</strong></span> <span class='ocrx_word' id='word_1_504' title='bbox 3127 3683 3301 3753; x_wconf 86' lang='lat' dir='ltr'><strong>bona</strong></span> <span class='ocrx_word' id='word_1_505' title='bbox 3334 3686 3522 3752; x_wconf 91' lang='lat' dir='ltr'><strong>nobis</strong></span> <span class='ocrx_word' id='word_1_506' title='bbox 3566 3707 3686 3751; x_wconf 87' lang='lat' dir='ltr'><strong>sua</strong></span> <span class='ocrx_word' id='word_1_507' title='bbox 3727 3684 3918 3751; x_wconf 88' lang='lat' dir='ltr'><strong>aliter</strong></span> <span class='ocrx_word' id='word_1_508' title='bbox 3962 3684 4418 3764; x_wconf 75' lang='lat' dir='ltr'><strong>communicat,</strong></span> <span class='ocrx_word' id='word_1_509' title='bbox 4460 3682 4603 3749; x_wconf 89' lang='lat' dir='ltr'><strong>nisi</strong></span> 
     </span>
     <span class='ocr_line' id='line_1_88' title="bbox 2651 3773 3480 3840; baseline -0.002 -1"><span class='ocrx_word' id='word_1_510' title='bbox 2651 3774 2810 3839; x_wconf 91' lang='lat' dir='ltr'><strong>dum</strong></span> <span class='ocrx_word' id='word_1_511' title='bbox 2847 3795 2919 3840; x_wconf 93' lang='lat' dir='ltr'><strong>se</strong></span> <span class='ocrx_word' id='word_1_512' title='bbox 2960 3781 3265 3839; x_wconf 88' lang='lat' dir='ltr'><strong>nostrum</strong></span> <span class='ocrx_word' id='word_1_513' title='bbox 3307 3773 3480 3840; x_wconf 78' lang='lat' dir='ltr'><strong>facit.</strong></span> 
     </span>
    </p>

    <p class='ocr_par' dir='ltr' id='par_1_39' title="bbox 3481 3893 3738 3929">
     <span class='ocr_line' id='line_1_89' title="bbox 3481 3893 3738 3929; baseline 0 0"><span class='ocrx_word' id='word_1_514' title='bbox 3481 3893 3738 3929; x_wconf 70' lang='lat' dir='ltr'><strong>mm.</strong></span> 
     </span>
    </p>

    <p class='ocr_par' dir='ltr' id='par_1_40' title="bbox 2647 3942 4601 4185">
     <span class='ocr_line' id='line_1_90' title="bbox 2822 3942 4601 4028; baseline -0.002 -17"><span class='ocrx_word' id='word_1_515' title='bbox 2822 3946 3025 4028; x_wconf 87' lang='lat' dir='ltr'><strong>Atqui</strong></span> <span class='ocrx_word' id='word_1_516' title='bbox 3041 3995 3058 4023; x_wconf 91' lang='lat'>,</span> <span class='ocrx_word' id='word_1_517' title='bbox 3101 3965 3323 4010; x_wconf 89' lang='lat' dir='ltr'><strong>nonne</strong></span> <span class='ocrx_word' id='word_1_518' title='bbox 3361 3950 3518 4009; x_wconf 89' lang='lat' dir='ltr'><strong>tunc</strong></span> <span class='ocrx_word' id='word_1_519' title='bbox 3561 3964 3632 4010; x_wconf 91' lang='lat' dir='ltr'><strong>se</strong></span> <span class='ocrx_word' id='word_1_520' title='bbox 3677 3942 3883 4023; x_wconf 89' lang='lat' dir='ltr'><strong>dedit,</strong></span> <span class='ocrx_word' id='word_1_521' title='bbox 3929 3963 4133 4028; x_wconf 90' lang='lat' dir='ltr'><strong>quum</strong></span> <span class='ocrx_word' id='word_1_522' title='bbox 4175 3962 4247 4009; x_wconf 91' lang='lat' dir='ltr'><strong>se</strong></span> <span class='ocrx_word' id='word_1_523' title='bbox 4289 3942 4601 4027; x_wconf 79' lang='lat' dir='ltr'><strong>exposuit</strong></span> 
     </span>
     <span class='ocr_line' id='line_1_91' title="bbox 2647 4028 4601 4180; baseline -0.004 -80"><span class='ocrx_word' id='word_1_524' title='bbox 2647 4033 2721 4100; x_wconf 90' lang='lat' dir='ltr'><strong>in</strong></span> <span class='ocrx_word' id='word_1_525' title='bbox 2763 4040 3061 4110; x_wconf 89' lang='lat' dir='ltr'><strong>mortem,</strong></span> <span class='ocrx_word' id='word_1_526' title='bbox 3104 4037 3182 4180; x_wconf 53' lang='lat' dir='ltr'><strong>pt</strong></span> <span class='ocrx_word' id='word_1_527' title='bbox 3212 4051 3331 4095; x_wconf 91' lang='lat' dir='ltr'><strong>nos</strong></span> <span class='ocrx_word' id='word_1_528' title='bbox 3365 4051 3406 4095; x_wconf 88' lang='lat' dir='ltr'><strong>a</strong></span> <span class='ocrx_word' id='word_1_529' title='bbox 3445 4031 3677 4097; x_wconf 85' lang='lat' dir='ltr'><strong>mortis</strong></span> <span class='ocrx_word' id='word_1_530' title='bbox 3717 4029 3960 4097; x_wconf 88' lang='lat' dir='ltr'><strong>iudicio</strong></span> <span class='ocrx_word' id='word_1_531' title='bbox 4005 4030 4377 4115; x_wconf 87' lang='lat' dir='ltr'><strong>redemptos</strong></span> <span class='ocrx_word' id='word_1_532' title='bbox 4418 4028 4601 4113; x_wconf 80' lang='lat' dir='ltr'><strong>patri</strong></span> 
     </span>
     <span class='ocr_line' id='line_1_92' title="bbox 2648 4118 3098 4185; baseline -0.009 0"><span class='ocrx_word' id='word_1_533' title='bbox 2648 4118 3098 4185; x_wconf 88' lang='lat' dir='ltr'><strong>reconciliaret</strong></span> 
     </span>
    </p>
   </div>
   <div class='ocr_carea' id='block_1_19' title="bbox 2650 4239 4606 4545">
    <p class='ocr_par' dir='ltr' id='par_1_41' title="bbox 2650 4239 4606 4545">
     <span class='ocr_line' id='line_1_93' title="bbox 2822 4239 4600 4373; baseline 0 -19"><span class='ocrx_word' id='word_1_534' title='bbox 2822 4288 2905 4354; x_wconf 90' lang='lat' dir='ltr'><strong>Id</strong></span> <span class='ocrx_word' id='word_1_535' title='bbox 2947 4287 3212 4373; x_wconf 88' lang='lat' dir='ltr'><strong>quidem</strong></span> <span class='ocrx_word' id='word_1_536' title='bbox 3256 4243 3493 4356; x_wconf 81' lang='lat' dir='ltr'><strong>verum</strong></span> <span class='ocrx_word' id='word_1_537' title='bbox 3528 4239 3696 4356; x_wconf 44' lang='grc' dir='ltr'><em>ἔξει·</em></span> <span class='ocrx_word' id='word_1_538' title='bbox 3715 4287 3830 4355; x_wconf 85' lang='grc'><strong>66(1</strong></span> <span class='ocrx_word' id='word_1_539' title='bbox 3874 4310 4008 4357; x_wconf 89' lang='grc'><strong>666</strong></span> <span class='ocrx_word' id='word_1_540' title='bbox 4060 4288 4218 4355; x_wconf 86' lang='grc'><strong>66116</strong></span> <span class='ocrx_word' id='word_1_541' title='bbox 4260 4295 4361 4354; x_wconf 89' lang='grc'><strong>661</strong></span> <span class='ocrx_word' id='word_1_542' title='bbox 4401 4287 4600 4354; x_wconf 85' lang='lat' dir='ltr'><strong>nobis</strong></span> 
     </span>
     <span class='ocr_line' id='line_1_94' title="bbox 2650 4371 4606 4460; baseline -0.002 -17"><span class='ocrx_word' id='word_1_543' title='bbox 2650 4376 2779 4443; x_wconf 82' lang='lat' dir='ltr'><strong>nisi</strong></span> <span class='ocrx_word' id='word_1_544' title='bbox 2823 4395 2977 4440; x_wconf 89' lang='lat' dir='ltr'><strong>eum</strong></span> <span class='ocrx_word' id='word_1_545' title='bbox 3008 4394 3190 4439; x_wconf 89' lang='grc'><strong>66116</strong></span> <span class='ocrx_word' id='word_1_546' title='bbox 3222 4375 3638 4458; x_wconf 88' lang='lat' dir='ltr'><strong>recipiamus:</strong></span> <span class='ocrx_word' id='word_1_547' title='bbox 3683 4396 3812 4460; x_wconf 88' lang='grc'><strong>(166</strong></span> <span class='ocrx_word' id='word_1_548' title='bbox 3853 4376 4088 4441; x_wconf 84' lang='grc'><strong>1661116</strong></span> <span class='ocrx_word' id='word_1_549' title='bbox 4122 4374 4262 4440; x_wconf 90' lang='grc'><strong>6166</strong></span> <span class='ocrx_word' id='word_1_550' title='bbox 4304 4371 4606 4441; x_wconf 67' lang='lat' dir='ltr'><strong>efficacia</strong></span> 
     </span>
     <span class='ocr_line' id='line_1_95' title="bbox 2650 4460 3722 4545; baseline -0.002 -17"><span class='ocrx_word' id='word_1_551' title='bbox 2650 4463 3030 4545; x_wconf 88' lang='lat' dir='ltr'><strong>fructusque</strong></span> <span class='ocrx_word' id='word_1_552' title='bbox 3073 4460 3156 4526; x_wconf 89' lang='lat' dir='ltr'><strong>ad</strong></span> <span class='ocrx_word' id='word_1_553' title='bbox 3202 4482 3321 4527; x_wconf 90' lang='lat' dir='ltr'><strong>nos</strong></span> <span class='ocrx_word' id='word_1_554' title='bbox 3363 4461 3722 4544; x_wconf 85' lang='lat' dir='ltr'><strong>perveniat.</strong></span> 
     </span>
    </p>
   </div>
   <div class='ocr_carea' id='block_1_20' title="bbox 2821 4582 4585 4718">
    <p class='ocr_par' dir='ltr' id='par_1_42' title="bbox 2821 4582 4585 4718">
     <span class='ocr_line' id='line_1_96' title="bbox 2821 4582 4585 4718; baseline -0.003 -17"><span class='ocrx_word' id='word_1_555' title='bbox 2821 4633 3209 4718; x_wconf 78' lang='lat' dir='ltr'><strong>Recipiendi</strong></span> <span class='ocrx_word' id='word_1_556' title='bbox 3248 4654 3445 4717; x_wconf 86' lang='lat' dir='ltr'><strong>porro</strong></span> <span class='ocrx_word' id='word_1_557' title='bbox 3486 4582 3748 4699; x_wconf 55' lang='lat' dir='ltr'><strong>ffim-un:</strong></span> <span class='ocrx_word' id='word_1_558' title='bbox 3763 4653 3850 4697; x_wconf 90' lang='lat' dir='ltr'><strong>an</strong></span> <span class='ocrx_word' id='word_1_559' title='bbox 3891 4597 4024 4698; x_wconf 83' lang='lat' dir='ltr'><strong>non</strong></span> <span class='ocrx_word' id='word_1_560' title='bbox 4066 4631 4196 4698; x_wconf 86' lang='lat' dir='ltr'><strong>fide</strong></span> <span class='ocrx_word' id='word_1_561' title='bbox 4236 4630 4539 4699; x_wconf 76' lang='lat' dir='ltr'><strong>constat?</strong></span> <span class='ocrx_word' id='word_1_562' title='bbox 4576 4600 4585 4608; x_wconf 40' lang='grc'><strong><em>’</em></strong></span> 
     </span>
    </p>
   </div>
   <div class='ocr_carea' id='block_1_21' title="bbox 2809 4842 4605 4972">
    <p class='ocr_par' dir='ltr' id='par_1_43' title="bbox 2809 4842 4605 4972">
     <span class='ocr_line' id='line_1_97' title="bbox 2809 4842 4605 4972; baseline -0.001 -12"><span class='ocrx_word' id='word_1_563' title='bbox 2809 4895 3072 4961; x_wconf 78' lang='lat' dir='ltr'><strong>Fateor.</strong></span> <span class='ocrx_word' id='word_1_564' title='bbox 3132 4890 3269 4959; x_wconf 83' lang='lat' dir='ltr'><strong>Sed</strong></span> <span class='ocrx_word' id='word_1_565' title='bbox 3309 4892 3433 4961; x_wconf 89' lang='lat' dir='ltr'><strong>hoc</strong></span> <span class='ocrx_word' id='word_1_566' title='bbox 3470 4842 3699 4959; x_wconf 45' lang='lat' dir='ltr'><strong>simuuns·</strong></span> <span class='ocrx_word' id='word_1_567' title='bbox 3708 4890 3895 4971; x_wconf 86' lang='lat' dir='ltr'><strong>addo,</strong></span> <span class='ocrx_word' id='word_1_568' title='bbox 3930 4890 4080 4958; x_wconf 86' lang='lat' dir='ltr'><strong>fieri</strong></span> <span class='ocrx_word' id='word_1_569' title='bbox 4119 4887 4207 4972; x_wconf 80' lang='lat' dir='ltr'><strong>id,</strong></span> <span class='ocrx_word' id='word_1_570' title='bbox 4252 4890 4415 4957; x_wconf 89' lang='lat' dir='ltr'><strong>dum</strong></span> <span class='ocrx_word' id='word_1_571' title='bbox 4453 4910 4605 4958; x_wconf 88' lang='lat' dir='ltr'><strong>non</strong></span> 
     </span>
    </p>
   </div>
   <div class='ocr_carea' id='block_1_22' title="bbox 807 5108 4606 5238">
    <p class='ocr_par' dir='ltr' id='par_1_44' title="bbox 807 5108 4606 5238">
     <span class='ocr_line' id='line_1_98' title="bbox 807 5108 4606 5238; baseline 0.002 -76"><span class='ocrx_word' id='word_1_572' title='bbox 807 5129 810 5132; x_wconf 47' lang='grc'>“</span> <span class='ocrx_word' id='word_1_573' title='bbox 916 5108 1103 5176; x_wconf 71' lang='lat' dir='ltr'><strong>1)‚Le</strong></span> <span class='ocrx_word' id='word_1_574' title='bbox 1145 5108 1230 5163; x_wconf 81' lang='lat'><strong>51.</strong></span> <span class='ocrx_word' id='word_1_575' title='bbox 1264 5111 1562 5166; x_wconf 82' lang='lat' dir='ltr'><strong>dimanche.</strong></span> <span class='ocrx_word' id='word_1_576' title='bbox 1613 5142 1679 5151; x_wconf 49' lang='lat'><strong>*-</strong></span> <span class='ocrx_word' id='word_1_577' title='bbox 1724 5110 1804 5167; x_wconf 86' lang='lat' dir='ltr'><strong>De</strong></span> <span class='ocrx_word' id='word_1_578' title='bbox 1849 5113 1906 5169; x_wconf 87' lang='lat' dir='ltr'><strong>la</strong></span> <span class='ocrx_word' id='word_1_579' title='bbox 1939 5113 2098 5171; x_wconf 83' lang='grc'><strong>0666.</strong></span> <span class='ocrx_word' id='word_1_580' title='bbox 2132 5143 2202 5156; x_wconf 83' lang='lat'><strong>—-</strong></span> <span class='ocrx_word' id='word_1_581' title='bbox 2248 5115 2430 5173; x_wconf 83' lang='lat' dir='ltr'><strong>Christ</strong></span> <span class='ocrx_word' id='word_1_582' title='bbox 2462 5133 2567 5187; x_wconf 88' lang='lat' dir='ltr'><strong>par</strong></span> <span class='ocrx_word' id='word_1_583' title='bbox 2599 5118 2652 5173; x_wconf 86' lang='lat' dir='ltr'><strong>le</strong></span> <span class='ocrx_word' id='word_1_584' title='bbox 2727 5116 2815 5171; x_wconf 88' lang='lat' dir='ltr'><strong>ain</strong></span> <span class='ocrx_word' id='word_1_585' title='bbox 2847 5130 3021 5238; x_wconf 53' lang='lat' dir='ltr'><strong>”offis</strong></span> <span class='ocrx_word' id='word_1_586' title='bbox 3021 5119 3334 5182; x_wconf 80' lang='lat' dir='ltr'><strong>represents</strong></span> <span class='ocrx_word' id='word_1_587' title='bbox 3381 5128 3482 5168; x_wconf 86' lang='lat' dir='ltr'><strong>son</strong></span> <span class='ocrx_word' id='word_1_588' title='bbox 3516 5130 3703 5184; x_wconf 78' lang='lat' dir='ltr'><strong>corps,</strong></span> <span class='ocrx_word' id='word_1_589' title='bbox 3751 5122 3809 5171; x_wconf 86' lang='lat' dir='ltr'><strong>et</strong></span> <span class='ocrx_word' id='word_1_590' title='bbox 3841 5129 3944 5183; x_wconf 82' lang='lat' dir='ltr'><strong>par</strong></span> <span class='ocrx_word' id='word_1_591' title='bbox 3976 5114 4029 5169; x_wconf 88' lang='lat' dir='ltr'><strong>le</strong></span> <span class='ocrx_word' id='word_1_592' title='bbox 4062 5114 4153 5170; x_wconf 84' lang='lat' dir='ltr'><strong>vin</strong></span> <span class='ocrx_word' id='word_1_593' title='bbox 4197 5129 4299 5170; x_wconf 78' lang='lat' dir='ltr'><strong>son</strong></span> <span class='ocrx_word' id='word_1_594' title='bbox 4333 5127 4490 5183; x_wconf 73' lang='lat' dir='ltr'><strong>sang.</strong></span> <span class='ocrx_word' id='word_1_595' title='bbox 4526 5141 4606 5155; x_wconf 90' lang='lat'><strong>-—</strong></span> 
     </span>
    </p>
   </div>
   <div class='ocr_carea' id='block_1_23' title="bbox 606 5176 1605 5316">
    <p class='ocr_par' dir='ltr' id='par_1_45' title="bbox 606 5176 1605 5316">
     <span class='ocr_line' id='line_1_99' title="bbox 606 5176 1421 5239; baseline 0.004 -7"><span class='ocrx_word' id='word_1_596' title='bbox 606 5176 811 5239; x_wconf 65' lang='lat' dir='ltr'><strong>mance</strong></span> <span class='ocrx_word' id='word_1_597' title='bbox 846 5178 915 5235; x_wconf 83' lang='lat' dir='ltr'><strong>de</strong></span> <span class='ocrx_word' id='word_1_598' title='bbox 951 5187 1139 5234; x_wconf 85' lang='lat' dir='ltr'><strong>nostre</strong></span> <span class='ocrx_word' id='word_1_599' title='bbox 1176 5179 1319 5235; x_wconf 85' lang='lat' dir='ltr'><strong>salut</strong></span> <span class='ocrx_word' id='word_1_600' title='bbox 1352 5197 1421 5235; x_wconf 83' lang='lat' dir='ltr'><strong>en</strong></span> 
     </span>
     <span class='ocr_line' id='line_1_100' title="bbox 912 5245 1605 5316; baseline 0.004 -16"><span class='ocrx_word' id='word_1_601' title='bbox 912 5245 973 5316; x_wconf 78' lang='lat'><strong>2)</strong></span> <span class='ocrx_word' id='word_1_602' title='bbox 1010 5255 1074 5304; x_wconf 84' lang='lat' dir='ltr'><strong>ut</strong></span> <span class='ocrx_word' id='word_1_603' title='bbox 1109 5247 1318 5305; x_wconf 73' lang='lat' dir='ltr'><strong>Gallae.</strong></span> <span class='ocrx_word' id='word_1_604' title='bbox 1352 5255 1404 5304; x_wconf 74' lang='lat' dir='ltr'><strong>et</strong></span> <span class='ocrx_word' id='word_1_605' title='bbox 1493 5265 1605 5304; x_wconf 68' lang='lat' dir='ltr'><strong>aa.</strong></span> 
     </span>
    </p>
   </div>
   <div class='ocr_carea' id='block_1_24' title="bbox 1494 5182 3060 5251">
    <p class='ocr_par' dir='ltr' id='par_1_46' title="bbox 1494 5182 3060 5251">
     <span class='ocr_line' id='line_1_101' title="bbox 1494 5182 3060 5251; baseline -0.004 -8"><span class='ocrx_word' id='word_1_606' title='bbox 1494 5197 1601 5251; x_wconf 73' lang='lat' dir='ltr'><strong>noy</strong></span> <span class='ocrx_word' id='word_1_607' title='bbox 1633 5182 1753 5250; x_wconf 73' lang='lat' dir='ltr'><strong>gist-</strong></span> <span class='ocrx_word' id='word_1_608' title='bbox 1790 5210 1852 5222; x_wconf 90' lang='lat'>-</span> <span class='ocrx_word' id='word_1_609' title='bbox 1889 5183 2171 5240; x_wconf 72' lang='lat' dir='ltr'><strong>Commeat</strong></span> <span class='ocrx_word' id='word_1_610' title='bbox 2206 5199 2344 5240; x_wconf 75' lang='lat' dir='ltr'><strong>noun</strong></span> <span class='ocrx_word' id='word_1_611' title='bbox 2378 5199 2640 5242; x_wconf 79' lang='lat' dir='ltr'><strong>recevons</strong></span> <span class='ocrx_word' id='word_1_612' title='bbox 2704 5199 2831 5241; x_wconf 81' lang='lat' dir='ltr'><strong>esus</strong></span> <span class='ocrx_word' id='word_1_613' title='bbox 2866 5182 2908 5238; x_wconf 87' lang='lat' dir='ltr'>C</span> <span class='ocrx_word' id='word_1_614' title='bbox 3022 5189 3060 5237; x_wconf 81' lang='grc'><strong>1.</strong></span> 
     </span>
    </p>
   </div>
   <div class='ocr_carea' id='block_1_25' title="bbox 4917 2589 4928 3300">
    <p class='ocr_par' dir='ltr' id='par_1_47' title="bbox 4917 2589 4928 3300">
     <span class='ocr_line' id='line_1_102' title="bbox 4917 2589 4928 3300; baseline 0 0"><span class='ocrx_word' id='word_1_615' title='bbox 4917 2589 4928 3300; x_wconf 95' lang='lat' dir='ltr'><strong> </strong></span> 
     </span>
    </p>
   </div>
   <div class='ocr_carea' id='block_1_26' title="bbox 4911 2589 4927 4500">
    <p class='ocr_par' dir='ltr' id='par_1_48' title="bbox 4911 2589 4927 4500">
     <span class='ocr_line' id='line_1_103' title="bbox 4911 2589 4927 4500; baseline 0 0"><span class='ocrx_word' id='word_1_616' title='bbox 4911 2589 4927 4500; x_wconf 95' lang='lat' dir='ltr'><strong> </strong></span> 
     </span>
    </p>
   </div>
   <div class='ocr_carea' id='block_1_27' title="bbox 4907 2589 4939 4811">
    <p class='ocr_par' dir='ltr' id='par_1_49' title="bbox 4907 2589 4939 4811">
     <span class='ocr_line' id='line_1_104' title="bbox 4907 2589 4939 4811; baseline 0 0"><span class='ocrx_word' id='word_1_617' title='bbox 4907 2589 4939 4811; x_wconf 95' lang='lat' dir='ltr'><strong> </strong></span> 
     </span>
    </p>
   </div>
   <div class='ocr_carea' id='block_1_28' title="bbox 4879 5018 4920 5949">
    <p class='ocr_par' dir='ltr' id='par_1_50' title="bbox 4879 5018 4920 5949">
     <span class='ocr_line' id='line_1_105' title="bbox 4879 5018 4920 5949; baseline 0 0"><span class='ocrx_word' id='word_1_618' title='bbox 4879 5018 4920 5949; x_wconf 95' lang='lat' dir='ltr'><strong> </strong></span> 
     </span>
    </p>
   </div>
  </div>
 </body>
</html>
