4967 5992
561 361 695 426 403

576 545 691 631 qui
748 546 846 611 ita
898 565 984 610 ex
1040 564 1179 610 uno
1220 542 1433 612 vitulo
1491 541 1657 610 duos
1693 543 1884 610 novit
1921 543 2154 610 iacere.
2235 539 2553 626 Sequitur

577 632 759 699 enim
812 651 950 697 uno
1006 635 1324 697 contextu
1386 628 1566 714 apud
1615 629 2077 715 Augustinum
2142 628 2354 694 altera
2418 627 2552 695 dis-

577 717 840 797 tinctio,
897 735 1067 800 quae
1164 728 1393 782 torsus
1435 714 1521 780 ad
1573 714 1850 781 eandem
1903 737 2045 781 rem
2072 714 2553 798 „explicandam

575 803 761 870 facit:
818 797 1060 883 Aliud,
1115 802 1366 886 inquit,
1419 808 1523 869 est
1573 800 1974 867 adiutorium
1991 852 2008 880 ,
2067 802 2214 867 sine
2256 822 2387 885 quo
2430 801 2551 866 ali-

578 887 739 973 quid
781 910 917 954 non
972 889 1078 969 fit3
1137 895 1208 955 et
1260 886 1445 953 aliud
1498 893 1606 953 est
1646 887 2050 952 adiutorium
2064 938 2081 966 ,
2126 907 2255 971 quo
2303 886 2550 970 aliquid

578 977 677 1043 fit.
735 975 969 1041 Primo
1012 975 1235 1059 itaque
1276 973 1551 1054 homini,
1596 974 1709 1058 qui
1736 973 1810 1037 in
1854 994 1931 1039 eo
1960 973 2149 1053 bono,
2182 992 2311 1056 quo
2335 973 2552 1039 factus

580 1062 800 1128 fuerat
853 1065 1106 1140 rectus,
1166 1067 1510 1144 acceperat
1563 1080 1758 1144 posse
1813 1080 1948 1125 non
2000 1078 2301 1143 peccare,
2355 1079 2551 1143 posse

579 1168 720 1214 non
764 1148 952 1227 mori,
995 1165 1189 1230 posse
1221 1147 1472 1213 bonum
1507 1166 1642 1219 non
1677 1143 1997 1224 deserere,
2035 1143 2265 1211 datum
2298 1151 2401 1210 est
2436 1143 2552 1210 ad-

576 1233 899 1300 iutorium
952 1233 1520 1316 perseverantiae:
1580 1252 1716 1297 non
1774 1252 1901 1314 quo
1943 1232 2162 1310 ficret,
2208 1238 2285 1296 ut
2324 1250 2551 1314 perse-
2657 1232 2669 1245 '

579 1326 874 1398 voraret,
934 1317 1051 1384 sed
1106 1319 1250 1385 sine
1307 1338 1436 1402 quo
1490 1338 1612 1401 per
1666 1315 1951 1383 liberum
2009 1316 2359 1382 arbitrium
2395 1337 2549 1401 per-

582 1424 890 1472 severare
935 1425 1072 1470 non
1115 1412 1355 1488 posset.
1424 1403 1624 1469 Nunc
1665 1423 1824 1469 vero
1864 1403 2110 1469 sanctis
2150 1403 2223 1467 in
2265 1423 2548 1486 regnum

576 1490 707 1557 Dei
748 1511 871 1590 per
913 1490 1198 1576 gratiam
1238 1488 1747 1575 praedestinatis
1788 1509 1923 1555 non
1964 1495 2227 1554 tantum
2257 1488 2392 1555 tale
2432 1488 2549 1554 ad-

579 1577 902 1643 iuvenum
942 1577 1475 1661 perseverantiae
1519 1574 1735 1655 datur,
1782 1572 1896 1640 sed
1938 1575 2091 1654 tale,
2136 1581 2215 1639 ιιι
2255 1574 2352 1640 eis
2396 1595 2548 1658 per-

582 1663 957 1729 severantia
1003 1662 1152 1745 ipsa
1205 1661 1516 1739 donetur3
1574 1682 1709 1727 non
1765 1661 1978 1726 solum
1991 1712 2009 1740 ‚
2075 1666 2153 1725 ut
2207 1660 2351 1726 sine
2414 1662 2547 1726 isto

584 1747 755 1815 dono
794 1757 1300 1832 perseverantes
1341 1768 1486 1813 esse
1527 1767 1665 1812 non
1719 1746 2007 1830 possint,
2049 1767 2283 1814 verum
2325 1746 2546 1826 etiam,

580 1840 661 1900 ut
701 1854 824 1918 per
866 1834 993 1900 hoc
1028 1833 1274 1899 donum
1312 1855 1452 1898 non
1485 1833 1619 1899 nisi
1650 1839 2151 1916 perseverantes
2187 1833 2339 1898 sint.
2393 1832 2549 1897 Non

587 1919 768 1986 enim
811 1919 1025 1986 solum
1068 1918 1239 1985 dixit
1279 1918 1541 2005 <Ioann.
1586 1923 1685 1999 15,
1724 1918 1823 2003 5):
1869 1917 2034 1986 Sine
2077 1939 2185 1984 me
2219 1917 2392 1983 nihil
2433 1938 2550 2001 po-

586 2006 777 2071 testis
820 2005 1067 2072 facere:
1114 2004 1232 2070 sed
1275 2007 1476 2071 etiam
1522 2003 1694 2070 dixit
1733 2003 1918 2089 (ibid.
1944 2026 2005 2071 v.
2041 2003 2180 2088 16):
2237 2003 2394 2070 Non
2430 2023 2549 2069 vos

582 2109 693 2156 me
750 2091 1070 2175 elegistis:
1128 2090 1246 2157 sed
1302 2112 1424 2176 ego
1482 2092 1654 2176 elegi
1708 2111 1860 2170 vos,
1918 2097 1987 2156 et
2037 2090 2226 2174 posui
2267 2109 2422 2169 vos,
2467 2098 2547 2154 ut

584 2178 784 2260 eatis,
840 2182 910 2242 et
963 2177 1253 2244 fructum
1311 2178 1637 2257 afferatis,
1708 2184 1776 2243 et
1826 2177 2081 2243 fructus
2130 2183 2354 2243 vester
2406 2196 2550 2240 ma-

584 2269 755 2329 neat.
828 2261 1090 2345 Quibus
1145 2264 1366 2330 verbis
1421 2285 1559 2329 non
1613 2262 1828 2328 solum
1883 2263 1980 2328 eis
2030 2262 2385 2341 iustitiam,
2435 2282 2547 2327 ve-

580 2370 731 2415 rum
785 2356 855 2415 et
894 2349 967 2416 in
1008 2348 1125 2414 illa
1175 2349 1743 2434 perseverantiam
1787 2371 1858 2415 se
1916 2347 2176 2414 dedisse
2218 2354 2549 2413 monstra-

578 2434 694 2500 vit.
787 2434 957 2517 Quis
1012 2456 1223 2515 nunc,
1282 2436 1553 2502 obsecro
1568 2486 1584 2514 ,
1626 2434 1795 2500 mihi
1838 2454 1977 2499 non
2015 2433 2358 2514 concedat,
2402 2433 2548 2500 Au-

583 2520 928 2606 gustinum
971 2542 1114 2587 rem
1156 2519 1435 2587 eandem
1496 2521 1644 2586 aliis
1699 2520 1919 2588 verbis
1974 2519 2389 2586 continenter
2431 2541 2548 2584 ex-

580 2605 875 2690 ponere?
942 2605 1122 2687 Quid
1167 2627 1344 2690 erg0‚
1389 2613 1530 2672 tam
1570 2605 1738 2673 bene
1774 2612 2118 2672 contextas
2158 2612 2381 2689 partes
2416 2604 2551 2671 dis-

582 2690 929 2776 cerpendo,
1021 2682 1276 2758 reficiet
1310 2690 1636 2777 Pighius?
1704 2690 1962 2758 Verum
2002 2699 2139 2757 tam
2176 2699 2278 2757 est
2316 2689 2549 2775 despe-

581 2786 734 2844 rata
775 2778 963 2863 impu
1010 2777 1212 2858 entia,
1257 2785 1334 2841 ut
1375 2777 1486 2844 vel
1528 2777 1799 2843 confuso
1840 2779 1974 2843 oris
2016 2778 2297 2861 strepitu
2334 2777 2549 2843 incre-

579 2864 833 2947 puisse,
903 2883 1164 2963 semper
1218 2884 1339 2946 pro
1394 2863 1714 2929 victoriae
1769 2867 1959 2947 parte
2013 2862 2281 2962 habeat..
2374 2862 2550 2963 Nam

582 2947 2426 3120 ffiffiffiffmugssitfiss?⁸m¹ssssssurfiai>t213uep⁰ffgssssfissssb¹203
2430 2971 2552 3099 Ἓξ

582 3120 710 3187 hoc
753 3125 1017 3186 tantum
1061 3140 1204 3187 esse
1259 3121 1592 3188 efficacem
1633 3121 1707 3186 in
1756 3120 1944 3187 nobis
1960 3173 1977 3201 ,
2032 3128 2108 3187 ιιι
2154 3121 2300 3204 ipsa
2342 3120 2549 3186 adiuti

580 3204 783 3272 fidem
827 3206 1159 3289 possimus
1202 3208 1513 3291 consequi
1558 3207 1616 3272 si
1658 3207 1880 3286 libeat,
1924 3215 1993 3272 et
2025 3208 2433 3290 consequuti,
2476 3207 2549 3271 in

582 3312 660 3358 ea
717 3298 921 3371 stare,
983 3292 1100 3358 sed
1154 3293 1456 3372 omnino,
1512 3300 1592 3357 ιιι
1631 3291 1861 3359 fideles
1904 3293 2140 3372 simus,
2196 3300 2266 3357 et
2304 3294 2380 3358 in
2420 3292 2552 3359 fide

577 3397 1115 3462 perseveremus:
1174 3385 1253 3443 ut
1305 3378 1747 3446 invictissima
1787 3379 2127 3446 voluntate
2167 3386 2553 3463 appetamus

577 3462 756 3613 {¹¹⁰³
811 3462 1057 3529 bonum
1115 3472 1247 3542 est,
1310 3472 1378 3531 et
1426 3465 1866 3531 invictissima
1917 3466 2286 3530 constantia
2335 3465 2553 3549 ipsum

627 3569 885 3615 eserere
928 3555 1077 3630 [pag.
1117 3556 1267 3630 238]
1312 3550 1629 3616 nolimus:
1685 3551 1850 3620 haec
1890 3550 2131 3629 omnia,
2178 3560 2249 3616 et
2289 3550 2551 3630 similia,
2601 3573 2607 3602 ¹

580 3655 751 3717 quae
795 3636 929 3700 iam
975 3634 1238 3715 audisti,
1296 3657 1434 3701 non
1480 3636 1660 3702 aliud
1702 3635 1948 3721 Pighio
1991 3636 2240 3715 valent,
2285 3637 2414 3703 nisi
2459 3638 2554 3702 ita
2600 3619 2608 3700 ἱ

578 3741 701 3787 nos
746 3719 1071 3802 adiuvari,
1116 3729 1194 3787 ut
1235 3721 1318 3789 de
1362 3722 1649 3789 victoria
1690 3722 1853 3790 certi
1887 3723 2111 3802 simus,
2156 3723 2210 3788 si
2256 3743 2393 3787 non
2437 3724 2550 3787 de-

1336 353 1871 423 RESPONSIO
1916 353 2295 421 CONTRA
2335 353 2756 422 PIGHIUM
2795 356 2925 421 DE
2968 355 3325 422 LIBERO
3369 354 3846 424 ARBITRIO.

4435 373 4540 434 404

2649 545 2971 610 fuerimus
3012 544 3144 627 ipsi
3183 544 3403 610 nobis:
3457 543 3823 611 inferorum
3863 551 4087 629 portas
4128 567 4252 611 non
4290 549 4415 616 fore
4449 575 4548 620 uo-

2653 629 2756 696 bis
2801 630 3170 714 superiores
3187 682 3203 710 ,
3258 629 3388 696 nisi
3431 629 3565 697 illis
3610 628 3947 708 cedamus;
4004 631 4246 696 nullam
4286 635 4411 702 fore
4447 636 4553 706 Sa-

2652 723 2851 782 tanae
2892 717 3211 782 virtutem
3252 715 3604 782 adversum
3648 738 3770 781 nos
3815 724 3882 782 et
3935 717 4214 801 gratiam
4251 720 4420 787 nobis
4456 723 4553 790 da-

2653 808 2820 882 tam,
2859 803 2936 868 ·si
2984 823 3120 867 non
3176 800 3280 866 illi
3331 799 3710 868 dederimus
3774 802 3994 869 locum
4043 803 4204 870 vitio
4254 813 4458 873 nostro
4502 819 4559 876 et

2652 887 3079 973 negligentia.
3157 885 3417 953 Verum
3459 889 3516 953 si
3561 888 3709 972 quis
3753 909 3838 954 ex
3880 887 4139 969 electis,
4183 900 4292 955 aut
4328 892 4560 977 ignavia

2652 994 2774 1039 sua
2829 973 3124 1041 excludit
3172 973 3554 1057 respuitque
3608 974 3895 1040 oblatam
3934 974 4070 1040 Dei
4121 976 4386 1059 gratiam
4401 1029 4417 1058 ‚
4466 989 4565 1046 aut

2650 1065 2986 1143 receptam
3037 1060 3482 1126 inconstantia
3523 1059 3774 1140 abiicit,
3832 1070 3948 1125 aut
4000 1060 4391 1129 infirmitatis
4428 1067 4563 1131 vitio

2653 1146 2749 1210 eri
2793 1148 2818 1210 i
2861 1146 2986 1212 sibi
3028 1146 3300 1230 patitur,
3342 1145 3454 1211 ubi
3498 1145 3648 1226 illa,
3693 1146 3887 1213 sicuti
3929 1154 4125 1213 vocat
4164 1148 4561 1232 Augustinus,

2652 1254 2723 1297 m
2770 1230 3139 1298 eclinabilis
3201 1239 3271 1296 et
3334 1231 3793 1314 inseparabilis
3857 1232 4112 1317 gratiae
4175 1234 4365 1311 actio,
4426 1257 4566 1318 quae

2648 1339 2783 1383 non
2824 1316 3204 1383 hominibus
3256 1317 3571 1400 relinquit
3622 1338 3811 1384 suam
3851 1317 4264 1384 voluntatem
4277 1370 4291 1397 ,
4344 1326 4414 1384 ιιι
4447 1341 4565 1386 ma-

2649 1410 2854 1468 neant
2893 1404 2966 1470 in
3009 1404 3223 1488 gratia
3263 1404 3323 1469 si
3364 1403 3596 1484 velint,
3641 1403 3758 1469 sed
3801 1404 4005 1469 etiam
4042 1411 4349 1488 operatur
4377 1414 4446 1470 ιιι
4473 1429 4568 1473 ve-

2647 1488 2816 1554 lint?
2873 1510 3041 1573 quae
3095 1510 3231 1554 non
3282 1497 3545 1554 tantum
3595 1489 3754 1555 fidei
3794 1488 4289 1574 consequendae
4328 1492 4567 1558 faculta-

2648 1583 2783 1641 tem
2825 1575 3101 1653 confert,
3145 1573 3263 1641 sed
3293 1574 3521 1641 fideles
3556 1576 3759 1641 etiam
3791 1574 3990 1642 facit?
4035 1587 4207 1660 quae
4239 1596 4369 1641 non
4404 1576 4570 1643 modo

2648 1661 3115 1745 perseverandi
3165 1660 3325 1726 facit
3367 1660 3622 1745 copiam
3637 1712 3653 1740 ,
3712 1660 3828 1728 sed
3872 1667 4061 1727 tanta
4101 1661 4252 1728 illos
4294 1664 4570 1728 firmitate

2647 1746 2951 1828 instruit,
3008 1755 3086 1812 ut
3125 1768 3261 1812 non
3301 1746 3436 1813 nisi
3486 1753 3987 1830 perseverantes
4044 1747 4221 1814 sint?
4306 1748 4445 1814 Imo
4479 1750 4575 1816 ubi

2646 1832 2772 1914 illa⁸
2849 1839 2920 1898 et
2961 1831 3045 1898 ad
3099 1833 3344 1898 bonum
3397 1833 3840 1917 appetendum
3893 1833 4331 1900 invictissima
4369 1834 4576 1900 volun·

2649 1925 2780 1998 tas,
2826 1926 2897 1984 et
2938 1918 3023 1984 ad
3061 1919 3484 1985 retinendum
3539 1920 3973 1987 invictissima
4014 1919 4420 1986 constantia?
4498 1920 4578 1985 Et

2651 2011 2876 2072 tamen
2930 2005 3165 2072 canino
3226 2005 3352 2071 isto
3415 2025 3533 2070 suo
3601 2005 3844 2070 latratu
3904 2004 4197 2072 evasisse
4263 2014 4578 2071 contentus

2651 2111 2789 2156 non
2833 2100 2962 2171 est,
3018 2090 3150 2156 nisi
3191 2090 3342 2175 plus
3382 2110 3582 2173 quam
3623 2090 4000 2157 thrasonica
4042 2090 4402 2157 stoliditate
4442 2091 4577 2157 satis

2650 2197 2975 2261 superque
3017 2177 3447 2243 manifestum
3491 2197 3634 2243 esse
3677 2178 3909 2257 iactet,
3973 2198 4180 2261 quam
4226 2177 4388 2241 mihi
4428 2176 4581 2243 omni

2650 2285 2735 2330 ex
2777 2269 2966 2347 parte
3011 2263 3428 2348 Augustinus
3469 2272 3813 2349 repugnet.

2819 2435 3071 2501 Decem
3111 2434 3298 2500 libris
3342 2439 3601 2499 constat
3644 2454 3810 2517 opus
3852 2434 4110 2519 Pighii:
4174 2455 4448 2519 quorum
4484 2454 4582 2498 sex

2649 2521 2881 2603 primis
2932 2517 3013 2586 de
3056 2520 3261 2586 libero
3313 2519 3584 2586 arbitrio
3629 2519 3949 2602 disputat:
4007 2521 4139 2586 reli
4185 2522 4293 2587 uis
4336 2527 4586 2602 quatuor

2695 2604 3317 2672 raedestinationem
3401 2627 3479 2672 ac
3567 2605 4056 2688 providentiam
4137 2543 4274 2672 {ei
4359 2611 4582 2671 tractat

2649 2628 2876 2774 ¹Quum
2942 2692 3147 2776 igitur
3219 2691 3565 2758 distinctae
3620 2692 3755 2757 sint
3808 2693 4236 2776 quaestiones
4253 2745 4270 2772 ,
4334 2692 4589 2775 priorem

2649 2778 2836 2843 illam
2878 2778 3227 2859 hactenus,
3279 2786 3360 2843 ut
3409 2777 3597 2861 potui
3611 2829 3627 2857 ,
3674 2786 3869 2861 atque
3911 2784 3989 2843 ut
4030 2779 4362 2862 temporis
4401 2775 4590 2843 brevi·

2654 2873 2756 2930 tas
2801 2864 3086 2944 sinebat,
3145 2886 3293 2930 sum
3350 2870 3778 2947 exsequutus:
3834 2863 4115 2930 alterius
4172 2885 4336 2930 vero
4374 2867 4588 2927 tracta-

2651 2951 2900 3015 tionem
2952 2950 3037 3015 ad
3108 2952 3440 3035 proximas
3508 2970 3716 3033 usque
3779 2950 4122 3016 nundinas
4194 2946 4591 3015 differendam

2652 3037 2910 3116 censui;
2965 3037 3118 3120 quia
3169 3044 3239 3102 et
3281 3037 3452 3101 nihil
3490 3046 3591 3101 est
3644 3037 3720 3101 in
3760 3057 3946 3101 mora
3987 3037 4314 3120 periculi,
4359 3043 4423 3100 et
4458 3040 4594 3097 tunc

2652 3121 2897 3201 utilior,
2941 3122 3208 3189 volente
3250 3121 3556 3202 Domine,
3611 3121 3914 3206 prodibit.
4006 3121 4360 3203 Quoniam
4402 3128 4598 3185 tamen

2653 3209 2963 3288 verebar,
3019 3230 3104 3274 ne
3159 3209 3215 3274 si
3258 3206 3507 3275 diutius
3550 3215 3834 3273 tacerem
3852 3259 3868 3287 ,
3929 3208 4361 3292 quorundam
4405 3203 4599 3272 oculos

2652 3292 2937 3379 Pighius
2981 3315 3102 3360 sua
3137 3293 3262 3360 illa
3304 3294 3743 3362 ostentatione
3787 3296 4319 3381 perstringeret,
4362 3294 4480 3359 hoc
4516 3290 4604 3354 in·

2655 3387 2839 3446 terea
2890 3378 3065 3446 edito
3123 3380 3511 3464 specimine,
3569 3387 3639 3445 et
3689 3380 3866 3446 illius
3916 3381 4360 3447 insolentiam
4400 3375 4604 3462 paulu-

2656 3465 2795 3532 lum
2863 3467 3252 3550 reprimere,
3315 3472 3463 3546 [pag.
3504 3472 3653 3546 239]
3724 3474 3790 3532 et
3841 3468 4186 3534 bonorum
4240 3489 4321 3534 ac
4420 3465 4607 3529 iorum

2657 3552 3092 3618 attentionem
3147 3554 3435 3619 excitare
3485 3553 3705 3619 visum
3761 3559 3889 3618 cst:
3951 3560 4028 3617 ut
4085 3553 4263 3619 dum
4407 3566 4608 3614 versus

2654 3638 2855 3704 huius
2898 3637 3206 3724 Cyclopis
3246 3639 3572 3722 impetum
3625 3645 3801 3704 stare
3843 3639 4182 3705 invictam
4217 3638 4356 3706 Dei
4396 3634 4611 3704 veria-

2656 3733 2789 3789 tem
2831 3733 3131 3805 cernunt,
3174 3726 3389 3809 magis
3431 3743 3509 3790 ac
3550 3724 3762 3809 magis
3804 3724 3877 3791 in
3919 3746 3999 3791 ea
4043 3727 4548 3792 confirmentur.

2384 4215 2827 4287 FINISt

4662 6 4864 294 7
