<?xml version="1.0" encoding="UTF-8"?>
<!DOCTYPE html PUBLIC "-//W3C//DTD XHTML 1.0 Transitional//EN"
    "http://www.w3.org/TR/xhtml1/DTD/xhtml1-transitional.dtd">
<html xmlns="http://www.w3.org/1999/xhtml" xml:lang="en" lang="en">
 <head>
  <title>
</title>
<meta http-equiv="Content-Type" content="text/html;charset=utf-8" />
  <meta name='ocr-system' content='tesseract 3.04.00' />
  <meta name='ocr-capabilities' content='ocr_page ocr_carea ocr_par ocr_line ocrx_word'/>
</head>
<body>
  <div class='ocr_page' id='page_1' title='image "./ioanniscalvinio02unkngoog_0086.png"; bbox 0 0 4967 5992; ppageno 0'>
   <div class='ocr_carea' id='block_1_1' title="bbox 549 342 4548 415">
    <p class='ocr_par' dir='ltr' id='par_1_1' title="bbox 549 342 4548 415">
     <span class='ocr_line' id='line_1_1' title="bbox 549 342 4548 415; baseline -0.001 0"><span class='ocrx_word' id='word_1_1' title='bbox 549 355 629 415; x_wconf 86' lang='lat'><strong>95</strong></span> <span class='ocrx_word' id='word_1_2' title='bbox 1854 346 1979 411; x_wconf 80' lang='lat' dir='ltr'><strong>LE</strong></span> <span class='ocrx_word' id='word_1_3' title='bbox 2016 342 2616 413; x_wconf 73' lang='lat' dir='ltr'>GATEOHISME</span> <span class='ocrx_word' id='word_1_4' title='bbox 2654 347 2781 412; x_wconf 80' lang='lat' dir='ltr'><strong>DE</strong></span> <span class='ocrx_word' id='word_1_5' title='bbox 2827 344 3229 412; x_wconf 76' lang='lat' dir='ltr'>GENEVE.</span> <span class='ocrx_word' id='word_1_6' title='bbox 4467 348 4548 411; x_wconf 79' lang='lat'><strong>96</strong></span> 
     </span>
    </p>
   </div>
   <div class='ocr_carea' id='block_1_2' title="bbox 545 534 2497 891">
    <p class='ocr_par' dir='ltr' id='par_1_2' title="bbox 545 534 2497 891">
     <span class='ocr_line' id='line_1_2' title="bbox 545 534 2496 620; baseline -0.003 -15"><span class='ocrx_word' id='word_1_7' title='bbox 545 560 713 605; x_wconf 90' lang='lat' dir='ltr'><strong>nous</strong></span> <span class='ocrx_word' id='word_1_8' title='bbox 754 536 1066 620; x_wconf 85' lang='lat' dir='ltr'><strong>enseigne</strong></span> <span class='ocrx_word' id='word_1_9' title='bbox 1101 536 1182 602; x_wconf 93' lang='lat' dir='ltr'><strong>de</strong></span> <span class='ocrx_word' id='word_1_10' title='bbox 1224 534 1404 619; x_wconf 89' lang='lat' dir='ltr'><strong>prier</strong></span> <span class='ocrx_word' id='word_1_11' title='bbox 1449 555 1532 600; x_wconf 90' lang='lat' dir='ltr'><strong>en</strong></span> <span class='ocrx_word' id='word_1_12' title='bbox 1575 555 1912 614; x_wconf 92' lang='lat' dir='ltr'><strong>commun,</strong></span> <span class='ocrx_word' id='word_1_13' title='bbox 1956 553 2124 618; x_wconf 91' lang='lat' dir='ltr'><strong>pour</strong></span> <span class='ocrx_word' id='word_1_14' title='bbox 2165 553 2336 599; x_wconf 86' lang='lat' dir='ltr'><strong>nous</strong></span> <span class='ocrx_word' id='word_1_15' title='bbox 2380 534 2496 600; x_wconf 90' lang='lat' dir='ltr'><strong>ad-</strong></span> 
     </span>
     <span class='ocr_line' id='line_1_3' title="bbox 546 619 2497 705; baseline -0.003 -14"><span class='ocrx_word' id='word_1_16' title='bbox 546 631 879 691; x_wconf 88' lang='lat' dir='ltr'><strong>monester</strong></span> <span class='ocrx_word' id='word_1_17' title='bbox 934 642 1061 705; x_wconf 91' lang='lat' dir='ltr'><strong>que</strong></span> <span class='ocrx_word' id='word_1_18' title='bbox 1114 642 1281 687; x_wconf 90' lang='lat' dir='ltr'><strong>nous</strong></span> <span class='ocrx_word' id='word_1_19' title='bbox 1339 620 1587 688; x_wconf 83' lang='lat' dir='ltr'><strong>devons</strong></span> <span class='ocrx_word' id='word_1_20' title='bbox 1645 640 1914 686; x_wconf 84' lang='lat' dir='ltr'><strong>exercer</strong></span> <span class='ocrx_word' id='word_1_21' title='bbox 1966 628 2187 685; x_wconf 86' lang='lat' dir='ltr'><strong>nostre</strong></span> <span class='ocrx_word' id='word_1_22' title='bbox 2243 619 2497 686; x_wconf 84' lang='lat' dir='ltr'><strong>charite</strong></span> 
     </span>
     <span class='ocr_line' id='line_1_4' title="bbox 547 705 2497 792; baseline -0.004 -15"><span class='ocrx_word' id='word_1_23' title='bbox 547 731 785 777; x_wconf 78' lang='lat' dir='ltr'>envers</span> <span class='ocrx_word' id='word_1_24' title='bbox 827 730 973 773; x_wconf 74' lang='grc'><strong>666.</strong></span> <span class='ocrx_word' id='word_1_25' title='bbox 996 706 1347 792; x_wconf 87' lang='grc'><strong>6166116166</strong></span> <span class='ocrx_word' id='word_1_26' title='bbox 1391 727 1477 771; x_wconf 90' lang='grc'><strong>66</strong></span> <span class='ocrx_word' id='word_1_27' title='bbox 1518 707 1766 789; x_wconf 86' lang='grc'><strong>611666;</strong></span> <span class='ocrx_word' id='word_1_28' title='bbox 1824 711 1893 771; x_wconf 89' lang='grc'><strong>66</strong></span> <span class='ocrx_word' id='word_1_29' title='bbox 1948 727 2080 771; x_wconf 90' lang='grc'><strong>666</strong></span> <span class='ocrx_word' id='word_1_30' title='bbox 2123 722 2241 790; x_wconf 87' lang='grc'><strong>666</strong></span> <span class='ocrx_word' id='word_1_31' title='bbox 2284 705 2497 771; x_wconf 90' lang='lat' dir='ltr'><strong>seule-</strong></span> 
     </span>
     <span class='ocr_line' id='line_1_5' title="bbox 546 792 2294 891; baseline -0.005 -28"><span class='ocrx_word' id='word_1_32' title='bbox 546 802 735 863; x_wconf 88' lang='lat' dir='ltr'><strong>ment</strong></span> <span class='ocrx_word' id='word_1_33' title='bbox 778 795 963 861; x_wconf 86' lang='lat' dir='ltr'><strong>avoir</strong></span> <span class='ocrx_word' id='word_1_34' title='bbox 989 795 1068 891; x_wconf 37' lang='lat' dir='ltr'><strong>‘le</strong></span> <span class='ocrx_word' id='word_1_35' title='bbox 1111 795 1303 876; x_wconf 89' lang='lat' dir='ltr'><strong>soing</strong></span> <span class='ocrx_word' id='word_1_36' title='bbox 1345 792 1426 858; x_wconf 94' lang='lat' dir='ltr'><strong>de</strong></span> <span class='ocrx_word' id='word_1_37' title='bbox 1466 813 1651 858; x_wconf 88' lang='lat' dir='ltr'><strong>nous.</strong></span> <span class='ocrx_word' id='word_1_38' title='bbox 2287 824 2294 843; x_wconf 60' lang='grc' dir='ltr'><strong>ι</strong></span> 
     </span>
    </p>
   </div>
   <div class='ocr_carea' id='block_1_3' title="bbox 548 913 2502 2254">
    <p class='ocr_par' dir='ltr' id='par_1_3' title="bbox 548 913 2502 2254">
     <span class='ocr_line' id='line_1_6' title="bbox 1344 913 1703 949; baseline -0.006 0"><span class='ocrx_word' id='word_1_39' title='bbox 1344 914 1411 949; x_wconf 71' lang='lat' dir='ltr'><strong>m</strong></span> <span class='ocrx_word' id='word_1_40' title='bbox 1443 913 1703 949; x_wconf 71' lang='lat' dir='ltr'><strong>mm.</strong></span> 
     </span>
     <span class='ocr_line' id='line_1_7' title="bbox 721 962 2497 1048; baseline -0.003 -16"><span class='ocrx_word' id='word_1_41' title='bbox 721 966 867 1048; x_wconf 81' lang='lat' dir='ltr'><strong>Que</strong></span> <span class='ocrx_word' id='word_1_42' title='bbox 930 965 1113 1032; x_wconf 83' lang='lat' dir='ltr'><strong>veult</strong></span> <span class='ocrx_word' id='word_1_43' title='bbox 1186 962 1325 1030; x_wconf 84' lang='lat' dir='ltr'><strong>dire</strong></span> <span class='ocrx_word' id='word_1_44' title='bbox 1396 970 1569 1030; x_wconf 84' lang='lat' dir='ltr'><strong>ceste</strong></span> <span class='ocrx_word' id='word_1_45' title='bbox 1630 962 1977 1046; x_wconf 84' lang='lat' dir='ltr'><strong>particule,</strong></span> <span class='ocrx_word' id='word_1_46' title='bbox 2043 962 2158 1046; x_wconf 89' lang='lat' dir='ltr'><strong>qui</strong></span> <span class='ocrx_word' id='word_1_47' title='bbox 2232 982 2304 1027; x_wconf 89' lang='grc'><strong>66</strong></span> <span class='ocrx_word' id='word_1_48' title='bbox 2366 980 2497 1026; x_wconf 83' lang='lat' dir='ltr'><strong>aux</strong></span> 
     </span>
     <span class='ocr_line' id='line_1_8' title="bbox 550 1052 890 1134; baseline -0.021 -11"><span class='ocrx_word' id='word_1_49' title='bbox 550 1052 804 1123; x_wconf 81' lang='lat' dir='ltr'><strong>Oieux?</strong></span> <span class='ocrx_word' id='word_1_50' title='bbox 842 1052 890 1134; x_wconf 91' lang='lat'><strong>¹)</strong></span> 
     </span>
     <span class='ocr_line' id='line_1_9' title="bbox 1385 1151 1651 1206; baseline -0.011 0"><span class='ocrx_word' id='word_1_51' title='bbox 1385 1151 1651 1206; x_wconf 59' lang='lat' dir='ltr'><strong>durm-</strong></span> 
     </span>
     <span class='ocr_line' id='line_1_10' title="bbox 722 1217 2498 1309; baseline -0.005 -18"><span class='ocrx_word' id='word_1_52' title='bbox 722 1224 903 1291; x_wconf 85' lang='lat' dir='ltr'><strong>O&#39;est</strong></span> <span class='ocrx_word' id='word_1_53' title='bbox 936 1230 1167 1287; x_wconf 79' lang='lat' dir='ltr'><strong>autaut</strong></span> <span class='ocrx_word' id='word_1_54' title='bbox 1198 1241 1450 1288; x_wconf 90' lang='lat' dir='ltr'><strong>comme</strong></span> <span class='ocrx_word' id='word_1_55' title='bbox 1497 1221 1552 1285; x_wconf 89' lang='grc'><strong>61</strong></span> <span class='ocrx_word' id='word_1_56' title='bbox 1591 1219 1653 1284; x_wconf 89' lang='grc'><strong>16</strong></span> <span class='ocrx_word' id='word_1_57' title='bbox 1695 1217 2059 1303; x_wconf 86' lang='grc'><strong>1’666611616</strong></span> <span class='ocrx_word' id='word_1_58' title='bbox 2092 1217 2275 1309; x_wconf 76' lang='lat' dir='ltr'><strong>haut,</strong></span> <span class='ocrx_word' id='word_1_59' title='bbox 2318 1218 2498 1301; x_wconf 86' lang='lat' dir='ltr'><strong>puis-</strong></span> 
     </span>
     <span class='ocr_line' id='line_1_11' title="bbox 551 1305 1411 1392; baseline -0.008 -14"><span class='ocrx_word' id='word_1_60' title='bbox 551 1317 719 1392; x_wconf 88' lang='lat' dir='ltr'><strong>sant‚</strong></span> <span class='ocrx_word' id='word_1_61' title='bbox 763 1305 1411 1391; x_wconf 74' lang='lat' dir='ltr'><strong>incomprehensible.</strong></span> 
     </span>
     <span class='ocr_line' id='line_1_12' title="bbox 1341 1427 1700 1464; baseline -0.011 0"><span class='ocrx_word' id='word_1_62' title='bbox 1341 1429 1409 1463; x_wconf 72' lang='lat' dir='ltr'><strong>m</strong></span> <span class='ocrx_word' id='word_1_63' title='bbox 1442 1427 1700 1464; x_wconf 67' lang='lat' dir='ltr'><strong>mm.</strong></span> 
     </span>
     <span class='ocr_line' id='line_1_13' title="bbox 719 1474 2325 1562; baseline -0.004 -17"><span class='ocrx_word' id='word_1_64' title='bbox 719 1488 837 1562; x_wconf 88' lang='lat' dir='ltr'><strong>[fol.</strong></span> <span class='ocrx_word' id='word_1_65' title='bbox 877 1485 986 1560; x_wconf 81' lang='lat'><strong>48]</strong></span> <span class='ocrx_word' id='word_1_66' title='bbox 1031 1478 1379 1546; x_wconf 87' lang='lat' dir='ltr'><strong>Oomment</strong></span> <span class='ocrx_word' id='word_1_67' title='bbox 1411 1479 1569 1559; x_wconf 87' lang='lat' dir='ltr'><strong>cela,</strong></span> <span class='ocrx_word' id='word_1_68' title='bbox 1615 1483 1684 1542; x_wconf 86' lang='lat' dir='ltr'><strong>et</strong></span> <span class='ocrx_word' id='word_1_69' title='bbox 1724 1496 1895 1561; x_wconf 90' lang='lat' dir='ltr'><strong>pour</strong></span> <span class='ocrx_word' id='word_1_70' title='bbox 1933 1474 2146 1559; x_wconf 86' lang='lat' dir='ltr'><strong>quelle</strong></span> <span class='ocrx_word' id='word_1_71' title='bbox 2186 1474 2325 1541; x_wconf 83' lang='lat' dir='ltr'><strong>fin?</strong></span> 
     </span>
     <span class='ocr_line' id='line_1_14' title="bbox 1377 1579 1903 1635; baseline -0.011 0"><span class='ocrx_word' id='word_1_72' title='bbox 1377 1579 1645 1635; x_wconf 55' lang='lat' dir='ltr'><strong>duran-r.</strong></span> <span class='ocrx_word' id='word_1_73' title='bbox 1900 1628 1903 1629; x_wconf 10' lang='grc' dir='ltr'><em>γ</em></span> 
     </span>
     <span class='ocr_line' id='line_1_15' title="bbox 722 1644 2499 1735; baseline -0.005 -16"><span class='ocrx_word' id='word_1_74' title='bbox 722 1653 881 1719; x_wconf 82' lang='lat' dir='ltr'><strong>Afin</strong></span> <span class='ocrx_word' id='word_1_75' title='bbox 936 1655 1129 1735; x_wconf 88' lang='lat' dir='ltr'><strong>qu’en</strong></span> <span class='ocrx_word' id='word_1_76' title='bbox 1184 1650 1603 1734; x_wconf 86' lang='lat' dir='ltr'><strong>l‘invoquant</strong></span> <span class='ocrx_word' id='word_1_77' title='bbox 1659 1669 1824 1714; x_wconf 90' lang='lat' dir='ltr'><strong>nous</strong></span> <span class='ocrx_word' id='word_1_78' title='bbox 1882 1647 2274 1730; x_wconf 88' lang='lat' dir='ltr'><strong>apprenions</strong></span> <span class='ocrx_word' id='word_1_79' title='bbox 2331 1644 2499 1711; x_wconf 89' lang='lat' dir='ltr'><strong>d&#39;es-</strong></span> 
     </span>
     <span class='ocr_line' id='line_1_16' title="bbox 548 1733 2500 1819; baseline -0.005 -15"><span class='ocrx_word' id='word_1_80' title='bbox 548 1739 736 1806; x_wconf 81' lang='lat' dir='ltr'><strong>lever</strong></span> <span class='ocrx_word' id='word_1_81' title='bbox 777 1759 862 1804; x_wconf 90' lang='lat' dir='ltr'><strong>en</strong></span> <span class='ocrx_word' id='word_1_82' title='bbox 916 1737 1084 1803; x_wconf 86' lang='lat' dir='ltr'><strong>haut</strong></span> <span class='ocrx_word' id='word_1_83' title='bbox 1126 1758 1248 1802; x_wconf 85' lang='lat' dir='ltr'><strong>noz</strong></span> <span class='ocrx_word' id='word_1_84' title='bbox 1292 1742 1591 1819; x_wconf 83' lang='lat' dir='ltr'><strong>pensees‚</strong></span> <span class='ocrx_word' id='word_1_85' title='bbox 1652 1755 1819 1818; x_wconf 89' lang='lat' dir='ltr'><strong>pour</strong></span> <span class='ocrx_word' id='word_1_86' title='bbox 1861 1754 1946 1798; x_wconf 89' lang='lat' dir='ltr'><strong>ne</strong></span> <span class='ocrx_word' id='word_1_87' title='bbox 1988 1733 2132 1798; x_wconf 92' lang='lat' dir='ltr'><strong>rien</strong></span> <span class='ocrx_word' id='word_1_88' title='bbox 2176 1733 2500 1816; x_wconf 77' lang='lat' dir='ltr'><strong>imaginor</strong></span> 
     </span>
     <span class='ocr_line' id='line_1_17' title="bbox 551 1818 2502 1908; baseline -0.005 -18"><span class='ocrx_word' id='word_1_89' title='bbox 551 1825 632 1891; x_wconf 92' lang='lat' dir='ltr'><strong>de</strong></span> <span class='ocrx_word' id='word_1_90' title='bbox 696 1824 815 1908; x_wconf 81' lang='lat' dir='ltr'><strong>luy</strong></span> <span class='ocrx_word' id='word_1_91' title='bbox 879 1823 1147 1888; x_wconf 88' lang='grc'><strong>61161661</strong></span> <span class='ocrx_word' id='word_1_92' title='bbox 1210 1843 1295 1887; x_wconf 91' lang='grc'><strong>66</strong></span> <span class='ocrx_word' id='word_1_93' title='bbox 1357 1821 1632 1886; x_wconf 85' lang='grc'><strong>6611166;</strong></span> <span class='ocrx_word' id='word_1_94' title='bbox 1710 1828 1779 1885; x_wconf 87' lang='grc'><strong>66</strong></span> <span class='ocrx_word' id='word_1_95' title='bbox 1838 1839 1922 1883; x_wconf 90' lang='grc'><strong>66</strong></span> <span class='ocrx_word' id='word_1_96' title='bbox 1987 1818 2049 1884; x_wconf 99' lang='grc'><strong>16</strong></span> <span class='ocrx_word' id='word_1_97' title='bbox 2104 1837 2403 1883; x_wconf 88' lang='grc'><strong>16666161</strong></span> <span class='ocrx_word' id='word_1_98' title='bbox 2458 1823 2502 1882; x_wconf 76' lang='lat' dir='ltr'><strong>a</strong></span> 
     </span>
     <span class='ocr_line' id='line_1_18' title="bbox 550 1904 2499 1993; baseline -0.004 -17"><span class='ocrx_word' id='word_1_99' title='bbox 550 1918 777 1977; x_wconf 88' lang='lat' dir='ltr'><strong>nostre</strong></span> <span class='ocrx_word' id='word_1_100' title='bbox 833 1909 1312 1993; x_wconf 88' lang='lat' dir='ltr'><strong>apprehension</strong></span> <span class='ocrx_word' id='word_1_101' title='bbox 1325 1958 1341 1986; x_wconf 92' lang='lat'><strong>,</strong></span> <span class='ocrx_word' id='word_1_102' title='bbox 1396 1929 1479 1973; x_wconf 92' lang='lat' dir='ltr'><strong>ne</strong></span> <span class='ocrx_word' id='word_1_103' title='bbox 1534 1904 1962 1972; x_wconf 83' lang='lat' dir='ltr'><strong>l&#39;assubiectir</strong></span> <span class='ocrx_word' id='word_1_104' title='bbox 2017 1912 2060 1971; x_wconf 80' lang='grc'><strong>6</strong></span> <span class='ocrx_word' id='word_1_105' title='bbox 2110 1911 2334 1968; x_wconf 86' lang='grc'><strong>666616</strong></span> <span class='ocrx_word' id='word_1_106' title='bbox 2383 1923 2499 1970; x_wconf 81' lang='lat' dir='ltr'><strong>vo-</strong></span> 
     </span>
     <span class='ocr_line' id='line_1_19' title="bbox 550 1987 2499 2074; baseline -0.004 -13"><span class='ocrx_word' id='word_1_107' title='bbox 550 1996 761 2062; x_wconf 86' lang='lat' dir='ltr'><strong>lunte:</strong></span> <span class='ocrx_word' id='word_1_108' title='bbox 828 1995 994 2061; x_wconf 86' lang='lat' dir='ltr'><strong>mais</strong></span> <span class='ocrx_word' id='word_1_109' title='bbox 1058 1993 1292 2060; x_wconf 86' lang='lat' dir='ltr'><strong>adorer</strong></span> <span class='ocrx_word' id='word_1_110' title='bbox 1356 2014 1441 2058; x_wconf 88' lang='grc'><strong>66</strong></span> <span class='ocrx_word' id='word_1_111' title='bbox 1505 1991 1809 2058; x_wconf 83' lang='grc'><strong>1161611166</strong></span> <span class='ocrx_word' id='word_1_112' title='bbox 1875 2011 1949 2056; x_wconf 90' lang='grc'><strong>66</strong></span> <span class='ocrx_word' id='word_1_113' title='bbox 2010 1989 2286 2056; x_wconf 83' lang='grc'><strong>16616666</strong></span> <span class='ocrx_word' id='word_1_114' title='bbox 2357 1987 2499 2074; x_wconf 87' lang='lat' dir='ltr'><strong>glo-</strong></span> 
     </span>
     <span class='ocr_line' id='line_1_20' title="bbox 550 2077 2502 2173; baseline -0.005 -25"><span class='ocrx_word' id='word_1_115' title='bbox 550 2082 796 2148; x_wconf 87' lang='lat' dir='ltr'><strong>rieuse:</strong></span> <span class='ocrx_word' id='word_1_116' title='bbox 824 2091 919 2173; x_wconf 68' lang='grc'><strong>166</strong></span> <span class='ocrx_word' id='word_1_117' title='bbox 958 2081 1132 2147; x_wconf 88' lang='grc'><strong>66661</strong></span> <span class='ocrx_word' id='word_1_118' title='bbox 1174 2100 1341 2163; x_wconf 89' lang='grc'><strong>6661</strong></span> <span class='ocrx_word' id='word_1_119' title='bbox 1393 2079 1576 2144; x_wconf 83' lang='lat' dir='ltr'><strong>avoir</strong></span> <span class='ocrx_word' id='word_1_120' title='bbox 1628 2078 1781 2163; x_wconf 88' lang='grc'><strong>6166</strong></span> <span class='ocrx_word' id='word_1_121' title='bbox 1833 2077 2127 2143; x_wconf 87' lang='grc'><strong>66166166</strong></span> <span class='ocrx_word' id='word_1_122' title='bbox 2161 2077 2371 2143; x_wconf 86' lang='lat' dir='ltr'><strong>fiance</strong></span> <span class='ocrx_word' id='word_1_123' title='bbox 2414 2095 2502 2140; x_wconf 94' lang='lat' dir='ltr'><strong>en</strong></span> 
     </span>
     <span class='ocr_line' id='line_1_21' title="bbox 550 2159 2496 2254; baseline -0.003 -22"><span class='ocrx_word' id='word_1_124' title='bbox 550 2167 689 2254; x_wconf 80' lang='lat' dir='ltr'><strong>luy,</strong></span> <span class='ocrx_word' id='word_1_125' title='bbox 734 2175 962 2233; x_wconf 86' lang='lat' dir='ltr'><strong>entant</strong></span> <span class='ocrx_word' id='word_1_126' title='bbox 1003 2165 1158 2251; x_wconf 91' lang='lat' dir='ltr'><strong>qu’il</strong></span> <span class='ocrx_word' id='word_1_127' title='bbox 1200 2173 1301 2233; x_wconf 89' lang='lat' dir='ltr'><strong>est</strong></span> <span class='ocrx_word' id='word_1_128' title='bbox 1335 2164 1774 2231; x_wconf 81' lang='lat' dir='ltr'><strong>Gouverneur</strong></span> <span class='ocrx_word' id='word_1_129' title='bbox 1808 2169 1877 2228; x_wconf 88' lang='lat' dir='ltr'><strong>et</strong></span> <span class='ocrx_word' id='word_1_130' title='bbox 1909 2163 2186 2237; x_wconf 84' lang='lat' dir='ltr'><strong>Maistre</strong></span> <span class='ocrx_word' id='word_1_131' title='bbox 2222 2159 2303 2227; x_wconf 90' lang='lat' dir='ltr'><strong>de</strong></span> <span class='ocrx_word' id='word_1_132' title='bbox 2336 2170 2496 2227; x_wconf 85' lang='lat' dir='ltr'><strong>tout.</strong></span> 
     </span>
    </p>
   </div>
   <div class='ocr_carea' id='block_1_4' title="bbox 547 2504 2502 3170">
    <p class='ocr_par' dir='ltr' id='par_1_4' title="bbox 547 2504 2502 3170">
     <span class='ocr_line' id='line_1_22' title="bbox 1313 2504 1738 2572; baseline -0.005 -12"><span class='ocrx_word' id='word_1_133' title='bbox 1313 2526 1381 2560; x_wconf 71' lang='grc'><strong>66</strong></span> <span class='ocrx_word' id='word_1_134' title='bbox 1415 2524 1673 2559; x_wconf 63' lang='lat' dir='ltr'><strong>umisa-nn.</strong></span> <span class='ocrx_word' id='word_1_135' title='bbox 1685 2504 1738 2572; x_wconf 75' lang='lat'><strong>²)</strong></span> 
     </span>
     <span class='ocr_line' id='line_1_23' title="bbox 720 2570 2302 2662; baseline -0.006 -16"><span class='ocrx_word' id='word_1_136' title='bbox 720 2580 987 2662; x_wconf 82' lang='lat' dir='ltr'><strong>Expose</strong></span> <span class='ocrx_word' id='word_1_137' title='bbox 1029 2578 1446 2642; x_wconf 83' lang='lat' dir='ltr'><strong>maintenant</strong></span> <span class='ocrx_word' id='word_1_138' title='bbox 1483 2573 1552 2640; x_wconf 97' lang='grc'><strong>16</strong></span> <span class='ocrx_word' id='word_1_139' title='bbox 1592 2573 1916 2657; x_wconf 85' lang='lat' dir='ltr'><strong>premiere</strong></span> <span class='ocrx_word' id='word_1_140' title='bbox 1961 2570 2302 2641; x_wconf 86' lang='lat' dir='ltr'><strong>demande.</strong></span> 
     </span>
     <span class='ocr_line' id='line_1_24' title="bbox 1393 2675 1859 2731; baseline 0.002 -1"><span class='ocrx_word' id='word_1_141' title='bbox 1393 2675 1659 2730; x_wconf 59' lang='grc'><strong>1316111111.</strong></span> <span class='ocrx_word' id='word_1_142' title='bbox 1855 2726 1859 2731; x_wconf 88' lang='grc'><strong>.</strong></span> 
     </span>
     <span class='ocr_line' id='line_1_25' title="bbox 719 2741 2502 2826; baseline -0.003 -11"><span class='ocrx_word' id='word_1_143' title='bbox 719 2751 822 2815; x_wconf 89' lang='lat' dir='ltr'><strong>Le</strong></span> <span class='ocrx_word' id='word_1_144' title='bbox 854 2749 1025 2813; x_wconf 89' lang='lat' dir='ltr'><strong>Nom</strong></span> <span class='ocrx_word' id='word_1_145' title='bbox 1062 2745 1143 2812; x_wconf 94' lang='lat' dir='ltr'><strong>de</strong></span> <span class='ocrx_word' id='word_1_146' title='bbox 1176 2744 1353 2810; x_wconf 90' lang='lat' dir='ltr'><strong>Dieu</strong></span> <span class='ocrx_word' id='word_1_147' title='bbox 1400 2751 1502 2810; x_wconf 88' lang='lat' dir='ltr'><strong>est</strong></span> <span class='ocrx_word' id='word_1_148' title='bbox 1548 2764 1623 2809; x_wconf 90' lang='lat' dir='ltr'><strong>sa</strong></span> <span class='ocrx_word' id='word_1_149' title='bbox 1668 2750 2062 2821; x_wconf 86' lang='lat' dir='ltr'><strong>renommee,</strong></span> <span class='ocrx_word' id='word_1_150' title='bbox 2110 2741 2191 2808; x_wconf 92' lang='lat' dir='ltr'><strong>de</strong></span> <span class='ocrx_word' id='word_1_151' title='bbox 2221 2743 2502 2826; x_wconf 82' lang='lat' dir='ltr'><strong>laquelle</strong></span> 
     </span>
     <span class='ocr_line' id='line_1_26' title="bbox 547 2826 2501 2903; baseline -0.004 0"><span class='ocrx_word' id='word_1_152' title='bbox 547 2837 596 2903; x_wconf 91' lang='lat' dir='ltr'><strong>il</strong></span> <span class='ocrx_word' id='word_1_153' title='bbox 651 2844 752 2902; x_wconf 89' lang='lat' dir='ltr'><strong>est</strong></span> <span class='ocrx_word' id='word_1_154' title='bbox 815 2833 1067 2901; x_wconf 85' lang='lat' dir='ltr'><strong>celebre</strong></span> <span class='ocrx_word' id='word_1_155' title='bbox 1132 2839 1318 2897; x_wconf 81' lang='lat' dir='ltr'><strong>entre</strong></span> <span class='ocrx_word' id='word_1_156' title='bbox 1380 2830 1479 2895; x_wconf 89' lang='lat' dir='ltr'><strong>les</strong></span> <span class='ocrx_word' id='word_1_157' title='bbox 1544 2829 1863 2895; x_wconf 88' lang='lat' dir='ltr'><strong>hommes.</strong></span> <span class='ocrx_word' id='word_1_158' title='bbox 1924 2828 2144 2894; x_wconf 68' lang='lat' dir='ltr'><strong>Nous</strong></span> <span class='ocrx_word' id='word_1_159' title='bbox 2207 2826 2501 2896; x_wconf 86' lang='lat' dir='ltr'><strong>desirons</strong></span> 
     </span>
     <span class='ocr_line' id='line_1_27' title="bbox 549 2914 2501 3004; baseline -0.004 -16"><span class='ocrx_word' id='word_1_160' title='bbox 549 2920 716 2988; x_wconf 90' lang='lat' dir='ltr'><strong>donc</strong></span> <span class='ocrx_word' id='word_1_161' title='bbox 759 2941 884 3004; x_wconf 91' lang='lat' dir='ltr'><strong>que</strong></span> <span class='ocrx_word' id='word_1_162' title='bbox 927 2938 1001 2985; x_wconf 85' lang='lat' dir='ltr'><strong>sa</strong></span> <span class='ocrx_word' id='word_1_163' title='bbox 1042 2916 1247 3004; x_wconf 84' lang='lat' dir='ltr'><strong>gleire</strong></span> <span class='ocrx_word' id='word_1_164' title='bbox 1292 2916 1420 2983; x_wconf 90' lang='lat' dir='ltr'><strong>soit</strong></span> <span class='ocrx_word' id='word_1_165' title='bbox 1469 2914 1725 2980; x_wconf 82' lang='lat' dir='ltr'><strong>exalt-ee</strong></span> <span class='ocrx_word' id='word_1_166' title='bbox 1766 2936 1888 2998; x_wconf 87' lang='lat' dir='ltr'><strong>par</strong></span> <span class='ocrx_word' id='word_1_167' title='bbox 1930 2919 2076 2980; x_wconf 85' lang='lat' dir='ltr'><strong>tout</strong></span> <span class='ocrx_word' id='word_1_168' title='bbox 2117 2920 2186 2981; x_wconf 86' lang='lat' dir='ltr'><strong>et</strong></span> <span class='ocrx_word' id='word_1_169' title='bbox 2227 2935 2311 2980; x_wconf 91' lang='lat' dir='ltr'><strong>en</strong></span> <span class='ocrx_word' id='word_1_170' title='bbox 2354 2922 2501 2981; x_wconf 86' lang='lat' dir='ltr'><strong>tou-</strong></span> 
     </span>
     <span class='ocr_line' id='line_1_28' title="bbox 549 3007 944 3075; baseline -0.015 1"><span class='ocrx_word' id='word_1_171' title='bbox 549 3013 651 3075; x_wconf 86' lang='lat' dir='ltr'><strong>tes</strong></span> <span class='ocrx_word' id='word_1_172' title='bbox 694 3007 944 3073; x_wconf 86' lang='lat' dir='ltr'><strong>choses.</strong></span> 
     </span>
     <span class='ocr_line' id='line_1_29' title="bbox 1355 3122 1787 3170; baseline -0.009 -12"><span class='ocrx_word' id='word_1_173' title='bbox 1355 3124 1422 3158; x_wconf 72' lang='grc'><strong>66</strong></span> <span class='ocrx_word' id='word_1_174' title='bbox 1455 3122 1714 3170; x_wconf 73' lang='lat' dir='ltr'><strong>mmm.</strong></span> <span class='ocrx_word' id='word_1_175' title='bbox 1782 3142 1787 3149; x_wconf 79' lang='grc'><strong>-</strong></span> 
     </span>
    </p>
   </div>
   <div class='ocr_carea' id='block_1_5' title="bbox 709 3170 2498 3258">
    <p class='ocr_par' dir='ltr' id='par_1_5' title="bbox 709 3170 2498 3258">
     <span class='ocr_line' id='line_1_30' title="bbox 709 3170 2498 3258; baseline -0.004 -15"><span class='ocrx_word' id='word_1_176' title='bbox 709 3177 1108 3255; x_wconf 60' lang='grc' dir='ltr'><strong>,Ε116666-611</strong></span> <span class='ocrx_word' id='word_1_177' title='bbox 1147 3172 1382 3258; x_wconf 89' lang='grc'><strong>66’6116</strong></span> <span class='ocrx_word' id='word_1_178' title='bbox 1422 3173 1645 3256; x_wconf 86' lang='lat' dir='ltr'><strong>puisse</strong></span> <span class='ocrx_word' id='word_1_179' title='bbox 1687 3172 1957 3240; x_wconf 87' lang='grc'><strong>61616616</strong></span> <span class='ocrx_word' id='word_1_180' title='bbox 1998 3192 2082 3238; x_wconf 90' lang='grc'><strong>66</strong></span> <span class='ocrx_word' id='word_1_181' title='bbox 2126 3170 2498 3238; x_wconf 80' lang='lat' dir='ltr'><strong>diminuer?</strong></span> 
     </span>
    </p>
   </div>
   <div class='ocr_carea' id='block_1_6' title="bbox 548 3360 2503 4889">
    <p class='ocr_par' dir='ltr' id='par_1_6' title="bbox 1390 3360 1654 3416">
     <span class='ocr_line' id='line_1_31' title="bbox 1390 3360 1654 3416; baseline 0 0"><span class='ocrx_word' id='word_1_182' title='bbox 1390 3360 1654 3416; x_wconf 59' lang='lat' dir='ltr'><strong>dmm-r.</strong></span> 
     </span>
    </p>

    <p class='ocr_par' dir='ltr' id='par_1_7' title="bbox 548 3428 2502 3859">
     <span class='ocr_line' id='line_1_32' title="bbox 717 3428 2502 3516; baseline -0.003 -17"><span class='ocrx_word' id='word_1_183' title='bbox 717 3434 875 3500; x_wconf 89' lang='lat' dir='ltr'><strong>Non</strong></span> <span class='ocrx_word' id='word_1_184' title='bbox 938 3454 1056 3516; x_wconf 83' lang='lat' dir='ltr'><strong>pas</strong></span> <span class='ocrx_word' id='word_1_185' title='bbox 1115 3452 1199 3497; x_wconf 92' lang='lat' dir='ltr'><strong>en</strong></span> <span class='ocrx_word' id='word_1_186' title='bbox 1264 3451 1383 3515; x_wconf 78' lang='lat' dir='ltr'><strong>soy</strong></span> <span class='ocrx_word' id='word_1_187' title='bbox 1443 3451 1707 3496; x_wconf 88' lang='lat' dir='ltr'><strong>mesme.</strong></span> <span class='ocrx_word' id='word_1_188' title='bbox 1795 3430 1970 3496; x_wconf 83' lang='lat' dir='ltr'><strong>Mais</strong></span> <span class='ocrx_word' id='word_1_189' title='bbox 2034 3435 2192 3497; x_wconf 87' lang='lat' dir='ltr'><strong>c&#39;est</strong></span> <span class='ocrx_word' id='word_1_190' title='bbox 2255 3436 2298 3495; x_wconf 80' lang='grc'><strong>6</strong></span> <span class='ocrx_word' id='word_1_191' title='bbox 2360 3428 2502 3494; x_wconf 86' lang='lat' dir='ltr'><strong>dire</strong></span> 
     </span>
     <span class='ocr_line' id='line_1_33' title="bbox 550 3515 2501 3605; baseline -0.004 -17"><span class='ocrx_word' id='word_1_192' title='bbox 550 3520 779 3605; x_wconf 89' lang='lat' dir='ltr'><strong>qu&#39;elle</strong></span> <span class='ocrx_word' id='word_1_193' title='bbox 822 3519 953 3586; x_wconf 88' lang='lat' dir='ltr'><strong>soit</strong></span> <span class='ocrx_word' id='word_1_194' title='bbox 991 3517 1375 3584; x_wconf 77' lang='lat' dir='ltr'><strong>manifestee</strong></span> <span class='ocrx_word' id='word_1_195' title='bbox 1429 3537 1681 3582; x_wconf 92' lang='lat' dir='ltr'><strong>comme</strong></span> <span class='ocrx_word' id='word_1_196' title='bbox 1723 3516 1848 3582; x_wconf 93' lang='lat' dir='ltr'><strong>elle</strong></span> <span class='ocrx_word' id='word_1_197' title='bbox 1890 3516 2056 3583; x_wconf 88' lang='lat' dir='ltr'><strong>doit:</strong></span> <span class='ocrx_word' id='word_1_198' title='bbox 2114 3522 2183 3581; x_wconf 89' lang='lat' dir='ltr'><strong>et</strong></span> <span class='ocrx_word' id='word_1_199' title='bbox 2222 3515 2501 3599; x_wconf 87' lang='lat' dir='ltr'><strong>quelque</strong></span> 
     </span>
     <span class='ocr_line' id='line_1_34' title="bbox 549 3603 2499 3689; baseline -0.003 -18"><span class='ocrx_word' id='word_1_200' title='bbox 549 3607 746 3673; x_wconf 88' lang='lat' dir='ltr'><strong>chose</strong></span> <span class='ocrx_word' id='word_1_201' title='bbox 790 3626 916 3689; x_wconf 93' lang='lat' dir='ltr'><strong>que</strong></span> <span class='ocrx_word' id='word_1_202' title='bbox 958 3603 1134 3670; x_wconf 91' lang='lat' dir='ltr'><strong>Dieu</strong></span> <span class='ocrx_word' id='word_1_203' title='bbox 1189 3604 1357 3681; x_wconf 84' lang='lat' dir='ltr'><strong>face,</strong></span> <span class='ocrx_word' id='word_1_204' title='bbox 1413 3624 1539 3687; x_wconf 91' lang='lat' dir='ltr'><strong>que</strong></span> <span class='ocrx_word' id='word_1_205' title='bbox 1590 3608 1804 3669; x_wconf 80' lang='lat' dir='ltr'><strong>tontes</strong></span> <span class='ocrx_word' id='word_1_206' title='bbox 1845 3622 1951 3669; x_wconf 88' lang='lat' dir='ltr'><strong>ses</strong></span> <span class='ocrx_word' id='word_1_207' title='bbox 1992 3622 2254 3670; x_wconf 82' lang='lat' dir='ltr'><strong>oeuvres</strong></span> <span class='ocrx_word' id='word_1_208' title='bbox 2297 3621 2499 3685; x_wconf 88' lang='lat' dir='ltr'><strong>appa-</strong></span> 
     </span>
     <span class='ocr_line' id='line_1_35' title="bbox 548 3687 2498 3775; baseline -0.002 -18"><span class='ocrx_word' id='word_1_209' title='bbox 548 3690 830 3758; x_wconf 86' lang='lat' dir='ltr'><strong>roissent</strong></span> <span class='ocrx_word' id='word_1_210' title='bbox 850 3690 1227 3775; x_wconf 86' lang='lat' dir='ltr'><strong>glorieuses,</strong></span> <span class='ocrx_word' id='word_1_211' title='bbox 1262 3709 1511 3755; x_wconf 89' lang='lat' dir='ltr'><strong>comme</strong></span> <span class='ocrx_word' id='word_1_212' title='bbox 1533 3687 1694 3753; x_wconf 89' lang='lat' dir='ltr'><strong>elles</strong></span> <span class='ocrx_word' id='word_1_213' title='bbox 1726 3695 1903 3755; x_wconf 86' lang='lat' dir='ltr'><strong>sont:</strong></span> <span class='ocrx_word' id='word_1_214' title='bbox 1940 3687 2280 3755; x_wconf 80' lang='lat' dir='ltr'><strong>tellement</strong></span> <span class='ocrx_word' id='word_1_215' title='bbox 2299 3687 2498 3771; x_wconf 91' lang='lat' dir='ltr'><strong>qu’en</strong></span> 
     </span>
     <span class='ocr_line' id='line_1_36' title="bbox 548 3772 1580 3859; baseline -0.005 -17"><span class='ocrx_word' id='word_1_216' title='bbox 548 3783 766 3844; x_wconf 88' lang='lat' dir='ltr'><strong>toutes</strong></span> <span class='ocrx_word' id='word_1_217' title='bbox 805 3782 1013 3843; x_wconf 82' lang='lat' dir='ltr'><strong>sortes</strong></span> <span class='ocrx_word' id='word_1_218' title='bbox 1055 3776 1104 3840; x_wconf 91' lang='lat' dir='ltr'><strong>il</strong></span> <span class='ocrx_word' id='word_1_219' title='bbox 1145 3775 1273 3841; x_wconf 88' lang='lat' dir='ltr'><strong>soit</strong></span> <span class='ocrx_word' id='word_1_220' title='bbox 1309 3772 1580 3859; x_wconf 81' lang='lat' dir='ltr'><strong>glorifie.</strong></span> 
     </span>
    </p>

    <p class='ocr_par' dir='ltr' id='par_1_8' title="bbox 1350 3893 1708 3930">
     <span class='ocr_line' id='line_1_37' title="bbox 1350 3893 1708 3930; baseline -0.006 0"><span class='ocrx_word' id='word_1_221' title='bbox 1350 3895 1417 3930; x_wconf 71' lang='lat' dir='ltr'><strong>m</strong></span> <span class='ocrx_word' id='word_1_222' title='bbox 1451 3893 1708 3930; x_wconf 71' lang='lat' dir='ltr'><strong>mm.</strong></span> 
     </span>
    </p>

    <p class='ocr_par' dir='ltr' id='par_1_9' title="bbox 722 3942 2496 4028">
     <span class='ocr_line' id='line_1_38' title="bbox 722 3942 2496 4028; baseline -0.001 -16"><span class='ocrx_word' id='word_1_223' title='bbox 722 3947 834 4012; x_wconf 84' lang='lat' dir='ltr'><strong>En</strong></span> <span class='ocrx_word' id='word_1_224' title='bbox 884 3946 954 4011; x_wconf 91' lang='grc'><strong>16</strong></span> <span class='ocrx_word' id='word_1_225' title='bbox 1011 3942 1287 4011; x_wconf 89' lang='lat' dir='ltr'><strong>seconde</strong></span> <span class='ocrx_word' id='word_1_226' title='bbox 1343 3952 1672 4027; x_wconf 89' lang='lat' dir='ltr'><strong>requeste‚</strong></span> <span class='ocrx_word' id='word_1_227' title='bbox 1735 3947 2203 4028; x_wconf 88' lang='lat' dir='ltr'><strong>qu’entens-tu</strong></span> <span class='ocrx_word' id='word_1_228' title='bbox 2258 3964 2378 4028; x_wconf 85' lang='lat' dir='ltr'><strong>par</strong></span> <span class='ocrx_word' id='word_1_229' title='bbox 2432 3943 2496 4010; x_wconf 93' lang='lat' dir='ltr'><strong>le</strong></span> 
     </span>
    </p>

    <p class='ocr_par' dir='ltr' id='par_1_10' title="bbox 548 4029 1661 4185">
     <span class='ocr_line' id='line_1_39' title="bbox 548 4029 1165 4120; baseline -0.011 -20"><span class='ocrx_word' id='word_1_230' title='bbox 548 4030 782 4120; x_wconf 83' lang='lat' dir='ltr'><strong>Re&#39;gne</strong></span> <span class='ocrx_word' id='word_1_231' title='bbox 825 4031 907 4098; x_wconf 92' lang='lat' dir='ltr'><strong>de</strong></span> <span class='ocrx_word' id='word_1_232' title='bbox 947 4029 1165 4098; x_wconf 83' lang='lat' dir='ltr'><strong>Dieu?</strong></span> 
     </span>
     <span class='ocr_line' id='line_1_40' title="bbox 631 4130 1661 4185; baseline 0 0"><span class='ocrx_word' id='word_1_233' title='bbox 631 4145 637 4153; x_wconf 85' lang='lat'>&#39;</span> <span class='ocrx_word' id='word_1_234' title='bbox 1396 4130 1661 4185; x_wconf 71' lang='lat' dir='ltr'><strong>n’rmrm.</strong></span> 
     </span>
    </p>

    <p class='ocr_par' dir='ltr' id='par_1_11' title="bbox 550 4199 2503 4715">
     <span class='ocr_line' id='line_1_41' title="bbox 720 4199 2503 4288; baseline -0.003 -18"><span class='ocrx_word' id='word_1_235' title='bbox 720 4203 783 4269; x_wconf 92' lang='lat'><strong>11</strong></span> <span class='ocrx_word' id='word_1_236' title='bbox 804 4203 1085 4270; x_wconf 87' lang='lat' dir='ltr'><strong>consiste</strong></span> <span class='ocrx_word' id='word_1_237' title='bbox 1118 4201 1663 4288; x_wconf 86' lang='lat' dir='ltr'><strong>principalement</strong></span> <span class='ocrx_word' id='word_1_238' title='bbox 1682 4221 1767 4265; x_wconf 91' lang='lat' dir='ltr'><strong>en</strong></span> <span class='ocrx_word' id='word_1_239' title='bbox 1788 4199 1960 4265; x_wconf 84' lang='lat' dir='ltr'><strong>deux</strong></span> <span class='ocrx_word' id='word_1_240' title='bbox 1995 4201 2268 4283; x_wconf 81' lang='lat' dir='ltr'><strong>poinctz.</strong></span> <span class='ocrx_word' id='word_1_241' title='bbox 2321 4200 2503 4266; x_wconf 85' lang='lat' dir='ltr'><strong>C&#39;est</strong></span> 
     </span>
     <span class='ocr_line' id='line_1_42' title="bbox 551 4287 2500 4372; baseline -0.003 -15"><span class='ocrx_word' id='word_1_242' title='bbox 551 4289 633 4356; x_wconf 87' lang='lat' dir='ltr'><strong>de</strong></span> <span class='ocrx_word' id='word_1_243' title='bbox 674 4289 986 4357; x_wconf 89' lang='lat' dir='ltr'><strong>conduire</strong></span> <span class='ocrx_word' id='word_1_244' title='bbox 1026 4288 1124 4356; x_wconf 88' lang='lat' dir='ltr'><strong>les</strong></span> <span class='ocrx_word' id='word_1_245' title='bbox 1166 4289 1361 4368; x_wconf 88' lang='grc'><strong>61666,</strong></span> <span class='ocrx_word' id='word_1_246' title='bbox 1405 4297 1474 4353; x_wconf 92' lang='grc'><strong>66</strong></span> <span class='ocrx_word' id='word_1_247' title='bbox 1515 4306 1884 4372; x_wconf 80' lang='lat' dir='ltr'><strong>gouverner</strong></span> <span class='ocrx_word' id='word_1_248' title='bbox 1926 4307 2048 4369; x_wconf 85' lang='lat' dir='ltr'><strong>par</strong></span> <span class='ocrx_word' id='word_1_249' title='bbox 2089 4307 2209 4352; x_wconf 89' lang='grc'><strong>666</strong></span> <span class='ocrx_word' id='word_1_250' title='bbox 2241 4287 2500 4370; x_wconf 81' lang='lat' dir='ltr'><strong>Esprit:</strong></span> 
     </span>
     <span class='ocr_line' id='line_1_43' title="bbox 550 4369 2499 4459; baseline -0.003 -19"><span class='ocrx_word' id='word_1_251' title='bbox 550 4395 637 4440; x_wconf 89' lang='lat' dir='ltr'><strong>au</strong></span> <span class='ocrx_word' id='word_1_252' title='bbox 678 4375 1019 4455; x_wconf 85' lang='lat' dir='ltr'><strong>contraire,</strong></span> <span class='ocrx_word' id='word_1_253' title='bbox 1071 4373 1442 4459; x_wconf 78' lang='lat' dir='ltr'><strong>d&#39;abysmer</strong></span> <span class='ocrx_word' id='word_1_254' title='bbox 1480 4386 1552 4439; x_wconf 82' lang='lat' dir='ltr'><strong>et</strong></span> <span class='ocrx_word' id='word_1_255' title='bbox 1593 4369 1943 4438; x_wconf 79' lang='lat' dir='ltr'><strong>confondre</strong></span> <span class='ocrx_word' id='word_1_256' title='bbox 1984 4370 2082 4438; x_wconf 90' lang='lat' dir='ltr'><strong>les</strong></span> <span class='ocrx_word' id='word_1_257' title='bbox 2121 4390 2499 4456; x_wconf 79' lang='lat' dir='ltr'><strong>reprouvez,</strong></span> 
     </span>
     <span class='ocr_line' id='line_1_44' title="bbox 551 4456 2497 4542; baseline -0.001 -18"><span class='ocrx_word' id='word_1_258' title='bbox 551 4460 667 4542; x_wconf 88' lang='lat' dir='ltr'><strong>qui</strong></span> <span class='ocrx_word' id='word_1_259' title='bbox 707 4481 792 4525; x_wconf 91' lang='lat' dir='ltr'><strong>ne</strong></span> <span class='ocrx_word' id='word_1_260' title='bbox 835 4481 906 4526; x_wconf 91' lang='lat' dir='ltr'><strong>se</strong></span> <span class='ocrx_word' id='word_1_261' title='bbox 939 4460 1210 4526; x_wconf 82' lang='lat' dir='ltr'><strong>veulent</strong></span> <span class='ocrx_word' id='word_1_262' title='bbox 1250 4459 1487 4527; x_wconf 87' lang='lat' dir='ltr'><strong>rendre</strong></span> <span class='ocrx_word' id='word_1_263' title='bbox 1530 4459 1815 4525; x_wconf 72' lang='lat' dir='ltr'><strong>subiecta</strong></span> <span class='ocrx_word' id='word_1_264' title='bbox 1860 4465 1903 4524; x_wconf 78' lang='grc'><strong>6</strong></span> <span class='ocrx_word' id='word_1_265' title='bbox 1944 4479 2019 4524; x_wconf 87' lang='lat' dir='ltr'><strong>sa</strong></span> <span class='ocrx_word' id='word_1_266' title='bbox 2063 4456 2497 4524; x_wconf 85' lang='lat' dir='ltr'><strong>domination:</strong></span> 
     </span>
     <span class='ocr_line' id='line_1_45' title="bbox 554 4542 2499 4631; baseline 0.001 -22"><span class='ocrx_word' id='word_1_267' title='bbox 554 4550 597 4609; x_wconf 80' lang='grc'><strong>6</strong></span> <span class='ocrx_word' id='word_1_268' title='bbox 636 4545 732 4610; x_wconf 87' lang='lat' dir='ltr'><strong>fin</strong></span> <span class='ocrx_word' id='word_1_269' title='bbox 772 4544 897 4627; x_wconf 87' lang='lat' dir='ltr'><strong>q&#39;ue</strong></span> <span class='ocrx_word' id='word_1_270' title='bbox 945 4545 1330 4613; x_wconf 82' lang='lat' dir='ltr'><strong>clairement</strong></span> <span class='ocrx_word' id='word_1_271' title='bbox 1368 4546 1419 4611; x_wconf 90' lang='lat' dir='ltr'><strong>il</strong></span> <span class='ocrx_word' id='word_1_272' title='bbox 1461 4544 1834 4631; x_wconf 88' lang='lat' dir='ltr'><strong>apparoisse</strong></span> <span class='ocrx_word' id='word_1_273' title='bbox 1877 4542 2037 4628; x_wconf 89' lang='lat' dir='ltr'><strong>qu&#39;il</strong></span> <span class='ocrx_word' id='word_1_274' title='bbox 2078 4548 2194 4630; x_wconf 80' lang='lat' dir='ltr'><strong>n&#39;y</strong></span> <span class='ocrx_word' id='word_1_275' title='bbox 2240 4564 2280 4609; x_wconf 90' lang='grc'><strong>6</strong></span> <span class='ocrx_word' id='word_1_276' title='bbox 2319 4542 2499 4610; x_wconf 89' lang='grc'><strong>66116</strong></span> 
     </span>
     <span class='ocr_line' id='line_1_46' title="bbox 552 4630 2091 4715; baseline 0 -20"><span class='ocrx_word' id='word_1_277' title='bbox 552 4630 897 4714; x_wconf 88' lang='grc'><strong>661666666</strong></span> <span class='ocrx_word' id='word_1_278' title='bbox 940 4632 1049 4713; x_wconf 91' lang='grc'><strong>661</strong></span> <span class='ocrx_word' id='word_1_279' title='bbox 1090 4634 1308 4715; x_wconf 86' lang='lat' dir='ltr'><strong>puisse</strong></span> <span class='ocrx_word' id='word_1_280' title='bbox 1346 4633 1613 4699; x_wconf 88' lang='lat' dir='ltr'><strong>resister</strong></span> <span class='ocrx_word' id='word_1_281' title='bbox 1656 4639 1699 4698; x_wconf 80' lang='grc'><strong>6</strong></span> <span class='ocrx_word' id='word_1_282' title='bbox 1738 4630 1807 4697; x_wconf 91' lang='grc'><strong>16</strong></span> <span class='ocrx_word' id='word_1_283' title='bbox 1849 4630 2091 4697; x_wconf 87' lang='grc'><strong>616666.</strong></span> 
     </span>
    </p>

    <p class='ocr_par' dir='ltr' id='par_1_12' title="bbox 725 4753 2366 4889">
     <span class='ocr_line' id='line_1_47' title="bbox 1347 4753 1706 4789; baseline -0.003 -1"><span class='ocrx_word' id='word_1_284' title='bbox 1347 4753 1414 4788; x_wconf 63' lang='lat'><strong>13</strong></span> <span class='ocrx_word' id='word_1_285' title='bbox 1446 4754 1706 4789; x_wconf 66' lang='lat' dir='ltr'><strong>mm.</strong></span> 
     </span>
     <span class='ocr_line' id='line_1_48' title="bbox 725 4798 2366 4889; baseline 0.001 -24"><span class='ocrx_word' id='word_1_286' title='bbox 725 4798 1075 4865; x_wconf 84' lang='lat' dir='ltr'><strong>Comment</strong></span> <span class='ocrx_word' id='word_1_287' title='bbox 1113 4801 1395 4884; x_wconf 85' lang='lat' dir='ltr'><strong>pries-tu</strong></span> <span class='ocrx_word' id='word_1_288' title='bbox 1436 4824 1561 4887; x_wconf 90' lang='lat' dir='ltr'><strong>que</strong></span> <span class='ocrx_word' id='word_1_289' title='bbox 1582 4824 1678 4872; x_wconf 76' lang='lat' dir='ltr'><strong>ce</strong></span> <span class='ocrx_word' id='word_1_290' title='bbox 1719 4804 1953 4889; x_wconf 83' lang='lat' dir='ltr'><strong>Regno</strong></span> <span class='ocrx_word' id='word_1_291' title='bbox 1996 4802 2321 4871; x_wconf 81' lang='lat' dir='ltr'><strong>advienne</strong></span> <span class='ocrx_word' id='word_1_292' title='bbox 2334 4801 2366 4865; x_wconf 76' lang='lat'><strong>⁴?</strong></span> 
     </span>
    </p>
   </div>
   <div class='ocr_carea' id='block_1_7' title="bbox 554 4957 1361 4966">
    <p class='ocr_par' dir='ltr' id='par_1_13' title="bbox 554 4957 1361 4966">
     <span class='ocr_line' id='line_1_49' title="bbox 554 4957 1361 4966; baseline 0 0"><span class='ocrx_word' id='word_1_293' title='bbox 554 4957 1361 4966; x_wconf 95' lang='lat' dir='ltr'><strong> </strong></span> 
     </span>
    </p>
   </div>
   <div class='ocr_carea' id='block_1_8' title="bbox 862 5055 1553 5125">
    <p class='ocr_par' dir='ltr' id='par_1_14' title="bbox 862 5055 1553 5125">
     <span class='ocr_line' id='line_1_50' title="bbox 862 5055 1553 5125; baseline 0.001 -15"><span class='ocrx_word' id='word_1_294' title='bbox 862 5056 920 5125; x_wconf 90' lang='lat'><strong>1)</strong></span> <span class='ocrx_word' id='word_1_295' title='bbox 959 5058 1019 5113; x_wconf 60' lang='lat' dir='ltr'><strong>es</strong></span> <span class='ocrx_word' id='word_1_296' title='bbox 1053 5058 1211 5112; x_wconf 73' lang='lat' dir='ltr'><strong>cim</strong></span> <span class='ocrx_word' id='word_1_297' title='bbox 1247 5055 1384 5112; x_wconf 80' lang='lat'>1548</span> <span class='ocrx_word' id='word_1_298' title='bbox 1415 5059 1553 5112; x_wconf 60' lang='lat' dir='ltr'><strong>aaa.</strong></span> 
     </span>
    </p>
   </div>
   <div class='ocr_carea' id='block_1_9' title="bbox 2541 535 2564 4874">
    <p class='ocr_par' dir='ltr' id='par_1_15' title="bbox 2541 535 2564 4874">
     <span class='ocr_line' id='line_1_51' title="bbox 2541 535 2564 4874; baseline 0 0"><span class='ocrx_word' id='word_1_299' title='bbox 2541 535 2564 4874; x_wconf 95' lang='lat' dir='ltr'><strong> </strong></span> 
     </span>
    </p>
   </div>
   <div class='ocr_carea' id='block_1_10' title="bbox 2598 532 4551 773">
    <p class='ocr_par' dir='ltr' id='par_1_16' title="bbox 2598 532 4551 773">
     <span class='ocr_line' id='line_1_52' title="bbox 2599 532 4550 619; baseline -0.001 -19"><span class='ocrx_word' id='word_1_300' title='bbox 2599 555 2729 619; x_wconf 92' lang='lat' dir='ltr'><strong>quo</strong></span> <span class='ocrx_word' id='word_1_301' title='bbox 2773 556 2892 601; x_wconf 90' lang='lat' dir='ltr'><strong>nos</strong></span> <span class='ocrx_word' id='word_1_302' title='bbox 2949 534 3033 600; x_wconf 89' lang='lat' dir='ltr'><strong>ad</strong></span> <span class='ocrx_word' id='word_1_303' title='bbox 3077 532 3512 601; x_wconf 79' lang='lat' dir='ltr'><strong>exercendam</strong></span> <span class='ocrx_word' id='word_1_304' title='bbox 3569 532 3642 597; x_wconf 92' lang='lat' dir='ltr'><strong>in</strong></span> <span class='ocrx_word' id='word_1_305' title='bbox 3694 533 3999 617; x_wconf 88' lang='lat' dir='ltr'><strong>precibus</strong></span> <span class='ocrx_word' id='word_1_306' title='bbox 4055 534 4397 601; x_wconf 79' lang='lat' dir='ltr'><strong>caritatem</strong></span> <span class='ocrx_word' id='word_1_307' title='bbox 4445 555 4550 600; x_wconf 89' lang='lat' dir='ltr'><strong>as-</strong></span> 
     </span>
     <span class='ocr_line' id='line_1_53' title="bbox 2598 619 4551 773; baseline -0.002 -86"><span class='ocrx_word' id='word_1_308' title='bbox 2598 621 2985 773; x_wconf 44' lang='lat' dir='ltr'><strong>{ffiffmm</strong></span> <span class='ocrx_word' id='word_1_309' title='bbox 3030 641 3153 686; x_wconf 87' lang='grc'><strong>1166</strong></span> <span class='ocrx_word' id='word_1_310' title='bbox 3170 620 3228 704; x_wconf 82' lang='lat'><strong>⁸)</strong></span> <span class='ocrx_word' id='word_1_311' title='bbox 3271 619 3416 687; x_wconf 85' lang='lat' dir='ltr'><strong>aliis</strong></span> <span class='ocrx_word' id='word_1_312' title='bbox 3458 619 3774 703; x_wconf 76' lang='lat' dir='ltr'><strong>neglectis</strong></span> <span class='ocrx_word' id='word_1_313' title='bbox 3790 671 3808 700; x_wconf 92' lang='lat'><em>‚</em></span> <span class='ocrx_word' id='word_1_314' title='bbox 3853 625 4116 686; x_wconf 85' lang='lat' dir='ltr'><strong>tantum</strong></span> <span class='ocrx_word' id='word_1_315' title='bbox 4159 641 4229 687; x_wconf 91' lang='grc'><strong>66</strong></span> <span class='ocrx_word' id='word_1_316' title='bbox 4273 621 4551 704; x_wconf 87' lang='grc'><strong>61116666</strong></span> 
     </span>
    </p>
   </div>
   <div class='ocr_carea' id='block_1_11' title="bbox 2601 913 4546 1389">
    <p class='ocr_par' dir='ltr' id='par_1_17' title="bbox 2602 913 4546 1114">
     <span class='ocr_line' id='line_1_54' title="bbox 2775 913 4546 1046; baseline -0.001 -18"><span class='ocrx_word' id='word_1_317' title='bbox 2775 956 2954 1043; x_wconf 81' lang='lat' dir='ltr'><strong>Quid</strong></span> <span class='ocrx_word' id='word_1_318' title='bbox 3009 962 3133 1031; x_wconf 89' lang='lat' dir='ltr'><strong>sibi</strong></span> <span class='ocrx_word' id='word_1_319' title='bbox 3190 961 3336 1029; x_wconf 80' lang='lat' dir='ltr'><strong>vult</strong></span> <span class='ocrx_word' id='word_1_320' title='bbox 3382 913 3870 1046; x_wconf 54' lang='lat' dir='ltr'><strong>qu’ssfamffim</strong></span> <span class='ocrx_word' id='word_1_321' title='bbox 3910 961 4265 1046; x_wconf 86' lang='lat' dir='ltr'><strong>particula,</strong></span> <span class='ocrx_word' id='word_1_322' title='bbox 4325 959 4546 1028; x_wconf 89' lang='lat' dir='ltr'><strong>Deum</strong></span> 
     </span>
     <span class='ocr_line' id='line_1_55' title="bbox 2602 1046 3144 1114; baseline -0.007 0"><span class='ocrx_word' id='word_1_323' title='bbox 2602 1069 2747 1114; x_wconf 86' lang='lat' dir='ltr'><strong>esse</strong></span> <span class='ocrx_word' id='word_1_324' title='bbox 2790 1049 2858 1113; x_wconf 91' lang='lat' dir='ltr'><strong>in</strong></span> <span class='ocrx_word' id='word_1_325' title='bbox 2902 1046 3097 1114; x_wconf 89' lang='grc'><strong>666116</strong></span> <span class='ocrx_word' id='word_1_326' title='bbox 3111 1046 3144 1110; x_wconf 78' lang='lat'><strong>⁴?</strong></span> 
     </span>
    </p>

    <p class='ocr_par' dir='ltr' id='par_1_18' title="bbox 2601 1167 4544 1389">
     <span class='ocr_line' id='line_1_56' title="bbox 2771 1167 4544 1302; baseline 0 -18"><span class='ocrx_word' id='word_1_327' title='bbox 2771 1217 3060 1284; x_wconf 88' lang='lat' dir='ltr'><strong>Perinde</strong></span> <span class='ocrx_word' id='word_1_328' title='bbox 3102 1226 3231 1297; x_wconf 91' lang='grc'><strong>666,</strong></span> <span class='ocrx_word' id='word_1_329' title='bbox 3279 1237 3354 1284; x_wconf 87' lang='grc'><strong>66</strong></span> <span class='ocrx_word' id='word_1_330' title='bbox 3398 1217 3456 1283; x_wconf 90' lang='grc'><strong>61</strong></span> <span class='ocrx_word' id='word_1_331' title='bbox 3498 1167 3850 1298; x_wconf 48' lang='grc'><strong>3161616616,</strong></span> <span class='ocrx_word' id='word_1_332' title='bbox 3894 1223 4246 1302; x_wconf 82' lang='lat' dir='ltr'><strong>potentem,</strong></span> <span class='ocrx_word' id='word_1_333' title='bbox 4291 1218 4544 1284; x_wconf 87' lang='lat' dir='ltr'><strong>incom-</strong></span> 
     </span>
     <span class='ocr_line' id='line_1_57' title="bbox 2601 1303 3728 1389; baseline 0 -19"><span class='ocrx_word' id='word_1_334' title='bbox 2601 1303 3103 1389; x_wconf 87' lang='lat' dir='ltr'><strong>prehensibilem</strong></span> <span class='ocrx_word' id='word_1_335' title='bbox 3150 1324 3451 1370; x_wconf 82' lang='lat' dir='ltr'><strong>vocarem</strong></span> <span class='ocrx_word' id='word_1_336' title='bbox 3491 1304 3728 1387; x_wconf 84' lang='lat' dir='ltr'><strong>ipsum.</strong></span> 
     </span>
    </p>
   </div>
   <div class='ocr_carea' id='block_1_12' title="bbox 2602 1425 4556 2558">
    <p class='ocr_par' dir='ltr' id='par_1_19' title="bbox 2781 1425 4184 1615">
     <span class='ocr_line' id='line_1_58' title="bbox 3443 1425 3706 1460; baseline -0.004 0"><span class='ocrx_word' id='word_1_337' title='bbox 3443 1425 3706 1460; x_wconf 69' lang='lat' dir='ltr'><strong>mm·</strong></span> 
     </span>
     <span class='ocr_line' id='line_1_59' title="bbox 2781 1472 4184 1558; baseline -0.001 -19"><span class='ocrx_word' id='word_1_338' title='bbox 2781 1481 2895 1555; x_wconf 87' lang='lat' dir='ltr'><strong>[fol.</strong></span> <span class='ocrx_word' id='word_1_339' title='bbox 2945 1481 3050 1555; x_wconf 84' lang='lat'><strong>59]</strong></span> <span class='ocrx_word' id='word_1_340' title='bbox 3099 1472 3430 1556; x_wconf 81' lang='lat' dir='ltr'><strong>Quorsum</strong></span> <span class='ocrx_word' id='word_1_341' title='bbox 3474 1473 3561 1552; x_wconf 87' lang='lat' dir='ltr'><strong>id,</strong></span> <span class='ocrx_word' id='word_1_342' title='bbox 3607 1480 3676 1541; x_wconf 92' lang='grc'><strong>66</strong></span> <span class='ocrx_word' id='word_1_343' title='bbox 3718 1493 3850 1558; x_wconf 87' lang='grc'><strong>666</strong></span> <span class='ocrx_word' id='word_1_344' title='bbox 3889 1474 4184 1540; x_wconf 81' lang='lat' dir='ltr'><strong>ratione?</strong></span> 
     </span>
     <span class='ocr_line' id='line_1_60' title="bbox 3500 1579 3652 1615; baseline 0.013 -2"><span class='ocrx_word' id='word_1_345' title='bbox 3500 1579 3652 1615; x_wconf 60' lang='grc' dir='ltr'><em>ΓΒΕΖ·</em></span> 
     </span>
    </p>

    <p class='ocr_par' dir='ltr' id='par_1_20' title="bbox 2602 1627 4556 2486">
     <span class='ocr_line' id='line_1_61' title="bbox 2776 1627 4550 1713; baseline 0.001 -20"><span class='ocrx_word' id='word_1_346' title='bbox 2776 1628 3030 1712; x_wconf 88' lang='lat' dir='ltr'><strong>Nempe</strong></span> <span class='ocrx_word' id='word_1_347' title='bbox 3073 1629 3199 1695; x_wconf 90' lang='lat' dir='ltr'><strong>hoc</strong></span> <span class='ocrx_word' id='word_1_348' title='bbox 3251 1627 3444 1695; x_wconf 88' lang='lat' dir='ltr'><strong>modo</strong></span> <span class='ocrx_word' id='word_1_349' title='bbox 3501 1650 3769 1696; x_wconf 88' lang='lat' dir='ltr'><strong>sursum</strong></span> <span class='ocrx_word' id='word_1_350' title='bbox 3821 1635 4103 1709; x_wconf 81' lang='lat' dir='ltr'><strong>mentes,</strong></span> <span class='ocrx_word' id='word_1_351' title='bbox 4160 1649 4366 1713; x_wconf 89' lang='lat' dir='ltr'><strong>quum</strong></span> <span class='ocrx_word' id='word_1_352' title='bbox 4400 1650 4550 1695; x_wconf 87' lang='lat' dir='ltr'><strong>eum</strong></span> 
     </span>
     <span class='ocr_line' id='line_1_62' title="bbox 2603 1714 4550 1799; baseline 0.002 -21"><span class='ocrx_word' id='word_1_353' title='bbox 2603 1715 3002 1793; x_wconf 87' lang='lat' dir='ltr'><strong>invocamus,</strong></span> <span class='ocrx_word' id='word_1_354' title='bbox 3045 1715 3355 1780; x_wconf 90' lang='lat' dir='ltr'><strong>docemur</strong></span> <span class='ocrx_word' id='word_1_355' title='bbox 3386 1716 3657 1799; x_wconf 86' lang='lat' dir='ltr'><strong>erigere,</strong></span> <span class='ocrx_word' id='word_1_356' title='bbox 3691 1736 3779 1780; x_wconf 90' lang='lat' dir='ltr'><strong>ne</strong></span> <span class='ocrx_word' id='word_1_357' title='bbox 3807 1714 3963 1799; x_wconf 90' lang='lat' dir='ltr'><strong>quid</strong></span> <span class='ocrx_word' id='word_1_358' title='bbox 3996 1714 4078 1780; x_wconf 89' lang='lat' dir='ltr'><strong>de</strong></span> <span class='ocrx_word' id='word_1_359' title='bbox 4109 1714 4255 1798; x_wconf 90' lang='lat' dir='ltr'><strong>ipso</strong></span> <span class='ocrx_word' id='word_1_360' title='bbox 4290 1715 4550 1781; x_wconf 88' lang='grc'><strong>6616616</strong></span> 
     </span>
     <span class='ocr_line' id='line_1_63' title="bbox 2605 1798 4550 1886; baseline 0.001 -21"><span class='ocrx_word' id='word_1_361' title='bbox 2605 1808 2720 1865; x_wconf 87' lang='grc'><strong>666</strong></span> <span class='ocrx_word' id='word_1_362' title='bbox 2761 1809 3102 1866; x_wconf 87' lang='grc'><strong>661166616</strong></span> <span class='ocrx_word' id='word_1_363' title='bbox 3157 1801 3543 1886; x_wconf 82' lang='lat' dir='ltr'><strong>cogitemus,</strong></span> <span class='ocrx_word' id='word_1_364' title='bbox 3609 1821 3780 1868; x_wconf 82' lang='lat' dir='ltr'><strong>neve</strong></span> <span class='ocrx_word' id='word_1_365' title='bbox 3837 1821 3989 1866; x_wconf 89' lang='lat' dir='ltr'><strong>eum</strong></span> <span class='ocrx_word' id='word_1_366' title='bbox 4043 1798 4290 1866; x_wconf 89' lang='lat' dir='ltr'><strong>moduli</strong></span> <span class='ocrx_word' id='word_1_367' title='bbox 4344 1802 4550 1867; x_wconf 84' lang='lat' dir='ltr'><strong>nostri</strong></span> 
     </span>
     <span class='ocr_line' id='line_1_64' title="bbox 2604 1884 4550 1971; baseline 0.001 -20"><span class='ocrx_word' id='word_1_368' title='bbox 2604 1886 2957 1951; x_wconf 86' lang='lat' dir='ltr'><strong>metiamur</strong></span> <span class='ocrx_word' id='word_1_369' title='bbox 2991 1893 3216 1970; x_wconf 81' lang='lat' dir='ltr'><strong>captu,</strong></span> <span class='ocrx_word' id='word_1_370' title='bbox 3265 1908 3351 1951; x_wconf 92' lang='lat' dir='ltr'><strong>ne</strong></span> <span class='ocrx_word' id='word_1_371' title='bbox 3396 1885 3712 1953; x_wconf 87' lang='lat' dir='ltr'><strong>humilius</strong></span> <span class='ocrx_word' id='word_1_372' title='bbox 3766 1886 3848 1952; x_wconf 92' lang='lat' dir='ltr'><strong>de</strong></span> <span class='ocrx_word' id='word_1_373' title='bbox 3900 1888 4041 1971; x_wconf 89' lang='lat' dir='ltr'><strong>ipso</strong></span> <span class='ocrx_word' id='word_1_374' title='bbox 4100 1884 4345 1970; x_wconf 86' lang='lat' dir='ltr'><strong>aliquid</strong></span> <span class='ocrx_word' id='word_1_375' title='bbox 4402 1908 4550 1953; x_wconf 89' lang='lat' dir='ltr'><strong>sen-</strong></span> 
     </span>
     <span class='ocr_line' id='line_1_65' title="bbox 2604 1971 4551 2058; baseline 0.001 -22"><span class='ocrx_word' id='word_1_376' title='bbox 2604 1973 2870 2051; x_wconf 87' lang='lat' dir='ltr'><strong>tientes,</strong></span> <span class='ocrx_word' id='word_1_377' title='bbox 2933 1972 3006 2036; x_wconf 91' lang='lat' dir='ltr'><strong>in</strong></span> <span class='ocrx_word' id='word_1_378' title='bbox 3061 1971 3443 2055; x_wconf 87' lang='lat' dir='ltr'><strong>obsequium</strong></span> <span class='ocrx_word' id='word_1_379' title='bbox 3502 1972 3868 2039; x_wconf 81' lang='lat' dir='ltr'><strong>voluntatis</strong></span> <span class='ocrx_word' id='word_1_380' title='bbox 3933 1978 4198 2039; x_wconf 86' lang='lat' dir='ltr'><strong>nostrae</strong></span> <span class='ocrx_word' id='word_1_381' title='bbox 4253 1971 4551 2058; x_wconf 82' lang='lat' dir='ltr'><strong>redigere</strong></span> 
     </span>
     <span class='ocr_line' id='line_1_66' title="bbox 2602 2056 4556 2142; baseline 0.001 -20"><span class='ocrx_word' id='word_1_382' title='bbox 2602 2058 2824 2142; x_wconf 90' lang='lat' dir='ltr'><strong>ipsum</strong></span> <span class='ocrx_word' id='word_1_383' title='bbox 2866 2057 3165 2138; x_wconf 83' lang='lat' dir='ltr'><strong>velimus,</strong></span> <span class='ocrx_word' id='word_1_384' title='bbox 3203 2056 3320 2123; x_wconf 91' lang='lat' dir='ltr'><strong>sed</strong></span> <span class='ocrx_word' id='word_1_385' title='bbox 3360 2059 3578 2141; x_wconf 90' lang='lat' dir='ltr'><strong>potius</strong></span> <span class='ocrx_word' id='word_1_386' title='bbox 3612 2079 3766 2125; x_wconf 91' lang='lat' dir='ltr'><strong>cum</strong></span> <span class='ocrx_word' id='word_1_387' title='bbox 3807 2059 4043 2124; x_wconf 88' lang='lat' dir='ltr'><strong>timore</strong></span> <span class='ocrx_word' id='word_1_388' title='bbox 4085 2064 4154 2124; x_wconf 91' lang='grc'><strong>66</strong></span> <span class='ocrx_word' id='word_1_389' title='bbox 4185 2060 4556 2125; x_wconf 81' lang='lat' dir='ltr'><strong>reverentia</strong></span> 
     </span>
     <span class='ocr_line' id='line_1_67' title="bbox 2605 2142 4553 2229; baseline -0.001 -19"><span class='ocrx_word' id='word_1_390' title='bbox 2605 2145 2939 2227; x_wconf 88' lang='lat' dir='ltr'><strong>suspicere</strong></span> <span class='ocrx_word' id='word_1_391' title='bbox 2984 2142 3311 2211; x_wconf 87' lang='lat' dir='ltr'><strong>discamus</strong></span> <span class='ocrx_word' id='word_1_392' title='bbox 3346 2145 3756 2209; x_wconf 87' lang='lat' dir='ltr'><strong>maiestatem</strong></span> <span class='ocrx_word' id='word_1_393' title='bbox 3799 2144 3942 2211; x_wconf 92' lang='lat' dir='ltr'><strong>eius</strong></span> <span class='ocrx_word' id='word_1_394' title='bbox 3981 2142 4351 2229; x_wconf 86' lang='lat' dir='ltr'><strong>gloriosam.</strong></span> <span class='ocrx_word' id='word_1_395' title='bbox 4417 2143 4553 2209; x_wconf 83' lang='lat' dir='ltr'><strong>Va-</strong></span> 
     </span>
     <span class='ocr_line' id='line_1_68' title="bbox 2602 2228 4554 2312; baseline 0.001 -18"><span class='ocrx_word' id='word_1_396' title='bbox 2602 2228 2698 2295; x_wconf 85' lang='lat' dir='ltr'><strong>let</strong></span> <span class='ocrx_word' id='word_1_397' title='bbox 2732 2229 2931 2295; x_wconf 86' lang='lat' dir='ltr'><strong>etiam</strong></span> <span class='ocrx_word' id='word_1_398' title='bbox 2977 2229 3097 2297; x_wconf 88' lang='lat' dir='ltr'><strong>hoc</strong></span> <span class='ocrx_word' id='word_1_399' title='bbox 3139 2229 3224 2294; x_wconf 88' lang='lat' dir='ltr'><strong>ad</strong></span> <span class='ocrx_word' id='word_1_400' title='bbox 3258 2228 3672 2295; x_wconf 82' lang='lat' dir='ltr'><strong>excitandam</strong></span> <span class='ocrx_word' id='word_1_401' title='bbox 3712 2228 4360 2312; x_wconf 85' lang='lat' dir='ltr'><strong>confirmandamque</strong></span> <span class='ocrx_word' id='word_1_402' title='bbox 4401 2251 4554 2296; x_wconf 84' lang='lat' dir='ltr'><strong>nos-</strong></span> 
     </span>
     <span class='ocr_line' id='line_1_69' title="bbox 2605 2314 4554 2400; baseline 0.001 -20"><span class='ocrx_word' id='word_1_403' title='bbox 2605 2322 2779 2381; x_wconf 86' lang='lat' dir='ltr'><strong>tram</strong></span> <span class='ocrx_word' id='word_1_404' title='bbox 2825 2316 2895 2379; x_wconf 91' lang='lat' dir='ltr'><strong>in</strong></span> <span class='ocrx_word' id='word_1_405' title='bbox 2935 2315 3080 2398; x_wconf 89' lang='lat' dir='ltr'><strong>ipso</strong></span> <span class='ocrx_word' id='word_1_406' title='bbox 3122 2314 3458 2382; x_wconf 87' lang='lat' dir='ltr'><strong>fiduciam:</strong></span> <span class='ocrx_word' id='word_1_407' title='bbox 3506 2315 3664 2380; x_wconf 91' lang='lat' dir='ltr'><strong>dum</strong></span> <span class='ocrx_word' id='word_1_408' title='bbox 3706 2315 3867 2383; x_wconf 87' lang='lat' dir='ltr'><strong>coeli</strong></span> <span class='ocrx_word' id='word_1_409' title='bbox 3912 2314 4215 2381; x_wconf 89' lang='lat' dir='ltr'><strong>dominus</strong></span> <span class='ocrx_word' id='word_1_410' title='bbox 4253 2334 4331 2380; x_wconf 87' lang='grc'><strong>66</strong></span> <span class='ocrx_word' id='word_1_411' title='bbox 4363 2336 4554 2400; x_wconf 86' lang='grc'><strong>6166-</strong></span> 
     </span>
     <span class='ocr_line' id='line_1_70' title="bbox 2606 2399 4358 2486; baseline 0 -19"><span class='ocrx_word' id='word_1_412' title='bbox 2606 2422 2729 2482; x_wconf 86' lang='lat' dir='ltr'><strong>ses,</strong></span> <span class='ocrx_word' id='word_1_413' title='bbox 2774 2403 2884 2484; x_wconf 90' lang='lat' dir='ltr'><strong>qui</strong></span> <span class='ocrx_word' id='word_1_414' title='bbox 2930 2401 3201 2467; x_wconf 83' lang='lat' dir='ltr'><strong>arbitrio</strong></span> <span class='ocrx_word' id='word_1_415' title='bbox 3247 2423 3367 2467; x_wconf 91' lang='lat' dir='ltr'><strong>suo</strong></span> <span class='ocrx_word' id='word_1_416' title='bbox 3412 2411 3602 2486; x_wconf 87' lang='lat' dir='ltr'><strong>regat</strong></span> <span class='ocrx_word' id='word_1_417' title='bbox 3643 2402 3880 2482; x_wconf 88' lang='lat' dir='ltr'><strong>omnia,</strong></span> <span class='ocrx_word' id='word_1_418' title='bbox 3924 2399 4358 2485; x_wconf 88' lang='lat' dir='ltr'><strong>praedicatur.</strong></span> 
     </span>
    </p>

    <p class='ocr_par' dir='ltr' id='par_1_21' title="bbox 3450 2523 3709 2558">
     <span class='ocr_line' id='line_1_71' title="bbox 3450 2523 3709 2558; baseline 0 0"><span class='ocrx_word' id='word_1_419' title='bbox 3450 2523 3709 2558; x_wconf 65' lang='lat' dir='ltr'><strong>mmm</strong></span> 
     </span>
    </p>
   </div>
   <div class='ocr_carea' id='block_1_13' title="bbox 2748 2571 4187 2655">
    <p class='ocr_par' dir='ltr' id='par_1_22' title="bbox 2748 2571 4187 2655">
     <span class='ocr_line' id='line_1_72' title="bbox 2748 2571 4187 2655; baseline 0.001 -18"><span class='ocrx_word' id='word_1_420' title='bbox 2748 2572 3009 2643; x_wconf 79' lang='lat' dir='ltr'><strong>‚Recita</strong></span> <span class='ocrx_word' id='word_1_421' title='bbox 3042 2571 3209 2637; x_wconf 87' lang='lat' dir='ltr'><strong>mihi</strong></span> <span class='ocrx_word' id='word_1_422' title='bbox 3250 2571 3448 2655; x_wconf 89' lang='lat' dir='ltr'><strong>primi</strong></span> <span class='ocrx_word' id='word_1_423' title='bbox 3490 2571 3802 2655; x_wconf 82' lang='lat' dir='ltr'><strong>postulati</strong></span> <span class='ocrx_word' id='word_1_424' title='bbox 3845 2593 4187 2639; x_wconf 81' lang='lat' dir='ltr'><strong>summam,</strong></span> 
     </span>
    </p>
   </div>
   <div class='ocr_carea' id='block_1_14' title="bbox 2606 2694 4557 3000">
    <p class='ocr_par' dir='ltr' id='par_1_23' title="bbox 2606 2694 4557 3000">
     <span class='ocr_line' id='line_1_73' title="bbox 2775 2694 4557 2828; baseline 0.001 -21"><span class='ocrx_word' id='word_1_425' title='bbox 2775 2742 2911 2807; x_wconf 89' lang='lat' dir='ltr'><strong>Per</strong></span> <span class='ocrx_word' id='word_1_426' title='bbox 2963 2763 3204 2808; x_wconf 89' lang='lat' dir='ltr'><strong>nomen</strong></span> <span class='ocrx_word' id='word_1_427' title='bbox 3257 2744 3386 2808; x_wconf 91' lang='lat' dir='ltr'><strong>Dei</strong></span> <span class='ocrx_word' id='word_1_428' title='bbox 3452 2694 3779 2828; x_wconf 51' lang='lat' dir='ltr'><strong>sffiura</strong></span> <span class='ocrx_word' id='word_1_429' title='bbox 3824 2744 4126 2809; x_wconf 85' lang='lat' dir='ltr'><strong>notitiam</strong></span> <span class='ocrx_word' id='word_1_430' title='bbox 4183 2744 4557 2828; x_wconf 77' lang='lat' dir='ltr'><strong>famamque</strong></span> 
     </span>
     <span class='ocr_line' id='line_1_74' title="bbox 2606 2827 4557 2916; baseline 0.002 -23"><span class='ocrx_word' id='word_1_431' title='bbox 2606 2827 2952 2913; x_wconf 86' lang='lat' dir='ltr'><strong>intelligit,</strong></span> <span class='ocrx_word' id='word_1_432' title='bbox 3007 2849 3138 2912; x_wconf 91' lang='lat' dir='ltr'><strong>qua</strong></span> <span class='ocrx_word' id='word_1_433' title='bbox 3189 2829 3366 2894; x_wconf 87' lang='lat' dir='ltr'><strong>inter</strong></span> <span class='ocrx_word' id='word_1_434' title='bbox 3413 2828 3711 2896; x_wconf 88' lang='lat' dir='ltr'><strong>homines</strong></span> <span class='ocrx_word' id='word_1_435' title='bbox 3755 2829 4139 2897; x_wconf 85' lang='lat' dir='ltr'><strong>celebratur.</strong></span> <span class='ocrx_word' id='word_1_436' title='bbox 4230 2827 4557 2916; x_wconf 81' lang='lat' dir='ltr'><strong>Optamus</strong></span> 
     </span>
     <span class='ocr_line' id='line_1_75' title="bbox 2607 2914 4555 3000; baseline 0.002 -21"><span class='ocrx_word' id='word_1_437' title='bbox 2607 2934 2764 2998; x_wconf 83' lang='lat' dir='ltr'><strong>ergo</strong></span> <span class='ocrx_word' id='word_1_438' title='bbox 2796 2920 2871 2979; x_wconf 88' lang='grc'><strong>116</strong></span> <span class='ocrx_word' id='word_1_439' title='bbox 2904 2914 3046 2979; x_wconf 87' lang='grc'><strong>6166</strong></span> <span class='ocrx_word' id='word_1_440' title='bbox 3077 2914 3287 2999; x_wconf 87' lang='lat' dir='ltr'><strong>gloria</strong></span> <span class='ocrx_word' id='word_1_441' title='bbox 3318 2915 3557 2998; x_wconf 89' lang='lat' dir='ltr'><strong>ubique</strong></span> <span class='ocrx_word' id='word_1_442' title='bbox 3591 2922 3660 2982; x_wconf 88' lang='lat' dir='ltr'><strong>et</strong></span> <span class='ocrx_word' id='word_1_443' title='bbox 3690 2916 3764 2982; x_wconf 91' lang='lat' dir='ltr'><strong>in</strong></span> <span class='ocrx_word' id='word_1_444' title='bbox 3795 2914 4098 2983; x_wconf 89' lang='lat' dir='ltr'><strong>omnibus</strong></span> <span class='ocrx_word' id='word_1_445' title='bbox 4130 2915 4555 3000; x_wconf 82' lang='lat' dir='ltr'><strong>provehatur.</strong></span> 
     </span>
    </p>
   </div>
   <div class='ocr_carea' id='block_1_15' title="bbox 2598 3121 4593 4627">
    <p class='ocr_par' dir='ltr' id='par_1_24' title="bbox 2605 3121 4560 3325">
     <span class='ocr_line' id='line_1_76' title="bbox 2777 3121 4560 3259; baseline 0.003 -23"><span class='ocrx_word' id='word_1_446' title='bbox 2777 3170 3052 3253; x_wconf 84' lang='lat' dir='ltr'><strong>Verum,</strong></span> <span class='ocrx_word' id='word_1_447' title='bbox 3094 3121 3875 3257; x_wconf 47' lang='grc' dir='ltr'><strong>6666ἁ6166ἕτ6η611ῗ66616</strong></span> <span class='ocrx_word' id='word_1_448' title='bbox 3905 3170 4005 3238; x_wconf 88' lang='grc'><strong>1111</strong></span> <span class='ocrx_word' id='word_1_449' title='bbox 4034 3179 4252 3258; x_wconf 86' lang='grc'><strong>666666</strong></span> <span class='ocrx_word' id='word_1_450' title='bbox 4283 3173 4560 3259; x_wconf 85' lang='lat' dir='ltr'><strong>gloriae,</strong></span> 
     </span>
     <span class='ocr_line' id='line_1_77' title="bbox 2605 3256 3116 3325; baseline -0.002 -1"><span class='ocrx_word' id='word_1_451' title='bbox 2605 3264 2726 3324; x_wconf 87' lang='lat' dir='ltr'><strong>aut</strong></span> <span class='ocrx_word' id='word_1_452' title='bbox 2759 3256 3116 3325; x_wconf 83' lang='lat' dir='ltr'><strong>decedere?</strong></span> 
     </span>
    </p>

    <p class='ocr_par' dir='ltr' id='par_1_25' title="bbox 2604 3379 4573 3687">
     <span class='ocr_line' id='line_1_78' title="bbox 2776 3379 4570 3516; baseline 0.003 -21"><span class='ocrx_word' id='word_1_453' title='bbox 2776 3429 2864 3495; x_wconf 90' lang='lat' dir='ltr'><strong>In</strong></span> <span class='ocrx_word' id='word_1_454' title='bbox 2906 3451 2978 3496; x_wconf 87' lang='grc'><strong>66</strong></span> <span class='ocrx_word' id='word_1_455' title='bbox 3022 3431 3169 3516; x_wconf 89' lang='grc'><strong>1666</strong></span> <span class='ocrx_word' id='word_1_456' title='bbox 3209 3450 3331 3496; x_wconf 90' lang='grc'><strong>666</strong></span> <span class='ocrx_word' id='word_1_457' title='bbox 3374 3379 3656 3511; x_wconf 36' lang='lat' dir='ltr'><strong>crescit?</strong></span> <span class='ocrx_word' id='word_1_458' title='bbox 3695 3451 3816 3496; x_wconf 90' lang='lat' dir='ltr'><strong>nec</strong></span> <span class='ocrx_word' id='word_1_459' title='bbox 3870 3428 4210 3497; x_wconf 86' lang='lat' dir='ltr'><strong>minuitur.</strong></span> <span class='ocrx_word' id='word_1_460' title='bbox 4298 3428 4570 3499; x_wconf 81' lang='lat' dir='ltr'><strong>Verum</strong></span> 
     </span>
     <span class='ocr_line' id='line_1_79' title="bbox 2604 3514 4569 3600; baseline 0.001 -18"><span class='ocrx_word' id='word_1_461' title='bbox 2604 3516 2926 3583; x_wconf 82' lang='lat' dir='ltr'><strong>illustrari</strong></span> <span class='ocrx_word' id='word_1_462' title='bbox 2980 3517 3157 3582; x_wconf 87' lang='lat' dir='ltr'><strong>inter</strong></span> <span class='ocrx_word' id='word_1_463' title='bbox 3205 3514 3532 3597; x_wconf 87' lang='lat' dir='ltr'><strong>homines,</strong></span> <span class='ocrx_word' id='word_1_464' title='bbox 3592 3521 3671 3581; x_wconf 91' lang='lat' dir='ltr'><strong>ut</strong></span> <span class='ocrx_word' id='word_1_465' title='bbox 3720 3536 3843 3600; x_wconf 88' lang='lat' dir='ltr'><strong>par</strong></span> <span class='ocrx_word' id='word_1_466' title='bbox 3889 3522 4018 3597; x_wconf 88' lang='grc'><strong>666,</strong></span> <span class='ocrx_word' id='word_1_467' title='bbox 4086 3522 4420 3600; x_wconf 83' lang='lat' dir='ltr'><strong>optamus:</strong></span> <span class='ocrx_word' id='word_1_468' title='bbox 4485 3526 4569 3584; x_wconf 84' lang='grc'><strong>66</strong></span> 
     </span>
     <span class='ocr_line' id='line_1_80' title="bbox 2605 3600 4573 3687; baseline 0.001 -19"><span class='ocrx_word' id='word_1_469' title='bbox 2605 3600 2917 3687; x_wconf 90' lang='lat' dir='ltr'><strong>quidquid</strong></span> <span class='ocrx_word' id='word_1_470' title='bbox 2958 3602 3119 3669; x_wconf 86' lang='lat' dir='ltr'><strong>facit</strong></span> <span class='ocrx_word' id='word_1_471' title='bbox 3158 3600 3364 3684; x_wconf 90' lang='lat' dir='ltr'><strong>Deus,</strong></span> <span class='ocrx_word' id='word_1_472' title='bbox 3408 3601 3632 3668; x_wconf 86' lang='lat' dir='ltr'><strong>omnia</strong></span> <span class='ocrx_word' id='word_1_473' title='bbox 3672 3600 3814 3668; x_wconf 90' lang='lat' dir='ltr'><strong>eius</strong></span> <span class='ocrx_word' id='word_1_474' title='bbox 3855 3622 4073 3686; x_wconf 89' lang='lat' dir='ltr'><strong>opera,</strong></span> <span class='ocrx_word' id='word_1_475' title='bbox 4118 3608 4195 3668; x_wconf 90' lang='lat' dir='ltr'><strong>ut</strong></span> <span class='ocrx_word' id='word_1_476' title='bbox 4235 3608 4418 3682; x_wconf 86' lang='lat' dir='ltr'><strong>sunt,</strong></span> <span class='ocrx_word' id='word_1_477' title='bbox 4465 3604 4573 3670; x_wconf 81' lang='grc'><strong>166.</strong></span> 
     </span>
    </p>

    <p class='ocr_par' dir='ltr' id='par_1_26' title="bbox 2646 3686 4571 3929">
     <span class='ocr_line' id='line_1_81' title="bbox 2646 3686 4571 3774; baseline 0.001 -21"><span class='ocrx_word' id='word_1_478' title='bbox 2646 3687 2887 3755; x_wconf 87' lang='grc'><strong>1611666</strong></span> <span class='ocrx_word' id='word_1_479' title='bbox 2939 3695 3322 3773; x_wconf 82' lang='lat' dir='ltr'><strong>appareant,</strong></span> <span class='ocrx_word' id='word_1_480' title='bbox 3377 3709 3505 3771; x_wconf 90' lang='lat' dir='ltr'><strong>quo</strong></span> <span class='ocrx_word' id='word_1_481' title='bbox 3557 3686 3768 3753; x_wconf 84' lang='lat' dir='ltr'><strong>modis</strong></span> <span class='ocrx_word' id='word_1_482' title='bbox 3822 3688 4124 3754; x_wconf 88' lang='lat' dir='ltr'><strong>omnibus</strong></span> <span class='ocrx_word' id='word_1_483' title='bbox 4167 3689 4310 3772; x_wconf 86' lang='lat' dir='ltr'><strong>ipse</strong></span> <span class='ocrx_word' id='word_1_484' title='bbox 4352 3688 4571 3774; x_wconf 86' lang='lat' dir='ltr'><strong>glori-</strong></span> 
     </span>
     <span class='ocr_line' id='line_1_82' title="bbox 2646 3780 3705 3929; baseline 0.002 -2"><span class='ocrx_word' id='word_1_485' title='bbox 2646 3780 2850 3908; x_wconf 56' lang='lat' dir='ltr'><strong>oemr&#39;·</strong></span> <span class='ocrx_word' id='word_1_486' title='bbox 2931 3896 2936 3905; x_wconf 73' lang='lat'>⁸</span> <span class='ocrx_word' id='word_1_487' title='bbox 3446 3893 3705 3929; x_wconf 71' lang='lat' dir='ltr'><strong>mm</strong></span> 
     </span>
    </p>

    <p class='ocr_par' dir='ltr' id='par_1_27' title="bbox 2598 3942 4576 4116">
     <span class='ocr_line' id='line_1_83' title="bbox 2770 3942 4576 4031; baseline 0.002 -21"><span class='ocrx_word' id='word_1_488' title='bbox 2770 3945 2856 4010; x_wconf 88' lang='lat' dir='ltr'><strong>In</strong></span> <span class='ocrx_word' id='word_1_489' title='bbox 2921 3942 3210 4011; x_wconf 90' lang='lat' dir='ltr'><strong>secunda</strong></span> <span class='ocrx_word' id='word_1_490' title='bbox 3272 3943 3619 4028; x_wconf 87' lang='lat' dir='ltr'><strong>petitione,</strong></span> <span class='ocrx_word' id='word_1_491' title='bbox 3686 3943 3843 4030; x_wconf 91' lang='lat' dir='ltr'><strong>quid</strong></span> <span class='ocrx_word' id='word_1_492' title='bbox 3908 3966 4028 4028; x_wconf 91' lang='lat' dir='ltr'><strong>per</strong></span> <span class='ocrx_word' id='word_1_493' title='bbox 4069 3944 4200 4012; x_wconf 89' lang='lat' dir='ltr'><strong>Dei</strong></span> <span class='ocrx_word' id='word_1_494' title='bbox 4268 3967 4576 4031; x_wconf 87' lang='lat' dir='ltr'><strong>regnum</strong></span> 
     </span>
     <span class='ocr_line' id='line_1_84' title="bbox 2598 4029 3628 4116; baseline 0 -20"><span class='ocrx_word' id='word_1_495' title='bbox 2598 4029 2954 4116; x_wconf 83' lang='lat' dir='ltr'><strong>intelligis?</strong></span> <span class='ocrx_word' id='word_1_496' title='bbox 3622 4106 3628 4111; x_wconf 80' lang='lat'>.</span> 
     </span>
    </p>

    <p class='ocr_par' dir='ltr' id='par_1_28' title="bbox 2601 4150 4593 4627">
     <span class='ocr_line' id='line_1_85' title="bbox 2773 4150 4580 4285; baseline 0.003 -19"><span class='ocrx_word' id='word_1_497' title='bbox 2773 4199 3052 4267; x_wconf 68' lang='lat' dir='ltr'><strong>Duobus</strong></span> <span class='ocrx_word' id='word_1_498' title='bbox 3087 4150 3855 4285; x_wconf 53' lang='lat' dir='ltr'><strong>potissimummssmhris</strong></span> <span class='ocrx_word' id='word_1_499' title='bbox 3892 4210 4163 4269; x_wconf 63' lang='lat' dir='ltr'><strong>constat„</strong></span> <span class='ocrx_word' id='word_1_500' title='bbox 4242 4203 4339 4270; x_wconf 74' lang='lat' dir='ltr'><strong>ut</strong></span> <span class='ocrx_word' id='word_1_501' title='bbox 4381 4204 4580 4272; x_wconf 73' lang='lat'><em>0100-</em></span> 
     </span>
     <span class='ocr_line' id='line_1_86' title="bbox 2602 4287 4582 4373; baseline 0.003 -20"><span class='ocrx_word' id='word_1_502' title='bbox 2602 4293 2704 4353; x_wconf 89' lang='lat' dir='ltr'><strong>tos</strong></span> <span class='ocrx_word' id='word_1_503' title='bbox 2750 4287 2988 4371; x_wconf 87' lang='lat' dir='ltr'><strong>spiritu</strong></span> <span class='ocrx_word' id='word_1_504' title='bbox 3029 4287 3350 4372; x_wconf 88' lang='lat' dir='ltr'><strong>gubernet</strong></span> <span class='ocrx_word' id='word_1_505' title='bbox 3390 4307 3537 4353; x_wconf 87' lang='lat' dir='ltr'><strong>suo:</strong></span> <span class='ocrx_word' id='word_1_506' title='bbox 3582 4294 3662 4351; x_wconf 91' lang='lat' dir='ltr'><strong>ut</strong></span> <span class='ocrx_word' id='word_1_507' title='bbox 3703 4288 4030 4371; x_wconf 90' lang='lat' dir='ltr'><strong>reprobos,</strong></span> <span class='ocrx_word' id='word_1_508' title='bbox 4074 4289 4187 4373; x_wconf 90' lang='lat' dir='ltr'><strong>qui</strong></span> <span class='ocrx_word' id='word_1_509' title='bbox 4228 4310 4302 4356; x_wconf 91' lang='grc'><strong>66</strong></span> <span class='ocrx_word' id='word_1_510' title='bbox 4342 4289 4448 4356; x_wconf 84' lang='grc'><strong>1111</strong></span> <span class='ocrx_word' id='word_1_511' title='bbox 4490 4292 4582 4358; x_wconf 84' lang='lat' dir='ltr'><strong>in</strong></span> 
     </span>
     <span class='ocr_line' id='line_1_87' title="bbox 2602 4372 4584 4456; baseline 0.003 -17"><span class='ocrx_word' id='word_1_512' title='bbox 2602 4372 2990 4456; x_wconf 90' lang='lat' dir='ltr'><strong>obsequium</strong></span> <span class='ocrx_word' id='word_1_513' title='bbox 3010 4372 3270 4439; x_wconf 86' lang='lat' dir='ltr'><strong>tradere</strong></span> <span class='ocrx_word' id='word_1_514' title='bbox 3289 4380 3614 4453; x_wconf 80' lang='lat' dir='ltr'><strong>recusant,</strong></span> <span class='ocrx_word' id='word_1_515' title='bbox 3652 4381 4044 4456; x_wconf 86' lang='lat' dir='ltr'><strong>prosternat,</strong></span> <span class='ocrx_word' id='word_1_516' title='bbox 4088 4382 4159 4441; x_wconf 91' lang='grc'><strong>66</strong></span> <span class='ocrx_word' id='word_1_517' title='bbox 4188 4375 4391 4442; x_wconf 80' lang='lat' dir='ltr'><strong>exitio</strong></span> <span class='ocrx_word' id='word_1_518' title='bbox 4413 4385 4584 4444; x_wconf 59' lang='lat' dir='ltr'><strong>trar-</strong></span> 
     </span>
     <span class='ocr_line' id='line_1_88' title="bbox 2601 4457 4593 4627; baseline 0.004 -104"><span class='ocrx_word' id='word_1_519' title='bbox 2601 4457 2862 4611; x_wconf 42' lang='lat' dir='ltr'><strong>giga&amp;</strong></span> <span class='ocrx_word' id='word_1_520' title='bbox 2885 4459 3013 4627; x_wconf 44' lang='grc' dir='ltr'><strong>ἐξ</strong></span> <span class='ocrx_word' id='word_1_521' title='bbox 3015 4458 3245 4610; x_wconf 36' lang='grc' dir='ltr'><strong>ε61161661</strong></span> <span class='ocrx_word' id='word_1_522' title='bbox 3285 4461 3420 4541; x_wconf 86' lang='lat' dir='ltr'><strong>fiat,</strong></span> <span class='ocrx_word' id='word_1_523' title='bbox 3461 4459 3624 4525; x_wconf 87' lang='grc'><strong>611111</strong></span> <span class='ocrx_word' id='word_1_524' title='bbox 3666 4480 3824 4540; x_wconf 88' lang='grc'><strong>6666,</strong></span> <span class='ocrx_word' id='word_1_525' title='bbox 3861 4458 4029 4543; x_wconf 89' lang='lat' dir='ltr'><strong>quod</strong></span> <span class='ocrx_word' id='word_1_526' title='bbox 4066 4462 4373 4528; x_wconf 86' lang='lat' dir='ltr'><strong>resistere</strong></span> <span class='ocrx_word' id='word_1_527' title='bbox 4414 4464 4593 4531; x_wconf 76' lang='lat' dir='ltr'><strong>eiua</strong></span> 
     </span>
    </p>
   </div>
   <div class='ocr_carea' id='block_1_16' title="bbox 2775 4752 4400 4890">
    <p class='ocr_par' dir='ltr' id='par_1_29' title="bbox 2775 4752 4400 4890">
     <span class='ocr_line' id='line_1_89' title="bbox 2775 4752 4400 4890; baseline -0.001 -22"><span class='ocrx_word' id='word_1_528' title='bbox 2775 4800 3076 4884; x_wconf 81' lang='lat' dir='ltr'><strong>Qualiter</strong></span> <span class='ocrx_word' id='word_1_529' title='bbox 3112 4823 3394 4888; x_wconf 88' lang='lat' dir='ltr'><strong>regnum</strong></span> <span class='ocrx_word' id='word_1_530' title='bbox 3433 4752 3701 4871; x_wconf 47' lang='lat'><strong>1¹:3⁸3?</strong></span> <span class='ocrx_word' id='word_1_531' title='bbox 3720 4803 3943 4868; x_wconf 81' lang='lat' dir='ltr'><strong>veniat</strong></span> <span class='ocrx_word' id='word_1_532' title='bbox 3982 4801 4315 4886; x_wconf 77' lang='lat' dir='ltr'><strong>precaris?</strong></span> <span class='ocrx_word' id='word_1_533' title='bbox 4335 4804 4400 4890; x_wconf 78' lang='lat'><strong>⁴)</strong></span> 
     </span>
    </p>
   </div>
   <div class='ocr_carea' id='block_1_17' title="bbox 1824 5056 4608 5140">
    <p class='ocr_par' dir='ltr' id='par_1_30' title="bbox 1824 5056 4608 5140">
     <span class='ocr_line' id='line_1_90' title="bbox 1824 5056 4608 5140; baseline 0.002 -28"><span class='ocrx_word' id='word_1_534' title='bbox 1824 5057 1886 5127; x_wconf 80' lang='lat'><strong>2)</strong></span> <span class='ocrx_word' id='word_1_535' title='bbox 1923 5059 2002 5114; x_wconf 86' lang='lat' dir='ltr'><strong>Le</strong></span> <span class='ocrx_word' id='word_1_536' title='bbox 2036 5058 2123 5115; x_wconf 83' lang='lat'><strong>39.</strong></span> <span class='ocrx_word' id='word_1_537' title='bbox 2158 5058 2451 5115; x_wconf 80' lang='lat' dir='ltr'><strong>dimanche.</strong></span> <span class='ocrx_word' id='word_1_538' title='bbox 2488 5087 2555 5098; x_wconf 89' lang='lat'>—</span> <span class='ocrx_word' id='word_1_539' title='bbox 2589 5059 2862 5114; x_wconf 85' lang='lat' dir='ltr'><strong>Premiere</strong></span> <span class='ocrx_word' id='word_1_540' title='bbox 2897 5065 3166 5125; x_wconf 82' lang='grc'><strong>16666666.</strong></span> <span class='ocrx_word' id='word_1_541' title='bbox 3203 5086 3266 5097; x_wconf 89' lang='lat'><strong>—-</strong></span> <span class='ocrx_word' id='word_1_542' title='bbox 3312 5056 3593 5113; x_wconf 81' lang='grc'><strong>0611116666</strong></span> <span class='ocrx_word' id='word_1_543' title='bbox 3624 5059 3677 5113; x_wconf 89' lang='grc'><strong>16</strong></span> <span class='ocrx_word' id='word_1_544' title='bbox 3711 5058 3852 5113; x_wconf 79' lang='lat' dir='ltr'><strong>Nom</strong></span> <span class='ocrx_word' id='word_1_545' title='bbox 3886 5057 3954 5114; x_wconf 89' lang='lat' dir='ltr'><strong>de</strong></span> <span class='ocrx_word' id='word_1_546' title='bbox 3991 5058 4129 5140; x_wconf 62' lang='lat' dir='ltr'><strong>Dieu</strong></span> <span class='ocrx_word' id='word_1_547' title='bbox 4164 5067 4251 5114; x_wconf 84' lang='lat' dir='ltr'><strong>est</strong></span> <span class='ocrx_word' id='word_1_548' title='bbox 4283 5066 4608 5126; x_wconf 62' lang='lat' dir='ltr'><strong>sanctine,</strong></span> 
     </span>
    </p>
   </div>
   <div class='ocr_carea' id='block_1_18' title="bbox 554 5125 3847 5209">
    <p class='ocr_par' dir='ltr' id='par_1_31' title="bbox 554 5125 3847 5209">
     <span class='ocr_line' id='line_1_91' title="bbox 554 5125 3847 5209; baseline 0.001 -29"><span class='ocrx_word' id='word_1_549' title='bbox 554 5153 621 5165; x_wconf 89' lang='lat'>—</span> <span class='ocrx_word' id='word_1_550' title='bbox 656 5125 739 5181; x_wconf 83' lang='lat' dir='ltr'><strong>La</strong></span> <span class='ocrx_word' id='word_1_551' title='bbox 775 5125 1085 5182; x_wconf 81' lang='lat' dir='ltr'><strong>deuxiesme</strong></span> <span class='ocrx_word' id='word_1_552' title='bbox 1118 5133 1387 5197; x_wconf 82' lang='lat' dir='ltr'><strong>requeste.</strong></span> <span class='ocrx_word' id='word_1_553' title='bbox 1422 5155 1492 5165; x_wconf 95' lang='lat'><strong>—-</strong></span> <span class='ocrx_word' id='word_1_554' title='bbox 1526 5125 1609 5181; x_wconf 79' lang='grc'><strong>011</strong></span> <span class='ocrx_word' id='word_1_555' title='bbox 1643 5126 1750 5195; x_wconf 77' lang='lat' dir='ltr'><strong>gist</strong></span> <span class='ocrx_word' id='word_1_556' title='bbox 1783 5127 1835 5182; x_wconf 90' lang='lat' dir='ltr'><strong>le</strong></span> <span class='ocrx_word' id='word_1_557' title='bbox 1872 5142 2035 5197; x_wconf 82' lang='lat' dir='ltr'><strong>regne</strong></span> <span class='ocrx_word' id='word_1_558' title='bbox 2071 5126 2139 5183; x_wconf 84' lang='lat' dir='ltr'><strong>de</strong></span> <span class='ocrx_word' id='word_1_559' title='bbox 2172 5128 2336 5186; x_wconf 68' lang='lat' dir='ltr'><strong>Diem</strong></span> <span class='ocrx_word' id='word_1_560' title='bbox 2366 5155 2431 5166; x_wconf 89' lang='lat'>—</span> <span class='ocrx_word' id='word_1_561' title='bbox 2467 5126 2655 5196; x_wconf 80' lang='lat' dir='ltr'><strong>Regno</strong></span> <span class='ocrx_word' id='word_1_562' title='bbox 2689 5126 2758 5208; x_wconf 76' lang='lat' dir='ltr'><strong>de</strong></span> <span class='ocrx_word' id='word_1_563' title='bbox 2793 5127 2989 5182; x_wconf 83' lang='lat' dir='ltr'><strong>Christ.</strong></span> <span class='ocrx_word' id='word_1_564' title='bbox 3025 5155 3094 5164; x_wconf 87' lang='lat'><strong>—-</strong></span> <span class='ocrx_word' id='word_1_565' title='bbox 3131 5125 3437 5182; x_wconf 80' lang='lat' dir='ltr'><strong>Perfection</strong></span> <span class='ocrx_word' id='word_1_566' title='bbox 3471 5126 3545 5181; x_wconf 89' lang='lat' dir='ltr'><strong>du</strong></span> <span class='ocrx_word' id='word_1_567' title='bbox 3579 5143 3743 5209; x_wconf 69' lang='lat' dir='ltr'><strong>regno</strong></span> <span class='ocrx_word' id='word_1_568' title='bbox 3778 5126 3847 5182; x_wconf 84' lang='lat' dir='ltr'><strong>de</strong></span> 
     </span>
    </p>
   </div>
   <div class='ocr_carea' id='block_1_19' title="bbox 858 5193 2751 5265">
    <p class='ocr_par' dir='ltr' id='par_1_32' title="bbox 858 5193 2751 5265">
     <span class='ocr_line' id='line_1_92' title="bbox 858 5193 2751 5265; baseline 0.002 -17"><span class='ocrx_word' id='word_1_569' title='bbox 858 5194 920 5262; x_wconf 85' lang='lat'><strong>3)</strong></span> <span class='ocrx_word' id='word_1_570' title='bbox 974 5194 1259 5251; x_wconf 68' lang='lat' dir='ltr'><strong>Gallonius</strong></span> <span class='ocrx_word' id='word_1_571' title='bbox 1301 5202 1353 5251; x_wconf 70' lang='lat' dir='ltr'><strong>et</strong></span> <span class='ocrx_word' id='word_1_572' title='bbox 1398 5193 1553 5250; x_wconf 72' lang='lat' dir='ltr'><strong>Boea</strong></span> <span class='ocrx_word' id='word_1_573' title='bbox 1580 5202 1911 5264; x_wconf 71' lang='lat' dir='ltr'><strong>powmmt:</strong></span> <span class='ocrx_word' id='word_1_574' title='bbox 1949 5211 2050 5264; x_wconf 83' lang='lat' dir='ltr'><strong>ne,</strong></span> <span class='ocrx_word' id='word_1_575' title='bbox 2099 5212 2213 5251; x_wconf 72' lang='lat' dir='ltr'><strong>non</strong></span> <span class='ocrx_word' id='word_1_576' title='bbox 2245 5199 2366 5251; x_wconf 72' lang='lat' dir='ltr'><strong>sine</strong></span> <span class='ocrx_word' id='word_1_577' title='bbox 2398 5197 2517 5251; x_wconf 74' lang='lat' dir='ltr'><strong>veri</strong></span> <span class='ocrx_word' id='word_1_578' title='bbox 2561 5210 2751 5265; x_wconf 67' lang='lat' dir='ltr'><strong>specte.</strong></span> 
     </span>
    </p>
   </div>
   <div class='ocr_carea' id='block_1_20' title="bbox 552 5262 1449 5335">
    <p class='ocr_par' dir='ltr' id='par_1_33' title="bbox 552 5262 1449 5335">
     <span class='ocr_line' id='line_1_93' title="bbox 552 5262 1449 5335; baseline 0.001 -18"><span class='ocrx_word' id='word_1_579' title='bbox 552 5262 704 5318; x_wconf 82' lang='grc'><strong>1611.</strong></span> <span class='ocrx_word' id='word_1_580' title='bbox 776 5262 1088 5335; x_wconf 69' lang='lat' dir='ltr'><strong>Responsio</strong></span> <span class='ocrx_word' id='word_1_581' title='bbox 1115 5279 1244 5321; x_wconf 77' lang='lat' dir='ltr'><strong>vero</strong></span> <span class='ocrx_word' id='word_1_582' title='bbox 1277 5263 1449 5323; x_wconf 68' lang='lat' dir='ltr'><strong>adest.</strong></span> 
     </span>
    </p>
   </div>
   <div class='ocr_carea' id='block_1_21' title="bbox 3059 5126 4606 5264">
    <p class='ocr_par' dir='ltr' id='par_1_34' title="bbox 3059 5126 4606 5264">
     <span class='ocr_line' id='line_1_94' title="bbox 3059 5126 4606 5264; baseline 0.01 -16"><span class='ocrx_word' id='word_1_583' title='bbox 3059 5194 3122 5262; x_wconf 80' lang='lat'><strong>4)</strong></span> <span class='ocrx_word' id='word_1_584' title='bbox 3171 5194 3330 5250; x_wconf 69' lang='lat' dir='ltr'><strong>Hm</strong></span> <span class='ocrx_word' id='word_1_585' title='bbox 3361 5196 3608 5264; x_wconf 63' lang='lat' dir='ltr'><strong>quaestio</strong></span> <span class='ocrx_word' id='word_1_586' title='bbox 3640 5126 4167 5252; x_wconf 54' lang='lat' dir='ltr'><strong>mmsshfftaba.</strong></span> <span class='ocrx_word' id='word_1_587' title='bbox 4205 5193 4359 5251; x_wconf 77' lang='grc'><strong>1576.</strong></span> <span class='ocrx_word' id='word_1_588' title='bbox 4409 5202 4606 5262; x_wconf 75' lang='grc'><strong>1567.</strong></span> 
     </span>
    </p>
   </div>
   <div class='ocr_carea' id='block_1_22' title="bbox 4898 149 4917 2923">
    <p class='ocr_par' dir='ltr' id='par_1_35' title="bbox 4898 149 4917 2923">
     <span class='ocr_line' id='line_1_95' title="bbox 4898 149 4917 2923; baseline 0 0"><span class='ocrx_word' id='word_1_589' title='bbox 4898 149 4917 2923; x_wconf 95' lang='lat' dir='ltr'><strong> </strong></span> 
     </span>
    </p>
   </div>
   <div class='ocr_carea' id='block_1_23' title="bbox 4902 4739 4909 5981">
    <p class='ocr_par' dir='ltr' id='par_1_36' title="bbox 4902 4739 4909 5981">
     <span class='ocr_line' id='line_1_96' title="bbox 4902 4739 4909 5981; baseline 0 0"><span class='ocrx_word' id='word_1_590' title='bbox 4902 4739 4909 5981; x_wconf 95' lang='lat' dir='ltr'><strong> </strong></span> 
     </span>
    </p>
   </div>
  </div>
 </body>
</html>
