4967 5992
623 362 750 425 335
1958 355 2488 425 RESPONSIO
2534 354 2912 420 CONTRA
2946 355 3363 422 PIGHIUM
4516 357 4633 420 336

621 549 809 614 1101118
862 545 1275 628 impositum,
1335 544 1506 627 ipse,
1566 559 1631 608 et
1684 546 2004 627 Prosper,
2062 555 2131 610 et
2176 544 2579 621 Bernardus,
2687 554 2802 606 aut
2841 544 3074 609 iacere.
3142 543 3465 608 Videmus
3505 542 3613 609 hic
3647 543 3994 625 profanum
4034 542 4508 626 philosophum
4549 543 4635 606 fa-

620 655 753 698 uno
798 652 909 697 ore
952 630 1241 695 tradunt.
1336 629 1732 712 Quanquam
1778 641 1856 694 ut
1914 630 2205 695 liberalis
2251 630 2579 704 videatur,
2685 630 2831 707 teri,
2878 649 3017 693 non
3059 630 3127 693 in
3172 637 3495 712 potestate
3541 628 3829 693 hominis
3874 649 4136 711 semper
4177 648 4353 705 esse,
4410 639 4491 692 ut
4530 626 4636 692 bo·

618 718 781 783 haec
822 738 893 781 86
936 716 1104 780 1111111
1148 716 1319 780 ultro
1362 716 1591 800 largiri
1647 717 1883 794 iactat,
1938 737 2143 798 quum
2188 727 2582 798 argumenta
2685 736 2810 778 nus
2854 715 2970 778 sit:
3029 715 3161 778 imo
3204 734 3338 778 non
3383 715 3514 779 nisi
3549 713 3801 778 malum
3844 734 3990 778 esse
4031 733 4255 795 posse3
4312 721 4381 777 et
4422 722 4637 778 tamen

618 824 769 867 mea
812 801 942 867 tale
986 802 1157 865 nihil
1201 802 1526 866 evincant.
1608 802 1837 867 Patior
1895 811 1972 864 ut
2028 801 2152 865 81111
2199 801 2374 865 domi
2421 821 2580 864 suae
2628 801 2634 870 Ι
2682 799 3028 864 voluntate
3084 821 3227 865 esse
3270 800 3340 864 id
3398 800 3570 882 quod
3622 808 3750 877 est,
3808 808 3878 863 et
3919 819 4053 863 non
4095 797 4446 863 violentia:
4494 798 4637 881 quia

617 888 798 954 hunc
825 887 1131 971 plausum
1167 885 1294 964 det,
1323 886 1517 951 modo
1554 889 1696 950 eius
1720 887 1982 952 vanitas
2011 888 2321 951 omnibus
2359 886 2578 968 palam
2683 885 3003 967 principio
3037 884 3248 951 libera
3285 906 3487 968 penes
3521 887 3741 968 ipsum
3763 883 3993 949 electio
4018 885 4245 949 fuerit:
4291 905 4412 966 per
4447 906 4637 966 quam

618 989 951 1058 appareat.
1000 971 1195 1052 Quod
1218 980 1294 1037 ut
1320 973 1455 1050 fiat,
1502 974 1961 1037 necessitatem
1994 971 2404 1036 definiamus.
2467 972 2578 1034 An
2684 990 2754 1033 se
2797 969 3144 1035 tradiderit
3185 972 3254 1035 111
3296 970 3645 1036 libidinum
3685 969 4071 1051 obsequium
4112 989 4190 1033 ae
4233 971 4635 1034 servitutem.

562 1067 573 1076 ’
619 1071 844 1124 autem
897 1059 1062 1122 mihi
1111 1078 1247 1122 non
1304 1058 1616 1123 concedet
1658 1057 1968 1141 Pighius,
2027 1067 2269 1121 statam
2315 1079 2458 1122 esse
2504 1078 2579 1121 ac
2683 1056 2779 1118 At
2833 1077 2989 1120 vero
3048 1056 3212 1122 haec
3271 1057 3538 1139 propria
3592 1063 3693 1121 est
3748 1054 4282 1120 Christianorum
4352 1055 4635 1137 philoso-

619 1147 880 1210 firmam
925 1143 1366 1220 stabilitatem,
1426 1143 1538 1207 ubi
1582 1163 1690 1207 res
1735 1144 1930 1206 aliter
1973 1164 2115 1207 esse
2172 1163 2309 1206 non
2366 1152 2582 1224 potest
2683 1139 2856 1222 phia,
2904 1141 3190 1223 primum
3229 1153 3575 1224 parentem
3619 1150 3950 1217 nostrum,
4006 1161 4143 1204 11011
4186 1141 4386 1205 1110ἀο
4433 1161 4505 1206 86
4546 1162 4636 1223 ip-

620 1251 821 1314 quam
862 1229 991 1295 sit?
1059 1227 1259 1312 Apud
1303 1229 1729 1293 Aristotelem
1771 1239 1947 1293 certe
1990 1227 2055 1290 τὸ
2102 1227 2333 1313 ὁπότερ’
2383 1231 2581 1307 ἔτυχεν
2683 1247 2848 1304 811111,
2893 1226 3006 1290 sed
3053 1247 3281 1292 omues
3327 1247 3481 1292 suos
3525 1235 3819 1309 posteros
3864 1225 4059 1292 simul
4101 1226 4499 1309 corrupisse,
4543 1235 4632 1290 at-

618 1315 996 1380 necessitati
1038 1335 1297 1396 semper
1341 1316 1714 1397 opponitur.
1808 1317 2023 1396 Atque
2066 1314 2134 1377 id
2181 1314 2386 1379 dietat
2428 1335 2579 1378 8611-
2683 1333 2807 1393 6116
2865 1313 3019 1376 inde
3064 1334 3185 1377 nos
3244 1311 3544 1377 habitum
3587 1311 3850 1377 trahere
3906 1321 4186 1376 naturae
4229 1321 4504 1376 nostrae
4546 1313 4636 1375 in·

619 1423 732 1467 sus
777 1401 1176 1478 60111111111118,
1224 1409 1300 1464 111
1344 1401 1791 1465 necessarium
1836 1409 2212 1476 censeatur,
2260 1398 2578 1481 quidquid
2627 1415 2632 1462 ι
2683 1397 3024 1462 81(161116111.
3124 1399 3320 1464 Ν11116
3375 1396 3686 1482 agedum,
3743 1396 3917 1462 hanc
3971 1396 4052 1461 de
4108 1397 4352 1462 vitiosa
4419 1407 4634 1462 nostra

619 1488 714 1553 sic
757 1508 901 1552 esse
947 1495 1234 1568 oportet,
1284 1508 1404 1550 nec
1451 1486 1645 1550 alitor
1689 1506 1829 1549 esse
1875 1494 2103 1566 potest.
2195 1485 2339 1554 Hoc
2386 1483 2577 1547 inodo
2627 1547 2630 1566 2
2683 1485 2934 1566 origine
2978 1481 3342 1547 doctrinam
3394 1506 3546 1549 cum
3589 1482 3965 1548 Aristotelis
4021 1481 4438 1566 philosophia
4492 1502 4632 1547 con-

617 1571 1120 1638 immutabilitas
1162 1570 1282 1635 sub
1327 1573 1712 1635 necessitate
1757 1572 2227 1635 continebitur:
2289 1568 2462 1634 unde
2508 1580 2574 1633 et
2627 1579 2631 1588 '
2682 1569 2920 1651 iungas
2949 1619 2966 1646 ,
3013 1580 3082 1631 et
3126 1569 3307 1633 nullo
3351 1569 3618 1652 negotio
3661 1568 4022 1652 intelliges,
4081 1567 4366 1650 qualiter
4419 1567 4634 1651 pecca—

619 1659 929 1724 continuo
985 1671 1324 1738 sequetur,
1392 1656 1614 1720 Deum
1680 1657 2044 1721 necessario
2111 1656 2355 1719 bonum
2413 1677 2574 1719 esse.
2627 1631 2632 1688 ¹
2683 1667 2860 1730 tum,
2918 1654 3091 1735 quod
3136 1677 3269 1719 non
3313 1666 3416 1719 est
3464 1656 3532 1718 in
3575 1662 3903 1738 potestate
3957 1665 4186 1719 nostra
4239 1655 4500 1737 fugere,
4554 1655 4633 1719 sit

621 1742 818 1824 Quod
865 1743 922 1807 si
980 1743 1353 1807 necessaria
1396 1755 1497 1806 est
1540 1742 1683 1806 eius
1726 1741 2014 1812 bonitas,
2083 1763 2201 1804 cur
2246 1761 2377 1805 non
2422 1740 2578 1804 inde
2683 1739 3109 1804 nihilominus
3152 1741 3617 1804 voluntarium.

524 1905 527 1912 ι
616 1830 789 1894 1111111
832 1828 1139 1911 colligere
1181 1828 1391 1904 liceat,
1430 1827 1793 1891 necessario
1827 1837 1961 1890 tam
1998 1827 2162 1890 bene
2188 1826 2354 1891 velle
2378 1848 2578 1908 quam
2626 1809 2632 1890 1
2855 1823 3272 1903 Secundum,
3331 1824 3506 1907 quod
3558 1848 3641 1890 ex
3699 1825 4099 1890 adversariis
4153 1824 4360 1888 recito
4414 1825 4630 1889 absur-

622 1913 790 1979 bene
847 1912 1104 1978 facere?
1212 1911 1433 1992 Quum
1500 1933 1658 1978 vero
1722 1913 1815 1976 ita
1871 1911 2124 1975 stabilis
2180 1923 2577 1993 perseverat,
2627 1913 2632 2002 ξ
2683 1909 2859 1987 dum,
2909 1921 3037 1974 est:
3087 1911 3232 1975 Nisi
3277 1933 3360 1975 ex
3405 1911 3610 1976 libera
3655 1911 3908 1976 arbitrii
3953 1909 4273 1976 electione
4318 1917 4464 1974 tum
4503 1911 4629 1974 vir-

622 2000 765 2082 ipse
824 1999 948 2064 sibi
1002 1997 1476 2080 quodammodo
1530 1999 1882 2063 necessitas
1931 2009 2061 2075 est,
2120 2019 2253 2062 non
2310 1996 2577 2062 aliunde
2683 2004 2858 2060 tutes
2903 2011 3046 2059 tum
3092 1998 3256 2061 vitia
3305 2002 3454 2077 [pag.
3501 2000 3650 2075 144]
3697 1994 4072 2078 procedant,
4117 2016 4258 2059 non
4302 2016 4447 2060 esse
4488 2017 4628 2059 con-

623 2085 911 2169 cogitur:
959 2106 1078 2149 1166
1122 2093 1343 2147 tamen
1389 2105 1459 2149 se
1495 2086 1709 2166 ipsum
1746 2085 1947 2148 etiam
1978 2083 2169 2167 cogit,
2195 2083 2309 2147 sed
2344 2091 2577 2166 sponte
2627 2055 2632 2138 !
2683 2091 3068 2147 sentaneum
3113 2090 3188 2146 ut
3228 2083 3480 2147 homini
3526 2082 3633 2147 vel
3675 2083 4014 2164 infligatur
4047 2102 4277 2164 poena,
4326 2081 4434 2147 vel
4455 2102 4628 2164 prae-

624 2192 703 2235 ac
743 2170 1154 2236 voluntarius
1209 2169 1291 2234 ad
1335 2168 1434 2248 id,
1492 2168 1665 2251 quod
1720 2171 2105 2234 necessitate
2162 2171 2328 2252 agit,
2388 2169 2577 2233 incli-
2681 2168 2889 2231 mium
2927 2168 3352 2250 rependatur.
3447 2168 3572 2232 Cui
3618 2177 3970 2249 antequam
4025 2166 4421 2250 respondeO,
4479 2166 4624 2231 haec

623 2264 759 2320 nat.
865 2255 1182 2320 Diabolus
1237 2263 1469 2321 contra
1534 2255 1903 2319 necessario
1960 2265 2026 2319 et
2090 2254 2303 2319 malus
2357 2267 2459 2319 est
2512 2263 2579 2318 et
2627 2255 2632 2330 ξ
2683 2255 2886 2318 verba
2929 2255 3266 2318 intersero,
3366 2254 3514 2318 Hoc
3560 2255 3685 2318 etsi
3729 2253 4197 2318 aristotelicum
4247 2261 4379 2330 est,
4436 2253 4625 2317 fateor

620 2342 792 2406 male
837 2342 990 2423 agit,
1037 2340 1243 2404 nihilo
1288 2349 1511 2405 tamen
1556 2342 1778 2405 minus
1822 2341 2183 2405 voluntate.
2272 2341 2452 2404 Hinc
2497 2340 2577 2405 li-
2627 2359 2632 2402 1
2683 2347 2904 2402 tamen
2970 2360 3010 2401 a
3078 2339 3551 2421 Chrysostomo
3617 2349 3686 2402 et
3747 2339 4160 2422 Hieronymo
4225 2347 4619 2421 usurpatum.

618 2427 816 2510 quido
871 2427 1100 2491 confici
1158 2425 1321 2490 mihi
1375 2425 1637 2490 videtur
1691 2425 1864 2509 quod
1920 2427 2130 2492 volui:
2201 2447 2329 2490 non
2414 2425 2576 2490 adeo
2627 2419 2632 2506 ἵ
2682 2423 3060 2507 Pelagianis
3117 2432 3368 2502 tamen,
3432 2425 3538 2488 vel
3590 2424 4002 2506 Hieronymo
4055 2432 4262 2501 teste,
4321 2423 4621 2488 familiare

620 2512 935 2578 dissidere
982 2534 1022 2576 a
1064 2513 1433 2577 necessario
1480 2511 1948 2586 voluntarium,
1996 2513 2154 2593 quin
2199 2513 2577 2576 societatem
2627 2509 2632 2580 ἓ
2683 2510 2822 2572 fuit.
2914 2510 3060 2574 Hoc
3098 2519 3503 2593 postremum
3546 2520 3624 2575 ut
3659 2519 3917 2575 evertat
3958 2509 4274 2593 Pighius,
4321 2517 4621 2592 quantum

619 2597 970 2681 aliquando
1015 2596 1386 2662 admittant.
2627 2583 2632 2616 ‘
2683 2595 2859 2659 inter
2925 2617 3112 2660 suam
3166 2604 3233 2660 et
3287 2596 3543 2679 Pelagii
3601 2616 3865 2661 causam
3927 2594 4228 2670 intersit,
4297 2594 4619 2659 ostendere

791 2683 940 2747 Iam
995 2682 1079 2746 ad
1133 2682 1503 2760 hominem,
1561 2704 1644 2746 ne
1701 2702 2046 2763 perperam
2100 2695 2257 2747 naec
2297 2681 2379 2745 ad
2425 2703 2578 2746 eum
2625 2653 2632 2738 Ι
2682 2680 2990 2744 molitur:
3038 2682 3223 2763 quasi
3269 2701 3429 2746 vero
3473 2681 3621 2746 ideo
3664 2682 3886 2746 minus
3932 2680 4054 2745 hoc
4099 2689 4485 2765 argumento
4523 2679 4620 2744 usi

620 2767 923 2851 exempla
966 2766 1334 2850 trahi'quis
1377 2775 1581 2848 putet,
1626 2766 1841 2832 venio,
1930 2767 2183 2832 Malum
2232 2789 2373 2832 esse
2418 2768 2577 2832 dici·
2627 2829 2631 2838 ,
2681 2766 2930 2829 fuerint
2984 2766 3360 2850 Pelagiani‚
3415 2767 3568 2848 quia
3618 2767 3816 2849 paulo
3873 2766 4067 2831 aliter
4109 2787 4315 2848 quam
4360 2765 4620 2850 Pighius

619 2875 801 2931 mus,
861 2854 1015 2935 quia
1057 2852 1146 2915 sit
1191 2874 1275 2916 ex
1315 2852 1493 2917 mala
1545 2853 1938 2935 propagine,
1998 2863 2312 2935 tanquam
2366 2852 2578 2917 malae
2627 2879 2631 2920 ι
2681 2850 2791 2915 vel
2845 2853 3202 2928 senserint,
3257 2852 3370 2916 vel
3425 2852 3662 2917 saltem
3725 2851 3978 2934 loquuti
4043 2852 4195 2917 sint.
4288 2852 4374 2916 In
4427 2851 4615 2914 altero

620 2940 863 3004 radicis
909 2959 984 3003 ac
1028 2938 1302 3002 vitiosae
1346 2938 1560 3003 malus
1605 2959 1847 3001 ramus,
1922 2938 2153 3020 [taque
2198 2940 2579 3021 quantisper
2625 2927 2631 3030 ξ
2680 2937 3112 3020 malignitatis
3156 2958 3264 3001 me
3308 2939 3602 3020 graviter
3645 2946 3941 3015 accusat,
4000 2937 4172 3019 quod
4215 2959 4301 3002 ex
4345 2936 4616 3020 pluribus

620 3025 695 3088 in
740 3033 977 3088 natura
1019 3045 1139 3088 sua
1182 3032 1424 3101 manet,
1463 3022 1629 3087 nihil
1675 3044 1872 3104 quam
1915 3022 2107 3100 male,
2155 3035 2220 3087 et
2266 3024 2464 3101 velle,
2513 3035 2579 3087 et
2627 3067 2632 3088 2
2684 3021 2848 3086 duos
2913 3033 3175 3087 tantum
3241 3024 3602 3089 citaverim.
3705 3022 3914 3104 Quasi
3979 3043 4140 3094 vero
4221 3023 4438 3106 aliquo
4487 3023 4614 3085 iure

624 3129 838 3194 agere.
938 3108 1036 3174 Ut
1078 3128 1271 3187 vere,
1323 3111 1646 3191 pravitate
1699 3107 2018 3190 deposita,
2079 3108 2161 3174 ad
2217 3109 2463 3174 bonum
2508 3131 2578 3175 86
2626 3091 2632 3160 ι’
2683 3108 2920 3172 fuerim
2958 3107 3326 3186 obstrictus
3374 3109 3459 3173 ad
3502 3131 3610 3175 eos
3654 3130 3881 3174 01111168
3916 3106 4144 3174 ordine
4184 3107 4613 3183 recensendos,

623 3201 985 3268 convertat,
1032 3199 1179 3273 [pag.
1223 3200 1367 3273 143]
1414 3193 1483 3258 id
1523 3215 1665 3259 esse
1708 3194 1780 3258 in
1826 3196 1965 3259 eius
2008 3203 2329 3276 potestate
2374 3216 2577 3279 nega·
2625 3167 2632 3232 ¹
2684 3193 2859 3275 apud
2914 3216 3077 3276 quos
3132 3215 3209 3258 ea
3264 3195 3593 3259 sententia
3648 3203 3954 3261 exstaret.
4056 3193 4199 3260 Cur
4257 3215 4414 3277 ergo
4471 3191 4614 3256 mihi

621 3303 787 3346 mus.
880 3279 1103 3360 Quum
1161 3300 1317 3363 ergo
1371 3280 1541 3344 nihil
1587 3302 1670 3344 ex
1717 3303 1786 3344 86
1851 3281 2057 3362 possit
2109 3303 2305 3362 quam
2363 3282 2578 3346 malus
2626 3283 2632 3370 ξ
2683 3278 2882 3344 libros
2941 3300 3073 3343 non
3122 3279 3665 3346 subministrabat
3705 3280 4029 3364 Pighius?
4088 3281 4198 3363 qui
4255 3289 4416 3344 tunc
4465 3276 4608 3343 nulli

622 3386 794 3446 esse,
863 3367 932 3430 in
986 3386 1064 3430 eo
1121 3367 1575 3431 necessitatem
1634 3367 2112 3430 constituimus.
2217 3369 2311 3430 Ae
2374 3389 2455 3430 ne
2511 3365 2579 3429 id
2684 3365 2764 3428 ad
2810 3385 3078 3428 manum
3126 3374 3333 3442 erant,
3380 3377 3653 3448 excepto
3698 3387 3831 3430 uno
3876 3367 4242 3449 Augustini
4287 3365 4609 3438 volumine,

622 3451 1007 3534 simpliciter
1050 3451 1343 3535 quidem:
1390 3451 1505 3516 sed
1550 3459 1869 3535 quatenus
1916 3461 1979 3515 et
2025 3474 2107 3515 ex
2153 3453 2325 3516 mala
2360 3452 2578 3516 radice
2683 3449 2854 3533 quod
2909 3451 3537 3515 mihi.eommodato
3608 3452 3834 3516 datum
3904 3463 4061 3517 erat.
4185 3453 4336 3537 Ego
4420 3459 4608 3515 autem

621 3547 806 3603 ortus
860 3545 988 3615 est,
1046 3549 1114 3601 et
1168 3537 1439 3620 originis
1497 3558 1657 3602 suae
1709 3538 2050 3621 ingenium
2110 3539 2381 3603 retinet:
2454 3538 2577 3603 hoc
2625 3553 2631 3620 ξ
2681 3558 2788 3600 1116
2833 3536 3030 3601 venia
3083 3536 3360 3621 dignum
3402 3559 3545 3603 esse
3588 3545 3778 3621 put0,
3837 3538 4009 3621 quod
4062 3539 4158 3604 ita
4199 3537 4394 3603 libris
4436 3534 4608 3600 desti·

623 3633 741 3701 est,
788 3644 989 3704 quam
1032 3622 1143 3687 diu
1188 3623 1426 3704 spiritu
1462 3622 1593 3686 Dei
1632 3643 1767 3686 11011
1813 3624 2050 3706 agitur.
2109 3624 2498 3688 Aristoteles
2529 3623 2577 3706 ¹)
2625 3673 2632 3740 3
2681 3629 2901 3700 tutus,
2963 3622 3129 3688 duos
3173 3623 3373 3688 unius
3431 3624 3795 3688 sententiae
3839 3633 4099 3688 autores
4142 3623 4607 3697 nominaverim,
4659 3681 4668 3690 ,

624 3729 827 3791 61111111
881 3708 1331 3773 voluntarium
1389 3707 1585 3772 distin
1684 3710 1734 3772 it
1777 3729 1815 3772 a
1870 3729 1991 3772 suo
2036 3711 2391 3786 contrario,
2454 3710 2576 3775 hoc
2682 3729 2842 3790 quos
2894 3710 3211 3773 memoria
3265 3708 3600 3774 tenebam:
3667 3710 3982 3792 reliquos,
4050 3710 4163 3792 qui
4215 3710 4292 3774 in
4353 3715 4608 3773 mentem

623 3814 766 3859 6886
810 3793 1072 3871 definit,
1120 3793 1183 3855 τὸ
1231 3789 1405 3883 ficei?
1450 3793 1529 3855 δι’
1577 3818 1818 3873 αγνοιαν
1861 3794 2232 3874 γιγνόμενον,
2291 3794 2414 3859 1106
2457 3804 2574 3872 681,
2627 3785 2631 3818 ²
2681 3801 2840 3858 tunc
2899 3815 3031 3858 non
3097 3805 3456 3870 venerunt,
3524 3796 3873 3860 omiserim.
3976 3793 4083 3859 De
4140 3794 4374 3878 poenis
4435 3810 4608 3876 quum

622 3879 794 3963 quod
839 3881 907 3944 vi
952 3881 1048 3957 fit,
1096 3893 1210 3944 aut
1244 3901 1361 3961 per
1395 3880 1890 3964 ignorationem.
1961 3880 2342 3945 violent-um
2380 3900 2576 3963 porro
2627 3917 2632 3940 ι
2681 3880 3058 3960 respondeO‚
3105 3882 3248 3944 iure
3291 3880 3479 3944 nobis
3521 3881 3818 3963 irrogari,
3859 3902 3904 3944 a
3946 3879 4180 3963 quibus
4225 3881 4419 3964 culpa
4457 3898 4606 3944 ema·

623 3964 871 4038 definit,
917 3966 1105 4030 cuius
1149 3965 1416 4029 aliunde
1460 3975 1561 4030 681
1604 3965 2018 4048 principium,
2067 3965 2149 4030 ad
2193 3966 2361 4048 quod
2410 3965 2577 4029 nihil
2627 3981 2632 4054 ξ
2682 3973 2814 4042 1161,
2861 3987 3072 4046 1166116
3109 3967 3372 4044 referre,
3414 3967 3704 4032 liberone
3747 3965 4009 4044 iudicio,
4047 3986 4132 4030 an
4168 3967 4413 4044 servili,
4442 3960 4606 4028 modo

619 4052 873 4118 confert
924 4052 1011 4127 is,
1074 4051 1186 4132 qui
1233 4050 1339 4115 vel
1376 4052 1546 4133 agit,
1603 4051 1707 4115 vel
1763 4052 2029 4133 patitur.
2121 4050 2299 4130 Quid
2356 4063 2577 4116 autem
2627 4115 2631 4138 ,
2683 4051 3058 4114 voluntaria
3110 4051 3464 4134 cupiditate
3525 4072 3899 4134 peccemus,
3958 4051 4025 4116 id
4081 4074 4216 4117 non
4283 4048 4602 4135 improbat:

618 4137 929 4220 principii
984 4137 1252 4200 nomine
1306 4137 1661 4219 significet,
1732 4136 2017 4200 ostendit
2075 4137 2308 4201 deinde
2364 4139 2576 4219 eapite
2628 4203 2632 4224 .
2682 4136 2876 4199 modo
2934 4158 3085 4201 cum
3139 4138 3515 4219 Augustino
3572 4138 3846 4220 aliisque
3902 4138 4205 4203 omuibus
4267 4135 4602 4208 concedam,

619 4224 883 4306 quinto,
941 4243 1143 4303 quum
1200 4223 1477 4286 iniustos
1521 4243 1595 4287 ac
1651 4222 2162 4303 intemperantes
2220 4223 2364 4287 ideo
2410 4224 2576 4287 tales
2683 4222 3127 4286 voluntarium
3171 4222 3239 4285 id
3284 4244 3425 4287 esse
3474 4222 3740 4288 demum
3786 4223 3957 4305 quod
4001 4225 4069 4288 in
4120 4233 4439 4306 potestate
4475 4238 4604 4283 nos·

619 4331 761 4374 esse
806 4315 1041 4391 sponte
1087 4307 1307 4384 docet,
1355 4308 1508 4389 quia
1551 4308 1737 4371 initio
1782 4308 2037 4372 licuerit
2080 4330 2211 4372 non
2258 4331 2426 4372 esse:
2474 4319 2574 4371 ta·
2627 4327 2630 4336 ⁴
2683 4319 2786 4369 tra
2830 4308 2931 4372 sit.
3024 4310 3118 4371 At
3152 4329 3270 4391 ego
3307 4330 3457 4373 cum
3493 4310 3871 4392 Augustino
3906 4311 4177 4393 excipiO,
4224 4310 4399 4375 hanc
4435 4322 4602 4388 quam

618 4395 814 4458 metsi
857 4415 1036 4457 nune
1080 4394 1189 4456 alii
1236 4415 1380 4457 esse
1424 4407 1766 4475 nequeant.
1858 4395 2073 4474 Atque
2118 4394 2199 4457 ad
2246 4415 2388 4457 eam
2434 4416 2576 4458 rem
2627 4389 2630 4400 *
2681 4393 2959 4474 requirit
3001 4393 3380 4457 facultatem
3403 4395 3474 4457 in
3512 4397 3796 4459 sanitate
3822 4396 4016 4459 sitam
4052 4417 4227 4460 esse:
4276 4415 4460 4478 quam
4497 4390 4603 4455 sic-

620 4479 1081 4560 explicandam
1158 4478 1482 4543 similibus
1564 4480 1787 4542 utitur.
1912 4479 2142 4560 Neque
2220 4481 2395 4542 enim
2464 4481 2575 4561 qui
2625 4467 2630 4522 l
2679 4491 2754 4541 ut
2814 4491 3156 4561 acceperat
3220 4481 3473 4560 primus
3533 4481 3755 4558 1101110,
3815 4481 3908 4544 ita
3962 4481 4133 4544 male
4187 4480 4429 4544 utendo
4475 4494 4601 4558 per-

622 4571 921 4644 aegrotat
975 4585 1175 4628 sanus
1234 4566 1356 4628 erit
1412 4585 1616 4646 quum
1672 4564 1974 4640 libuerit;
2043 4573 2111 4628 et
2174 4573 2397 4629 tamen
2456 4587 2576 4629 sua
2626 4573 2630 4594 ‘
2681 4563 2861 4627 didit.
2961 4565 3067 4629 De
3123 4567 3426 4646 praemiis
3483 4566 3653 4648 quod
3708 4565 4100 4647 respondeo,
4157 4566 4328 4629 nihil
4370 4557 4602 4628 absurdi

622 4646 898 4710 forsitan
955 4657 1185 4729 sponte
1231 4659 1554 4732 aegrotat,
1614 4651 1670 4714 si
1725 4651 2241 4732 intemperanter
2292 4651 2576 4716 vivendo
2625 4643 2630 4714 1
2683 4672 2843 4727 6886,
2901 4650 2957 4712 81
3014 4673 3096 4714 ex
3157 4651 3286 4714 Dei
3343 4652 3749 4734 benignitate
3815 4653 4030 4733 potius
4097 4673 4300 4734 quam
4355 4644 4600 4732 propriis

620 4731 925 4796 morbum
969 4733 1089 4810 sibi
1128 4737 1541 4798 contraxerit.
1609 4737 1796 4798 Tunc
1843 4759 1997 4818 crgo
2042 4737 2278 4800 licebat
2310 4737 2407 4801 illi
2442 4759 2576 4800 non
2625 4747 2630 4806 1
2681 4736 3022 4800 hominum
3067 4737 3321 4800 meritis
3365 4735 3807 4818 dependeant,
3853 4759 3983 4801 non
4029 4737 4442 4819 nugatorium
4481 4745 4604 4796 tan-

623 4827 997 4901 aegrotarc:
1063 4820 1174 4882 ubi
1222 4831 1443 4882 autom
1487 4821 1617 4884 huc
1678 4842 2061 4903 progressus
2108 4835 2233 4898 est,
2285 4845 2418 4887 non
2460 4824 2574 4886 ita.
2627 4823 2631 4846 '
2681 4839 2855 4899 tum,
2915 4821 3030 4886 sed
3067 4821 3524 4902 blasphemum
3567 4845 3709 4887 csse
3747 4823 4160 4905 pronunciat.
4253 4822 4384 4887 Sed
4426 4836 4600 4901 quum

621 4902 816 4968 Sicut
872 4903 983 4966 ubi
1028 4904 1173 4984 quis
1231 4904 1514 4985 lapidem
1559 4908 1860 4987 proiecit,
1926 4930 2057 4972 non
2103 4909 2388 4990 amplius
2433 4915 2577 4989 pot-
2627 4883 2632 4960 Ι
2683 4908 2807 4972 1106
2871 4908 3140 4972 alterius
3203 4909 3289 4970 sit
3353 4909 3756 4990 argumenti,
3816 4907 4024 4972 obiter
4067 4917 4326 4972 tantum
4372 4902 4595 4971 refellit-

624 4996 726 5051 est
768 5008 1138 5067 resumere;
1195 4988 1307 5054 sed
1361 5009 1564 5070 penes
1619 4992 1835 5072 ipsum
1881 5003 2050 5071 erat,
2111 5005 2224 5058 aut
2270 4996 2573 5070 retinere,
2683 4993 3056 5074 Apostolus,
3103 4993 3333 5074 inquit,
3381 4994 3599 5057 Deum
3641 5001 3925 5058 testatur
3967 4995 4372 5057 remunerari
4413 5012 4523 5064 eos,
4558 5005 4598 5047 8·

2682 5080 2920 5158 quibus
2972 5079 3345 5160 inquiritur.
3450 5077 3630 5158 Quid
3695 5078 3880 5143 tum?
3973 5078 4101 5145 Ubi
4169 5073 4596 5143 remuneratio.

2683 5163 2818 5228 illic
2861 5175 2928 5227 61
2971 5165 3261 5246 obsequii
3316 5173 3383 5228 et
3427 5165 3647 5228 meriti
3701 5175 4034 5246 respectus
4091 5175 4208 5229 est.
4299 5165 4398 5229 De
4438 5159 4598 5226 obse—

760 5260 817 5326 1)
858 5261 1173 5317 Ethicorum
1209 5262 1277 5316 ad
1314 5260 1703 5316 Nicomachum
1740 5263 1825 5317 lib.
1861 5265 1912 5319 3.
1949 5281 2066 5332 cap.
2103 5266 2154 5321 2.
2682 5250 2833 5330 quio
2876 5250 3112 5314 {steort
3161 5250 3240 5314 do
3285 5251 3548 5327 morito,
3591 5252 3649 5315 Si
3688 5250 3904 5332 operis
3949 5255 4100 5328 [pag.
4145 5255 4293 5329 145]
4348 5245 4600 5332 digniffi·
