4967 5992
377 355 494 417 117

373 537 819 624 tesmoignage
853 559 980 621 que
1004 538 1181 605 Dieu
1214 559 1380 605 6666
1414 545 1577 605 veut
1597 538 1961 603 nourrir-et
1992 536 2315 621 repaistre

372 645 623 693 comme
662 643 756 689 66
800 624 930 690 1166
974 646 1130 708 9616
1172 624 1254 689 (16
1294 624 1541 690 famille
1583 643 1625 687 6
1663 623 1728 687 16
1773 624 1964 707 66163
1995 623 2076 688 (16
2115 643 2317 687 6661-

373 713 466 778 rir
504 718 574 777 et
614 710 1050 777 refectionum
1091 731 1259 777 ceux
1301 710 1381 776 de
1424 731 1498 775 sa
1537 709 1811 774 maison.
2285 717 2296 728 “

541 882 727 947 Pour
779 882 962 947 avoir
1012 829 1888 965 plueuoffffinteuigenoe
1932 879 2012 945 de
2065 878 2207 943 l'un
2250 883 2320 944 et

371 968 605 1033 l’autre
619 1018 636 1048 ,
692 966 913 1033 disons
966 964 1046 1031 de
1098 967 1383 1056 chascun
1427 975 1472 1033 6
1527 974 1694 1051 9616.
1780 967 2317 1044 Ρ1616161661666,

375 1054 587 1139 666116
631 1061 734 1120 666
771 1053 839 1118 16
881 1052 1312 1137 signification
1355 1052 1442 1117 du
1485 1052 1881 1136 Baptesme?

1202 1153 1465 1209 n'mm.

543 1225 694 1289 Elle
743 1243 795 1296 6
835 1222 1010 1288 deux
1066 1224 1324 1306 parties.
1414 1222 1548 1289 Car
1587 1222 1652 1288 le
1696 1221 2024 1307 Seigneur
2062 1243 2230 1287 nous
2270 1241 2319 1305 y

372 1318 750 1395 represente
791 1308 855 1374 la
887 1309 1229 1374 remission
1262 1308 1345 1373 de
1367 1330 1488 1374 noz
1521 1308 1779 1392 pechez,
1819 1317 1887 1374 et
1919 1309 2064 1392 puis
2097 1313 2322 1371 nostre

372 1395 859 1481 regeneration‚
915 1416 999 1460 ou
1054 1393 1614 1461 renouvellement
1665 1395 1962 1477 spirituel
2017 1392 2219 1479 (Eph.
2260 1396 2316 1472 5,

377 1486 491 1563 263
535 1483 730 1548 Rom.
775 1486 834 1559 6,
871 1480 961 1565 4).

1134 1601 1199 1636 m
1233 1599 1489 1636 mmm.
1508 1582 1553 1650 ι)

540 1645 777 1735 Quelle
811 1650 1169 1717 similitude
1211 1672 1251 1716 a
1292 1651 1498 1716 l’eaue
1539 1672 1700 1717 avec
1742 1670 1851 1717 ces
1891 1650 2120 1716 choses
2153 1669 2319 1732 pour

367 1738 463 1803 les
506 1736 963 1821 representer?

1199 1838 1465 1892 n’mrm.

537 1909 797 1975 Pource
849 1927 979 1991 que
1034 1907 1100 1971 16
1156 1908 1501 1972 remission
1566 1906 1680 1973 (166
1739 1907 1980 1990 9661166
2027 1911 2131 1972 666
2186 1926 2316 1970 666

367 2015 595 2078 669666
638 1994 719 2059 (16
760 1993 1108 2070 1616111666,
1154 2012 1272 2074 961
1313 1992 1528 2075 166661
1571 2014 1692 2058 noz
1734 2013 1915 2058 ames
1967 2000 2115 2058 sont
2158 2013 2316 2075 pur-

365 2089 522 2166 gees
587 2079 668 2145 de
727 2078 904 2143 leurs
954 2078 1270 2156 macules,
1337 2078 1506 2148 ainsi
1559 2099 1684 2161 que
1735 2078 1834 2143 les
1898 2076 2169 2143 ordures
2222 2076 2312 2142 du

366 2187 558 2250 corps
599 2172 753 2231 6666
793 2170 1126 2248 nettoyees
1168 2184 1291 2247 par
1332 2164 1557 2229 l’eaue.

1164 2283 1230 2318 LE
1264 2284 1521 2319 mamm.

539 2333 886 2401 'touchant
927 2332 1161 2398 l'autre
1202 2333 1454 2416 partie?

1210 2434 1476 2492 n’masr.
2248 2455 2254 2470 ¹

532 2505 790 2570 Pource
845 2523 972 2586 que
1014 2502 1077 2568 16
1130 2510 1690 2570 commancement
1743 2501 1823 2568 de
1865 2511 2090 2570 nostre
2131 2525 2317 2617 rege-

360 2591 664 2657 neration
710 2596 838 2667 est,
894 2609 1020 2671 que
1064 2598 1286 2654 nostre
1340 2596 1574 2655 nature
1627 2590 1755 2656 soit
1795 2592 2141 2655 mortifiee:
2187 2590 2320 2654 lis-

361 2697 511 2756 sue,
578 2696 703 2759 que
746 2692 914 2739 nous
958 2694 1197 2759 soyons
1235 2674 1574 2740 nouvelles
1614 2682 1947 2741 creatores
1990 2696 2109 2758 par
2149 2676 2320 2744 l'Es-

361 2762 500 2846 prit
552 2761 634 2826 de
687 2761 879 2826 Dieu.
980 2759 1226 2825 L’eaue
1269 2759 1438 2826 donc
1479 2781 1647 2826 nous
1691 2769 1793 2827 est
1844 2761 2011 2825 mise
2077 2783 2193 2830 sur
2255 2761 2323 2827 la

363 2853 533 2915 mete
584 2861 674 2912 en'
737 2846 926 2930 61366
982 2844 1065 2910 (16
1111 2853 1312 2910 mort:
1380 2846 1720 2911 toutesfois
1775 2868 1860 2912 66
1917 2846 2071 2912 66116
2123 2855 2318 2927 66166,

363 2954 489 3017 666
533 2932 602 2998 16
648 2932 1086 2998 resurrection
1128 2952 1293 2997 6666
1336 2940 1438 2999 666
1479 2931 2016 2998 66161116111616666
2049 2934 2318 3017 1136166,

364 3040 447 3085 66
490 3040 567 3086 66
624 3039 750 3101 (166
794 3016 935 3083 6616
975 3037 1048 3083 66
1099 3017 1220 3082 fait
1261 3018 1624 3084 seulement
1679 3039 1845 3100 pour
1885 3040 2019 3083 une
2061 3019 2316 3084 6116666

365 3103 444 3171 (16
485 3109 725 3188 666196,
774 3113 841 3168 66
880 3122 1018 3167 666
1058 3122 1178 3186 966
1218 3123 1385 3186 9661
1423 3124 1593 3170 6666
1634 3125 1843 3190 noyer
1884 3124 1969 3169 66
2002 3105 2228 3170 1’6666.

1165 3224 1232 3260 u
1264 3225 1522 3261 mm·

536 3279 656 3355 [fol.
695 3279 802 3355 66]
845 3276 951 3340 'Pu
1004 3279 1306 3342 n’entens
1359 3296 1478 3359 pas
1519 3296 1644 3358 que
1696 3274 1905 3340 l’eaue
1947 3275 2075 3341 6616
2114 3274 2179 3340 16
2219 3274 2318 3340 16-

355 3368 633 3427 voment
673 3359 756 3427 (16
798 3383 921 3427 noz
964 3381 1164 3427 ames.

1210 3462 1481 3517 n’mm.

536 3531 693 3598 Non
730 3553 868 3616 pas.
958 3531 1095 3598 Oar
1135 3531 1275 3598 cela
1313 3531 1687 3615 appartient
1728 3552 1813 3596 au
1864 3551 2032 3615 sang
2087 3529 2168 3595 de
2210 3530 2317 3596 Ie-

361 3639 476 3685 sus
521 3618 752 3684 Ohrist
801 3618 1200 3695 seulement,
1258 3618 1370 3699 qui
1414 3639 1454 3682 6
1497 3623 1635 3682 6666
1680 3615 1975 3699 66966ἀ6
2014 3635 2180 3698 9661
2221 3616 2316 3681 ef-

362 3704 543 3771 sscer
606 3713 822 3768 tontes
877 3715 1002 3768 not
1053 3702 1467 3780 souilleures,
1535 3710 1605 3767 66
1643 3722 1812 3767 6666
1855 3700 2094 3766 rendre
2135 3723 2314 3785 purs,

362 3797 432 3855 66
472 3790 781 3872 impolluz
803 3787 1047 3854 devant
1066 3789 1242 3854 Dieu
1265 3789 1330 3866 (1
1360 3789 1589 3853 Pierre
1615 3792 1668 3868 1,
1701 3792 1774 3852 19
1790 3811 1806 3866 ;
1849 3792 1875 3851 l
1905 3787 2118 3854 161166
2146 3794 2197 3867 l,
2226 3787 2316 3872 7).

362 3874 462 3940 Oe
505 3876 616 3958 qui
661 3887 764 3939 est
805 3874 1136 3957 66661691)γ
1182 3895 1266 3939 66
1310 3895 1502 3954 6666,
1553 3871 1773 3958 quand
1817 3894 1938 3938 666
1979 3874 2317 3939 66666166-

362 3980 476 4026 666
539 3980 623 4025 66
688 3966 840 4026 6666
901 3968 1192 4025 61166666
1257 3981 1381 4043 961
1431 3959 1495 4024 16
1550 3960 1764 4025 661666
1813 3959 2055 4042 Esprit.
2142 3959 2318 4025 Mais

360 4065 490 4128 961·
529 4045 593 4110 16
639 4044 1029 4113 8661616666
1070 4045 1211 4112 6616
1251 4066 1419 4112 6666
1460 4052 1563 4112 666
1604 4045 1868 4112 66161116.

1163 4167 1232 4201 ui
1263 4167 1522 4203 mm·

537 4215 928 4281 Entens-tu
985 4235 1113 4299 que
1164 4216 1365 4283 l'eaue
1417 4237 1585 4284 6666
1637 4237 1722 4283 66
1775 4216 1903 4283 6616
1953 4214 2321 4281 6661616666

361 4300 797 4385 mengum?

1216 4403 1483 4460 n’mm.

540 4470 725 4537 O'est
778 4470 1118 4536 tellement
1157 4473 1370 4556 figure
1384 4524 1402 4553 ,
1462 4493 1588 4556 que
1642 4473 1710 4538 16
1760 4474 1970 4539 verite
2022 4477 2124 4537 666
2163 4489 2319 4538 con·

360 4554 613 4623 ioincte
672 4576 848 4622 avec.
951 4556 1083 4622 Gar
1137 4558 1313 4623 Dieu
1370 4579 1455 4623 ne
1505 4577 1674 4623 6666
1728 4566 1985 4641 9161666
2036 4559 2180 4624 1166
2235 4579 2318 4623 66

363 4640 558 4707 vain:
612 4661 907 4728 pai-quoy
948 4642 998 4706 il
1041 4650 1144 4708 est
1185 4643 1436 4708 certain
1470 4646 1666 4726 qu'au
1706 4643 2061 4726 Baptesme
2103 4643 2173 4709 16
2212 4665 2318 4709 16-

361 4726 649 4793 16166166
691 4726 806 4793 (166
847 4727 1088 4812 9661166
1131 4749 1299 4794 6666
1342 4735 1443 4795 666
1483 4728 1743 4807 offerte,
1788 4736 1858 4793 et
1898 4748 2062 4793 nous
2101 4728 2170 4794 16
2215 4750 2320 4795 16·

363 4832 630 4880 667666.

1677 345 2332 417 ssA'mOHISMUS
2378 347 2993 419 GENRVENSIS.

4245 359 4368 420 118

2421 534 2645 603 Coena
2686 559 2842 605 vero
2898 543 3209 617 testatur,
3265 537 3484 604 Deum
3536 559 3607 604 66
3647 538 3862 620 nobie,
3919 539 4171 608 6616166
4214 563 4369 608 666-

2419 629 2559 687 6166
2597 621 2848 704 6166(16,
2887 630 3146 707 9661661
3179 623 3505 689 exhibere.

2594 877 2743 960 Quo
2785 879 3024 946 clarius
3066 880 3252 946 nobis
3295 881 3662 948 innotescat
3702 883 4045 965 utriusque
4096 883 4368 964 veritas,

2422 963 2504 1029 de
2545 973 2822 1047 utroque
2865 985 3159 1031 seorsum
3202 973 3573 1032 tractemus.
3661 968 3993 1047 Ρ1116661,
4054 987 4222 1051 (1666
4262 976 4370 1034 666

2421 1049 2733 1133 baptismi
2770 1050 3191 1137 significatio?

2593 1222 2697 1287 Ea
2730 1221 2893 1288 (1666
2928 1221 3126 1287 1161166
3156 1173 3515 1306 pai-igni<
3514 1242 3624 1287 616
3653 1223 3746 1288 1111
3783 1224 4075 1290 remissio
4112 1230 4231 1304 [fol.
4258 1230 4369 1307 ⁷3]

2422 1316 2851 1392 peccatorum,
2899 1306 3135 1373 deinde
3176 1308 3535 1392 spiritualis
3570 1303 3977 1393 regeneratio
4018 1311 4365 1394 figuratur.

2596 1648 2776 1731 Quid
2812 1648 3266 1718 similitudinis
3294 1600 3524 1736 ines?
3536 1669 3744 1733 aquae
3787 1671 3936 1717 oum
3992 1651 4097 1718 his
4152 1653 4368 1735 rebus,

2421 1742 2501 1801 ut
2541 1758 2652 1802 666
2696 1736 3183 1820 repraesentet?

2592 1908 3023 1974 Peccator-um
3075 1859 3352 1990 (16616ῑέ
3352 1858 3689 1972 Ἥῶωἱο
3745 1905 3993 1989 6966166
4047 1914 4147 1973 666
4185 1907 4371 1975 lava-

2422 1994 2545 2072 cri,
2591 2013 2719 2076 quo
2763 1992 3020 2057 6611666
3063 1993 3200 2058 6616
3232 1993 3507 2058 maculis
3551 1991 4046 2075 absterguntur:
4089 2014 4225 2058 non
4268 2015 4375 2060 se-

2419 2098 2537 2144 cus
2580 2086 2775 2163 atque
2820 2099 2989 2162 6666
3031 2077 3388 2143 abluuntur
3425 2077 3715 2161 corporis
3759 2076 4000 2143 sordes.

3262 2283 3519 2319 mTEB.

2598 2332 2777 2415 Quid
2821 2333 2902 2399 de
2937 2333 3472 2418 regeneratione?

3319 2454 3472 2489 PUER-

2594 2503 2923 2584 Quoniam
3011 2505 3155 2570 6166
3225 2504 3491 2568 initium
3558 2510 3660 2569 est
3742 2510 4018 2569 naturae
4096 2511 4363 2571 nostrae

2421 2590 2865 2656 mortificatio:
2921 2590 3072 2654 finis
3124 2609 3313 2671 vero,
3367 2597 3445 2653 66
3500 2609 3709 2656 novae
3760 2601 4098 2654 creaturae
4141 2591 4368 2672 simus,

2422 2677 2494 2742 in
2551 2697 2626 2742 eo
2683 2676 2874 2742 nobis
2923 2676 3309 2759 proponitur
3362 2675 3593 2741 mortis
3644 2676 3885 2760 figura,
3942 2673 4117 2758 quod
4172 2677 4369 2758 capiti

2423 2783 2594 2845 aqua
2634 2761 2950 2827 iniicitur:
2999 2782 3211 2826 novae
3251 2769 3473 2828 autem
3518 2761 3721 2839 vitae,
3775 2762 3846 2836 16
3888 2781 3963 2825 66
4008 2760 4183 2844 666(1
4225 2782 4365 2826 666

2423 2868 2767 2913 1116661666
2831 2847 2953 2912 6611
3010 2867 3209 2931 aqua,
3248 2847 3559 2926 demersi,
3626 2845 3741 2911 sed
3810 2845 3895 2911 ad
3958 2855 4365 2916 momentum

2424 2932 2750 2999 duntaxat
2784 2933 3080 2999 subimus
3123 2941 3435 3017 66666616
3475 2933 3551 2997 16
3586 2931 3977 3015 sepulcrum,
4019 2941 4096 2998 ut
4136 2934 4367 2999 statim

2422 3040 2854 3103 emergamus.

2592 3274 2774 3342 Num
2816 3295 3053 3359 aquam
3088 3296 3230 3342 6666
3266 3224 3531 3340 agg-ammana
3571 3272 3909 3341 lavacrum
3951 3273 4221 3341 censes?

3317 3479 3470 3516 PUER-

2592 3531 3039 3614 Nequaquam.
3085 3530 3282 3596 Hunc
3304 3529 3482 3594 enim
3501 3529 3814 3596 honorem
3838 3530 4089 3613 eripere
4110 3529 4366 3597 Christi

2422 3616 2729 3702 sanguini
2769 3616 2954 3681 nefas
2989 3623 3117 3694 est,
3162 3615 3277 3698 qui
3318 3615 3464 3680 ideo
3509 3615 3755 3682 effusus
3796 3615 3949 3694 fuit,
3994 3623 4070 3680 66
4112 3617 4362 3682 abster-

2421 3704 2513 3769 sis
2569 3701 2872 3768 omnibus
2924 3701 3169 3766 nostris
3222 3700 3525 3779 maculis,
3579 3722 3781 3784 puros
3833 3721 4049 3766 coram
4095 3702 4240 3767 Deo
4297 3708 4365 3768 66

2421 3788 2798 3872 11696116666
2840 3808 2961 3852 666
2999 3786 3318 3852 16(1(16166.
3408 3788 3627 3869 Atque
3660 3787 3859 3853 huius
3903 3787 4165 3871 quidem
4208 3809 4367 3871 pur-

2419 3874 2703 3959 gationis
2758 3873 3045 3939 fructum
3098 3873 3519 3957 percipimus,
3574 3894 3777 3956 quum
3833 3893 4017 3939 sacro
4060 3872 4177 3937 illo
4216 3895 4368 3939 666-

2467 3961 2619 4025 6166
2661 3958 3089 4025 conscientias
3131 3966 3390 4024 nostras
3431 3958 3701 4041 spiritus
3744 3968 4011 4025 sanctus
4055 3960 4367 4043 aspergit.
4492 4003 4503 4016 .

2420 3982 2968 4131 &bsignationem
3012 4064 3169 4110 vero
3203 4045 3272 4109 in
3318 4051 3725 4110 sacramento
3758 4044 4097 4109 habemus.

2593 4214 2878 4295 Verum,
2935 4235 3154 4280 annon
3196 4165 3626 4298 &13³ssoe
3667 4214 3927 4294 tribuis,
3970 4213 4102 4279 nisi
4142 4221 4219 4281 66
4253 4216 4371 4282 611-

2419 4301 2689 4368 16616616
2732 4308 2989 4366 tantum
3033 4302 3119 4366 sit
3159 4300 3411 4384 figura?

3319 4421 3475 4462 rum.

2473 4509 2480 4532 ,
2594 4471 2710 4539 Sic
2749 4474 3032 4557 figuram
3085 4492 3228 4538 esse
3283 4472 3523 4550 sentio,
3586 4478 3666 4535 66
3708 4470 3909 4536 simul
3960 4490 4221 4538 annexa
4276 4473 4372 4540 sit

2422 4558 2689 4626 veritas.
2778 4559 3006 4641 Neque
3058 4559 3266 4637 enim,
3339 4576 3465 4622 sua·
3516 4553 3703 4623 nobis
3751 4555 3923 4623 dona
3977 4557 4366 4642 pollicendo,

2421 4663 2543 4710 666
2597 4645 2781 4710 1)666
2835 4645 3210 4710 frustratur.
3298 4641 3583 4708 Proinde
3650 4650 3719 4708 et
3782 4653 4194 4728 peccatorum
4249 4665 4370 4712 ve-

2422 4732 2631 4809 niam,
2678 4737 2745 4793 et
2784 4729 2965 4794 vitae
3006 4723 3366 4794 novitatein
3410 4729 3632 4794 offerri
3674 4730 3863 4796 nobis
3904 4730 3979 4795 16
4018 4731 4368 4814 baptismo,

2423 4824 2493 4882 66
2530 4816 2734 4899 recipi
2768 4833 2812 4878 a
2848 4813 3036 4880 nobis
3077 4822 3331 4880 certum
3374 4822 3494 4881 est.
4330 4875 4336 4881 .

684 5119 744 5186 1)
778 5119 861 5177 Le
892 5119 982 5178 49.
1014 5119 1309 5178 (1161666116.
1353 5149 1420 5161 -
1462 5117 1665 5176 L'eaue
1699 5119 1773 5176 du
1805 5120 2114 5191 Baptesme.
2164 5148 2233 5160 —
2276 5119 2476 5260 m
2511 5134 2793 5191 pourquoy
2826 5126 2915 5176 666
2947 5120 3085 5175 mise
3119 5137 3218 5176 661·
3248 5122 3305 5177 16
3336 5127 3497 5178 teste.
3541 5151 3608 5163 —
3650 5123 3732 5179 Le
3782 5139 3919 5188 sang
3960 5123 4031 5179 de
4064 5121 4245 5178 Christ
4278 5128 4367 5178 est

363 5193 636 5324 agga
615 5188 910 5313 1106616666,
962 5205 1074 5246 non
1131 5189 1322 5247 Peme.
1372 5216 1437 5230 -
1488 5189 1676 5246 Vei-ite
1731 5190 1931 5246 ioincte
1976 5205 2109 5246 avec
2166 5190 2223 5245 16

2514 5216 2584 5230 --
2627 5188 3024 5258 Regnorum
3068 5188 3203 5246 dont
3258 5189 3429 5261 prend
3488 5207 3551 5248 66
3592 5200 3763 5248 verta.
3800 5217 3869 5231 -
3911 5190 3995 5246 De
4040 5190 4241 5261 l’uuge
4289 5190 4366 5244 du

3886 5340 3952 5395 8*
