4967 5992
547 372 671 431 271

548 555 771 640 (Rom.
815 556 909 631 10,
954 552 1082 637 17).
1172 549 1286 617 Sic
1329 552 1505 615 enim
1548 550 1909 634 loquendo,
1969 573 2105 617 non
2148 550 2343 617 modo
2385 572 2504 617 ve-

547 660 693 704 ram
758 643 825 703 et
889 643 1166 712 certam,
1239 634 1357 702 sed
1420 637 1685 702 unicam
1749 638 1907 702 facit
1965 637 2267 722 regulam
2329 637 2502 708 fidei.

544 723 801 790 Verum
842 721 953 787 ubi
1005 744 1154 788 cum
1195 720 1545 788 haereticis
1586 730 1687 787 est
1728 731 2091 802 certamen,
2147 744 2280 788 non
2331 722 2505 787 mul-

547 813 719 889 tum,
778 809 1018 891 inquit,
1076 829 1227 872 cum
1285 809 1614 892 scriptura
1655 810 1980 892 proficias:
2043 828 2245 891 quam
2296 813 2507 872 totam

545 895 682 960 illis
737 900 1113 978 promptum
1171 899 1273 958 est
1329 892 1609 959 eludere.
1700 895 1955 960 Iterum
2013 894 2178 958 mihi
2232 913 2507 976 respon-

547 981 720 1060 deat,
765 979 921 1064 quid
965 978 1347 1044 mutationis
1393 977 1722 1060 acciderit,
1768 1002 1852 1046 ex
1895 1000 2025 1063 quo
2059 979 2312 1044 Paulus
2354 999 2508 1043 ver·

549 1068 709 1132 bum
761 1065 894 1131 Dei
951 1063 1246 1148 gladium
1300 1065 1715 1147 spiritualem
1767 1065 2075 1143 vocabat,
2146 1084 2277 1148 quo
2333 1070 2509 1128 totus

548 1150 759 1219 Satan
819 1151 1300 1234 opprimeretur
1366 1152 1640 1235 (Ephes.
1706 1155 1764 1230 6,
1821 1153 1948 1236 17).
2055 1148 2162 1216 Si.
2195 1148 2511 1215 adversus

548 1237 1030 1303 haereticorum
1095 1236 1393 1300 omnium
1448 1244 1649 1320 caput
1705 1235 1964 1320 gladius
2020 1242 2123 1300 est
2173 1235 2384 1301 victor
2433 1255 2509 1301 ac

545 1321 995 1406 triumphalia,
1051 1322 1164 1404 qui
1208 1323 1313 1398 fit,
1370 1329 1448 1386 ut
1500 1323 1817 1388 adversus
1871 1320 2169 1386 membra
2209 1328 2510 1385 retusum

544 1409 662 1488 sit,
725 1413 793 1474 et
843 1407 1030 1490 quasi
1086 1406 1529 1473 arundineum
1578 1406 1827 1472 telum?
1917 1407 2010 1471 Et
2065 1405 2176 1471 ubi
2231 1405 2356 1471 erit
2406 1406 2510 1473 vis

543 1495 660 1559 illa
701 1491 1112 1577 penetrandi,
1157 1513 1323 1574 quae
1366 1493 1466 1557 illi
1502 1493 1659 1559 alibi
1693 1492 2020 1571 tribuitur,
2067 1499 2142 1557 ut
2174 1491 2511 1575 pertingat

546 1599 751 1663 usque
804 1578 888 1644 ad
943 1576 1332 1643 divisionem
1387 1580 1646 1644 animae
1700 1586 1767 1643 et
1822 1578 2122 1660 spiritus,
2177 1576 2512 1642 discernat

547 1665 975 1750 cogitationes
1019 1662 1251 1742 cordis,
1297 1670 1416 1730 etc.
1461 1662 1696 1750 (Hebr.
1737 1668 1796 1742 4,
1841 1663 1995 1748 12)?
2085 1660 2512 1745 Respondeat

546 1752 917 1816 etiamnum
971 1747 1137 1811 mihi
1181 1748 1492 1832 Pighius,
1549 1754 2026 1832 perpetuumne
2079 1748 2167 1814 sit
2222 1747 2509 1831 elogium

547 1835 690 1914 hoc,
731 1855 819 1898 an
864 1833 1065 1897 unius
1106 1840 1367 1899 tantum
1410 1836 1668 1901 aetatis:
1716 1835 1931 1916 omnis
1977 1834 2306 1918 scriptura
2341 1832 2509 1897 divi·

546 1921 732 1987 nitus
786 1919 1133 2001 inspirata,
1192 1919 1376 1984 utilis
1430 1929 1532 1987 est
1575 1920 1659 1986 ad
1703 1917 2070 1985 docendum
2085 1970 2100 1998 ,
2155 1919 2238 1984 ad
2282 1916 2510 1983 redar-

548 2002 916 2090 guendum,
962 2002 1045 2067 ad
1087 2006 1565 2089 corrigendum,
1614 2006 1697 2071 ad
1735 2004 2245 2083 instituendum,
2289 2010 2365 2068 ut
2405 2004 2509 2067 in-

547 2098 738 2174 teger
779 2091 868 2155 sit
919 2089 1116 2153 homo
1159 2089 1287 2155 Dei
1344 2090 1414 2176 (2
1450 2093 1620 2157 mim.
1662 2096 1720 2171 3,
1765 2090 1892 2175 16).
1981 2091 2115 2156 Hic
2158 2091 2358 2155 etiam
2401 2109 2509 2155 ca-

548 2183 673 2260 put
715 2174 1033 2241 movebit:
1091 2176 1280 2258 quasi
1321 2199 1452 2242 non
1494 2178 1857 2261 providerit
1906 2177 2177 2260 spiritus
2221 2179 2506 2255 sanctus,

549 2261 762 2345 qualis
826 2262 1050 2325 futura
1113 2269 1286 2327 esset
1338 2263 1820 2329 haereticorum
1872 2263 2165 2328 vafrities
2227 2262 2301 2325 in
2371 2266 2508 2325 tor-

549 2346 826 2431 quendis
870 2366 946 2412 ac
989 2345 1428 2429 depravandis
1471 2349 1832 2432 scripturis.
1905 2347 2165 2412 Verum
2208 2346 2314 2412 cui
2355 2366 2509 2428 per-

549 2433 825 2500 suadeat
878 2453 950 2498 se
993 2432 1137 2497 Deo
1187 2434 1654 2517 sapientiorem
1696 2431 1882 2499 esse?
1973 2431 2169 2513 Quod
2220 2432 2279 2496 si
2332 2450 2510 2496 nuno

548 2540 803 2603 quoque
847 2537 1092 2602 negare
1135 2526 1397 2602 pergat,
1444 2520 1746 2585 sufficere
1787 2519 2175 2600 scripturam
2221 2516 2305 2581 ad
2350 2516 2509 2581 hae-

549 2606 787 2670 reticos
830 2602 1226 2687 arguendos,
1282 2602 1439 2686 quid
1482 2604 1661 2668 aliud
1718 2610 2048 2686 superest,
2106 2622 2305 2685 quam
2358 2622 2511 2667 cum

552 2689 972 2755 anathemate
1000 2686 1246 2766 illum,
1304 2697 1623 2771 tanquam
1676 2689 2043 2772 professum
2098 2695 2164 2752 et
2215 2688 2509 2770 pertina-

551 2795 697 2841 cem
740 2772 1039 2841 veritatis
1082 2771 1340 2837 hostem
1383 2772 1530 2839 able
1619 2774 1730 2838 re?
1820 2774 1961 2839 Nec
2003 2771 2183 2837 aliud
2236 2792 2312 2837 eo
2365 2772 2510 2838 loco

550 2860 803 2944 profert
844 2856 1115 2936 Paulus,
1162 2878 1358 2939 quam
1392 2878 1518 2941 quo
1599 2880 1722 2925 usu
1757 2858 1901 2941 ipso
1936 2856 2267 2923 didicerat.
2336 2858 2512 2922 Nam

552 2964 759 3027 quum
814 2941 1132 3007 adversus
1175 2942 1483 3023 Iudaeos,
1540 2944 1900 3027 quamlibet
1941 2943 2141 3008 duros
2185 2949 2252 3006 et
2291 2944 2512 3024 pervi-

552 3049 757 3107 caces,
802 3026 1184 3109 disputaret,
1231 3049 1367 3093 uon
1410 3028 1675 3095 aliunde
1719 3028 2022 3096 sumebat
2055 3049 2257 3108 arma,
2304 3028 2364 3092 si
2399 3050 2513 3094 ve-

552 3135 706 3179 rum
769 3112 971 3177 refert
1026 3114 1246 3179 Lucas
1312 3113 1487 3197 (Act.
1533 3119 1631 3195 17,
1683 3115 1772 3200 2).
1863 3114 2168 3197 Denique
2220 3113 2336 3178 ubi
2397 3112 2513 3177 diu

551 3199 967 3281 multumque
1008 3199 1216 3263 fuerit
1259 3198 1695 3282 disputatum,
1756 3200 1865 3268 hic
1909 3207 2009 3266 est
2041 3200 2217 3282 lapis
2271 3196 2512 3283 lydius,

553 3283 636 3348 ad
680 3285 863 3349 cuius
917 3304 1198 3349 examen
1252 3285 1611 3370 exigendae
1666 3293 1840 3351 sunt⁴
1879 3306 2106 3350 omnes
2160 3285 2511 3350 doctrinae.

551 3368 819 3436 Laudat
870 3369 1050 3434 enim
1103 3370 1372 3453 spiritus
1430 3376 1577 3451 [pag.
1617 3375 1722 3450 54]
1777 3377 2047 3438 sanctus
2093 3369 2515 3436 Thessaloni·

553 3475 806 3535 censes,
852 3456 967 3538 qui
1011 3476 1215 3539 quum
1259 3458 1661 3539 recepissent
1702 3477 1851 3521 cum
1896 3456 2078 3522 omni
2120 3456 2514 3541 promptitu-

554 3542 709 3607 dine
752 3541 1047 3618 verbum‚
1088 3540 1577 3626 investigabant
1631 3564 1714 3608 ex
1770 3541 2144 3627 scripturis,
2206 3563 2292 3607 an
2350 3542 2514 3607 haec

553 3627 650 3691 ita
694 3646 766 3690 se
793 3626 1130 3692 haberent
1181 3626 1364 3712 (ibid.
1404 3649 1572 3694 vers.
1617 3629 1743 3712 11).
1835 3627 2033 3693 Certe
2078 3634 2195 3693 aut
2236 3648 2369 3693 non
2413 3633 2516 3692 est

552 3711 924 3795 legitimum
976 3711 1339 3796 scripturae
1393 3734 1673 3780 examen
1726 3711 1811 3779 ad
1854 3711 2223 3796 probandas
2270 3710 2512 3777 doctri-

553 3818 696 3875 nas,
743 3803 860 3862 aut
897 3804 1076 3863 certa
1122 3799 1594 3882 perspicuaque
1646 3798 1803 3864 inde
1858 3797 2011 3864 fidei
2057 3798 2347 3863 definitio
2390 3796 2513 3862 ha-

552 3882 694 3949 beri
736 3890 970 3966 potest.
1059 3882 1409 3949 Praeclare
1454 3885 1899 3969 Augustinus,
1955 3884 2099 3963 ubi,
2145 3884 2385 3966 inquit,
2432 3880 2514 3947 de

550 3990 625 4035 re
667 3969 946 4035 obscura
988 3968 1390 4050 disputatur,
1445 3990 1580 4034 non
1623 3969 2094 4036 adiuvantibus
2138 3968 2515 4036 divinarum

553 4055 684 4121 scri
730 4063 1029 4120 turarum
1084 4055 1282 4119 certis
1335 4055 1655 4138 clarisque
1709 4055 2151 4135 documentis,
2209 4054 2515 4119 cohibere

552 4161 624 4207 se
708 4140 857 4206 ebet
897 4139 1190 4205 humana
1279 4142 1704 4224 raesumptio,
1757 4140 1927 4205 nihil
1965 4141 2243 4219 faciens,
2301 4140 2372 4204 in
2417 4137 2514 4202 al-

551 4236 768 4292 teram
809 4232 1067 4310 partem
1110 4223 1229 4291 dec
1255 4224 1517 4291 inando.
1584 4225 1760 4292 Huic
1803 4227 2166 4291 sententiae
2202 4225 2351 4308 quis
2387 4225 2516 4290 erit

552 4312 758 4392 locus,
806 4312 863 4377 si
905 4332 1042 4377 non
1085 4312 1347 4376 firmam
1394 4332 1469 4378 ac
1510 4317 1954 4391 constantem,
2001 4310 2330 4393 nullisque
2372 4331 2516 4375 ma-

555 4397 769 4464 chinis
813 4397 1325 4483 expugnabilem
1375 4397 1446 4461 in
1497 4397 1844 4480 scripturis
1888 4395 2352 4461 certitudinem
2394 4396 2515 4459 ha·

553 4482 709 4546 beat
747 4482 878 4546 Dei
921 4482 1208 4549 veritas?
1296 4483 1535 4567 Itaque
1576 4491 1808 4568 postea
1851 4481 2200 4561 concludit,
2246 4480 2514 4548 credere

557 4586 648 4644 se,
693 4565 864 4631 nihil
904 4567 988 4632 ad
1028 4569 1311 4635 salutem
1353 4570 1795 4635 necessarium
1831 4589 1975 4634 esso
2011 4568 2301 4651 cognitu,
2340 4564 2515 4649 quod

559 4671 695 4716 non
728 4650 967 4715 habeat
999 4654 1431 4720 clarissimam
1463 4654 1538 4720 in
1572 4655 1919 4738 scripturis
1957 4653 2512 4738 approbationem.

557 4736 754 4802 Nunc
790 4736 1001 4801 sancti
1035 4740 1160 4803 viri
1194 4740 1592 4823 imperitiam
1626 4742 1991 4807 subsannet
2012 4739 2312 4824 Pighius,
2343 4736 2516 4821 quod

560 4818 957 4906 disputando
1001 4844 1133 4888 non
1177 4831 1502 4904 a‘ssuetus,
1558 4827 1655 4891 ita
1703 4848 1846 4892 rem
1900 4826 2142 4893 habere
2184 4824 2350 4890 salso
2393 4844 2517 4908 pu-

559 4914 750 4973 taret.
841 4906 1046 4989 Atqui
1087 4909 1212 4976 hoo
1256 4909 1581 4977 scribebat
1637 4912 1771 4990 iam
1824 4932 2027 4977 senex
2041 4964 2058 4992 ,
2119 4931 2324 4994 quum
2378 4915 2516 4974 toto

560 4993 737 5059 vitae
780 4992 1121 5074 curriculo,
1168 4996 1497 5061 continuis
1540 4995 1856 5063 adversus
1891 4997 2111 5065 varios
2150 4995 2516 5061 haereticos

562 5077 1033 5145 certaminibus
1086 5099 1295 5162 paene
1338 5079 1637 5160 detritus,
1683 5083 2090 5166 experientia
2132 5082 2291 5147 satis
2333 5087 2518 5146 tene·

561 5169 696 5242 ret,
763 5170 1090 5247 quantum
1144 5172 1214 5230 et
1268 5163 1352 5230 ad
1406 5164 1773 5231 docendum
1828 5175 1896 5233 et
1950 5168 2035 5234 ad
2087 5165 2516 5251 pugnandum

561 5249 831 5320 valeant
871 5250 1252 5335 scripturae.

1845 361 2375 430 RESPONSIO
2420 360 2799 446 CONTRA
2840 360 3179 428 PIGHIU
3182 361 3258 427 M

2566 2337 2573 2440 *—

4442 361 4566 424 272

2780 551 3002 634 Atque
3042 547 3222 616 istud
3265 570 3423 616 sane
3458 568 3774 634 perquam
3816 554 3919 615 est
3951 548 4336 626 ridiculum,
4394 548 4571 631 quod
4700 553 4713 562 ‘

2608 634 2793 716 dum,
2849 634 2933 700 ob
2974 635 3206 701 dubios
3265 642 3334 700 et
3377 636 3687 701 obscuros
3743 635 4105 718 scripturae
4160 653 4397 700 sensus
4412 660 4449 711 ,·
4485 632 4574 699 ad

2611 721 2920 788 ecclesiae
2973 718 3424 786 definitionem
3466 720 3614 786 vult
3657 740 3777 785 nos
3822 720 4086 786 trahere
4101 770 4117 800 ‚
4172 719 4573 803 principium

2613 828 2810 872 suum
2846 828 2928 871 ex
2974 807 3319 890 scripturis
3362 806 3579 871 sumit.
3636 806 3843 888 Atqui
3875 806 4198 889 principia
4240 803 4575 868 αὐτόπιστα

2611 913 2754 958 esse
2797 899 3081 974 oportet:
3129 911 3295 976 qaae
3337 913 3444 958 res
3500 912 3827 955 summam
3866 891 4234 956 claritatem
4274 891 4573 975 requirit.

2613 975 2958 1060 Scriptum
3011 973 3113 1042 est
3126 1030 3143 1057 ,
3197 977 3444 1061 inquit,
3499 982 3777 1060 surgent
3818 974 4427 1059 pseudoprophetae
4442 1028 4461 1056 ,
4509 983 4578 1043 et

2614 1062 2928 1129 seducent
2979 1063 3221 1127 multos
3285 1063 3356 1127 in
3408 1062 3675 1128 nomine
3731 1082 3898 1127 meo.
3990 1060 4170 1142 Quid
4239 1062 4364 1127 sibi
4424 1062 4578 1129 vult

2612 1150 2685 1213 in
2739 1148 3004 1214 nomine
3046 1147 3345 1216 Christi?
3433 1147 3637 1213 Falsa
3700 1147 4181 1231 scripturarum
4243 1147 4576 1231 interpre-

2614 1234 2879 1299 tatione.
2970 1232 3150 1314 Quid
3192 1234 3246 1300 si
3292 1232 3572 1316 negem?
3661 1232 3817 1298 Non
3860 1233 4038 1297 enim
4082 1253 4259 1297 unus
4304 1239 4408 1298 est
4448 1233 4576 1298 fal-

2613 1317 2792 1383 lendi
2861 1317 3093 1384 modus
3148 1319 3219 1383 in
3276 1318 3531 1383 Christi
3586 1319 3868 1383 nomine.
3960 1315 4099 1384 Sed
4149 1318 4371 1384 valeat
4426 1319 4573 1388 hoo.

2613 1402 2956 1487 Sequitur:
3018 1403 3198 1485 Quid
3256 1412 3359 1469 est
3411 1401 3764 1469 seducere?
3823 1401 4142 1468 Seorsum
4197 1402 4436 1471 ducere
4491 1403 4577 1470 ab

2614 1491 2868 1555 unitate
2912 1490 3218 1572 corporis.
3308 1489 3453 1556 Imo
3497 1487 3672 1573 quod
3716 1488 3876 1554 dicit
3906 1489 4206 1572 Pighius,
4250 1496 4354 1555 est
4395 1510 4578 1557 seor-

2615 1596 2763 1640 sum
2806 1576 2919 1642 ire.
2993 1573 3303 1641 Christus
3347 1575 3527 1640 enim
3571 1573 3730 1640 dicit
3772 1574 4177 1654 πλανήσωσι,
4242 1575 4419 1658 quod
4450 1575 4578 1641 fal—

2612 1660 2750 1726 lere
2795 1667 2862 1726 et
2904 1660 3203 1744 decipere
3258 1660 3603 1744 significat.
3693 1659 3825 1726 Hic
3869 1670 4095 1725 autem
4135 1661 4209 1725 in
4252 1661 4577 1745 etymolo-

2614 1746 2725 1831 gia
2763 1743 2968 1826 verbi,
3015 1766 3141 1828 quo
3184 1766 3525 1829 nunquam
3568 1766 3729 1811 usus
3772 1751 3875 1811 est
3917 1743 4259 1825 Christus,
4303 1747 4578 1829 puerili-

2614 1839 2719 1897 ter
2790 1830 3309 1915 philosophatur.
3420 1830 3606 1895 Nihil
3675 1830 3923 1895 mirum
4004 1831 4063 1895 si
4131 1837 4270 1896 tam
4337 1831 4579 1898 dubiae

2615 1924 2774 1983 sunt
2827 1915 3190 1999 scripturae
3242 1916 3329 1982 Pi
3375 1915 3516 1995 hio,
3575 1915 3690 2000 qui
3742 1924 3883 1980 tam
3934 1916 4214 2000 profana
4268 1919 4420 1996 [pag.
4466 1922 4577 1998 55]

2616 2000 2890 2068 audacia
2941 2003 3013 2067 in
3065 2001 3199 2067 illis
3251 2002 3322 2066 lu
3372 2002 3421 2065 ‘t
3487 2021 3564 2067 ac
3620 2001 3895 2067 lascivit.
3987 2000 4124 2068 Sed
4177 2001 4304 2068 hoc
4356 2010 4581 2069 extre-

2613 2109 2759 2153 mae
2801 2086 3240 2171 improbitatis
3286 2095 3413 2164 est,
3460 2086 3635 2171 quod
3680 2108 3801 2152 sua
3843 2093 4232 2168 commenta,
4274 2094 4419 2153 tam
4457 2089 4580 2153 fri-

2615 2173 2766 2241 vola
2807 2179 2875 2239 et
2907 2173 3274 2257 nugatoria,
3318 2193 3440 2255 pro
3475 2173 3765 2257 genuino
3800 2173 4166 2256 scripturae
4201 2194 4403 2239 sensu
4437 2181 4581 2239 tam

2615 2258 2924 2325 audacter
2974 2260 3276 2342 ingerere
3290 2309 3307 2337 ,
3364 2259 3561 2341 idque
3614 2258 3756 2324 loco
3807 2259 4143 2341 principii,
4197 2258 4368 2324 nihil
4423 2280 4581 2325 eum

2615 2342 2836 2428 pudet.
2927 2342 3062 2410 Sed
3138 2364 3492 2428 pergamus
3566 2343 3641 2408 in
3708 2343 3835 2410 hac
3912 2343 4088 2409 bolla
4143 2345 4578 2427 expositione.

2615 2430 2989 2509 Desertum,
3035 2429 3329 2514 angulos,
3374 2428 3756 2512 penetralia,
3804 2428 4154 2513 allegorico
4190 2451 4410 2510 sensu,
4456 2450 4581 2496 no-

2615 2536 2735 2581 vas
2778 2522 2848 2582 et
2899 2514 3268 2598 singulares
3324 2515 3697 2599 opiniones,
3758 2536 3798 2579 a
3838 2515 4172 2580 communi
4213 2515 4390 2580 illius
4433 2536 4583 2583 cor-

2613 2602 2792 2684 poris
2836 2622 3033 2667 sensu
3068 2607 3436 2680 extraneas,
3481 2599 3816 2683 intelligit.
3888 2597 4027 2666 Sed
4051 2599 4210 2684 quid
4253 2601 4309 2667 si
4345 2600 4583 2669 chris-

2617 2694 2725 2752 tus
2761 2687 2902 2770 ipse
2936 2686 3129 2752 aliter
3152 2685 3327 2769 apud
3359 2685 3654 2751 Lucam?
3712 2685 3777 2750 N
3778 2708 3864 2750 on
3888 2687 4127 2766 veniet,
4161 2687 4398 2771 inquit,
4428 2708 4583 2772 reg-

2617 2793 2781 2837 num
2816 2772 2946 2837 Dei
2979 2793 3128 2837 cum
3165 2771 3618 2838 observatione
3629 2795 3646 2850 ;
3696 2791 3909 2854 neque
3945 2771 4194 2837 dicent:
4254 2793 4403 2838 ecce
4447 2773 4582 2853 hic,

2618 2864 2752 2936 aut,
2779 2878 2927 2923 ecce
2964 2856 3117 2923 illic.
3186 2858 3360 2922 Ecce
3403 2858 3581 2922 enim
3626 2876 3915 2940 regnum
3958 2857 4086 2922 Dei
4114 2858 4294 2922 intra
4323 2879 4444 2923 vos
4477 2863 4587 2923 eet

2616 2943 2811 3028 (Luc.
2844 2947 2940 3022 17,
2968 2943 3098 3023 20).
3147 2939 3452 3008 Eandem
3470 2941 3816 3007 historiam
3836 2940 3992 3008 licet
4012 2963 4148 3007 non
4170 2943 4406 3008 iisdem
4426 2963 4585 3009 ver-

2604 3028 2719 3094 bis
2733 3079 2750 3106 ,
2798 3027 2926 3092 duo
2961 3028 3405 3111 evangelistae
3437 3027 3745 3092 referunt.
3806 3026 4258 3112 Allegoricum
4307 3049 4585 3095 sensum

2616 3113 3133 3179 comminiscitur
3144 3114 3424 3198 Pighius
3446 3114 3517 3177 in
3540 3111 3758 3179 verbis
3779 3112 4131 3179 Matthaei:
4159 3113 4303 3180 dico
4320 3115 4586 3180 nullum

2618 3220 2760 3265 esse
2802 3200 3014 3283 magis
3040 3198 3245 3264 fidum
3287 3200 3716 3281 interpretem
3757 3200 3900 3281 ipso
3925 3197 4213 3280 Christo,
4256 3201 4369 3283 qui
4383 3198 4587 3283 „apud

2618 3286 2889 3364 Lucam,
2935 3286 3078 3350 siue
3120 3284 3273 3349 ullis
3316 3286 3565 3367 figuris,
3612 3305 3682 3349 se
3717 3283 3884 3348 nihil
3928 3283 4108 3349 aliud
4154 3285 4326 3352 velle
4371 3293 4585 3352 testa·

2618 3377 2747 3450 tur,
2785 3391 2986 3453 quam
3020 3391 3299 3454 regnum
3336 3369 3465 3435 Dei
3501 3369 3839 3452 spirituale
3877 3389 4050 3435 esse:
4088 3369 4368 3455 ideoque
4403 3392 4585 3438 com-

2618 3457 2937 3521 mentitiis
2992 3456 3554 3521 observationibus
3596 3476 3729 3520 non
3776 3454 4204 3540 alligandum.
4293 3457 4583 3538 Interea,

2618 3541 2865 3624 inquit,
2912 3541 3069 3606 dum
3111 3542 3374 3607 veniam
3419 3540 3503 3605 ad
3544 3539 3889 3619 iudicium,
3936 3543 4238 3625 regnabit
4279 3542 4352 3607 in
4395 3542 4586 3610 vobis

2620 3627 2805 3693 Deus
2849 3625 3313 3710 spiritualiter:
3371 3625 3675 3709 regnabit
3728 3625 3803 3690 in
3860 3627 4275 3692 conscientiis
4318 3630 4582 3707 vestris,

2617 3732 2738 3864 {11⁰}
2779 3712 3846 3864 iussffssffiguffiffioesszeffiff’
3861 3712 4586 3882 ἑῗ-ῗᾱῗᾛῖῗηῗὲῒ

2618 3883 2767 3967 Ego
2827 3889 3057 3948 autem
3118 3904 3353 3981 quum·
3381 3883 3676 3962 veniam,
3742 3883 3954 3948 instar
4008 3882 4290 3983 fulguris
4343 3885 4585 3964 subito,

2617 3975 3960 4138 {ssfflsgzfflxissffiutfipssssss‘ffla
3999 3968 4101 4119 ³11¹}
4145 3970 4584 4136 &⁰333AE

2618 4140 2711 4204 ita
2753 4146 3084 4205 momento
3127 4160 3277 4219 uno,
3322 4140 3394 4204 in
3435 4140 3572 4206 ictu
3614 4139 3802 4219 oculi,
3847 4137 4044 4206 simul
4087 4140 4585 4221 manifestabor,

2617 4225 2908 4291 tribunal
2928 4225 3381 4304 conscendam,
3427 4231 3641 4290 totum
3661 4225 3985 4290 mundum
4019 4225 4367 4293 advocabo.
4424 4226 4587 4293 Non

2618 4319 2720 4375 est
2760 4311 2969 4396 igitur
3005 4311 3177 4394 quod
3218 4310 3289 4375 in
3334 4311 3440 4376 his
3476 4317 3615 4376 tam
3649 4310 3844 4377 claris
3877 4318 3944 4376 et
3985 4310 4390 4396 simplicibus
4425 4332 4584 4378 ver-

2617 4397 2720 4461 bis
2754 4397 3122 4480 penetralia
3156 4404 3225 4461 et
3259 4396 3544 4462 latebras
3591 4397 4056 4481 allegoriarum
4103 4398 4431 4480 quaeritet
4460 4397 4583 4464 Pi·-

2620 4481 2834 4565 ghius.
2924 4480 3062 4549 Sed
3105 4482 3452 4548 audiamus
3497 4489 3755 4547 acutam
3799 4482 4301 4549 conclusionem.
4374 4483 4436 4549 E
4562 4536 4581 4563 ,

2618 4568 2864 4650 inquit,
2920 4576 3150 4634 monet
3191 4567 3529 4645 Christus,
3590 4588 3676 4633 ne
3719 4589 4050 4649 exeamus,
4140 4565 4378 4634 Unde?
4466 4570 4583 4636 Ab

2617 4652 2735 4718 illo
2790 4673 3076 4738 corpore.
3163 4653 3259 4718 Et
3312 4674 3395 4718 ne
3450 4654 3594 4736 quis
3650 4652 3994 4731 obtendat,
4053 4675 4123 4719 se
4167 4653 4422 4721 nescire
4462 4654 4584 4721 ubi

2619 4738 2710 4805 sit
2747 4760 2984 4823 corpus
3025 4739 3213 4819 illud,
3259 4738 3531 4806 evidens
3585 4745 3652 4805 et
3705 4738 4048 4805 infallibile
4103 4739 4369 4823 signum
4421 4762 4583 4807 mox

2666 4827 2940 4908 roponit.
3028 4825 3159 4892 Ubi
3215 4825 3342 4890 erit
3382 4845 3649 4909 corpus,
3705 4824 3862 4892 illuc
3916 4823 4175 4909 aquilae
4217 4844 4584 4911 congrega-

2665 4918 2886 4978 untur.
2978 4911 3177 5011 Quae·
3236 4917 3405 5011 ‘sunt
3450 4909 3768 5009 aquilae?
3856 4910 3923 4976 N
3923 4931 4113 5011 empe
4191 4909 4273 5011 de
4338 4911 4585 4994 quibus

2619 4998 2960 5149 ξὲῗιξίξῗιξξὸ
2982 5002 3286 5168 Ἐξιίῑιὶἓῗ
3299 5048 3312 5061 ⁶
3324 5003 4587 5168 igusuffiisszrofgrliihsttdraelfficffnffigne

2621 5176 3109 5251 congregantur
3149 5167 3304 5234 illae
3347 5167 3623 5252 aquilae,
3667 5166 3804 5234 illic
3846 5189 3990 5234 esse
4025 5187 4278 5252 corpus,
4325 5169 4434 5234 cui
4472 5189 4584 5236 ae-

2622 5251 2857 5318 sociari
2912 5261 2978 5319 et
3035 5259 3182 5335 [pag.
3231 5257 3337 5332 56]
3391 5254 3764 5320 consentire
3831 5253 4098 5338 debeas,
4170 5273 4257 5318 ne
4324 5251 4586 5323 dubita.
