4967 5992
2032 374 2773 473 PROLEGOQA.
4182 377 4435 447 xxxi

708 567 1084 651 Antequam
1129 564 1452 632 editiones
1496 565 1649 631 libri
1691 584 2166 642 recenseamus,
2212 564 2507 648 singulas
2552 563 2694 629 eius
2736 570 2987 646 palice,
3053 562 3331 629 diversis
3374 563 3779 648 temporibus
3836 572 3909 630 ut
3953 565 4243 632 diximus
4288 589 4444 634 con—

406 680 709 763 scriptas,
748 697 1136 743 enumerare
1179 676 1368 756 libet,
1412 697 1540 761 quo
1582 677 1838 743 facilius
1851 727 1867 755 ‚
1913 696 2143 741 earum
2189 675 2443 758 origine
2488 684 2555 740 et
2599 682 2811 741 aetate
2855 675 3147 759 cognita,
3203 695 3331 759 quo
3371 674 3565 740 modo
3608 674 3876 741 tandem
3921 678 3993 743 in
4037 698 4249 744 unum
4293 701 4445 746 sen-

410 791 536 856 sim
581 790 891 856 volumen
934 789 1319 867 coaluerint,
1362 788 1715 872 intelligas,

714 897 769 965 1.
859 900 1139 965 Initium
1180 899 1337 965 fecit
1380 919 1554 963 anno
1606 888 1767 962 154'3
1812 897 2076 964 libellus
2120 896 2236 962 De
2280 896 2650 964 vitandis
2695 896 3444 981 superstitionibus
3486 899 3750 981 proprie
3785 899 3880 965 sic
3924 899 4158 980 dictus,
4206 902 4442 985 gallico

412 1031 714 1078 sermone
757 1018 1069 1077 exaratus
1083 1062 1100 1090 ,
1155 1010 1279 1076 hoc
1322 1008 1548 1075 titulo:
1611 1009 1778 1075 Petit
1819 1008 2037 1074 traiote
2078 1013 2426 1074 monstrant
2467 1029 2588 1092 que
2641 1012 2784 1073 c'est
2825 1029 2944 1090 que
2984 1009 3115 1074 doit
3151 1008 3325 1089 faire
3367 1028 3457 1073 un
3511 1008 3748 1074 homme
3792 1010 3999 1090 fidele,
4056 1015 4444 1095 coqmissant

413 1124 481 1189 la
524 1123 713 1188 verite
754 1124 831 1188 de
873 1121 1246 1205 Z'Evanyile,
1290 1121 1507 1203 quand
1547 1120 1600 1185 il
1641 1126 1732 1185 est
1762 1126 1930 1185 entre
1974 1120 2062 1184 les
2090 1121 2396 1201 papistes.

720 1233 810 1298 Π.
900 1232 1031 1299 Cui
1085 1232 1441 1299 subiuncta
1493 1231 1838 1315 legebatur
1892 1232 2025 1295 iam
2082 1232 2154 1295 in
2209 1229 2496 1296 editione
2554 1230 2851 1313 principe
2896 1229 3170 1295 Calvini
3213 1230 3601 1314 Epistola
3646 1230 3916 1315 gallica,
3964 1232 4023 1297 d.
4072 1231 4131 1298 d.
4180 1236 4443 1320 Argen-

413 1346 612 1411 torati
661 1347 781 1419 12„
806 1342 990 1427 Sept.
1043 1347 1226 1422 1540,
1285 1341 1369 1407 ad
1424 1344 1709 1408 amioum
1775 1342 2105 1426 quendam
2146 1361 2582 1426 anonymum,
2640 1342 2752 1425 qui
2814 1342 2885 1405 in
2932 1341 3179 1407 ditione
3233 1342 3573 1425 papisticis
3629 1345 3830 1410 sacris
3874 1343 4133 1409 addicta
4176 1345 4439 1430 degenS,

411 1456 666 1522 autoris
729 1453 1074 1522 consilium
1131 1453 1636 1538 efflagitaverat,
1702 1474 1830 1537 quo
1897 1454 2175 1519 disceret
2250 1455 2392 1519 sine
2471 1453 2647 1519 vitae
2709 1452 3160 1537 libertatisque
3231 1452 3608 1517 discrimine
3678 1456 4114 1523 conscientiae
4179 1457 4441 1541 legibus

415 1568 808 1633 satisfacere.

721 1677 851 1742 111.
941 1676 1218 1742 Duobus
1264 1677 1368 1742 his
1411 1676 1671 1759 scriptis
1717 1696 1921 1759 quum
1964 1676 2165 1740 nimis
2208 1695 2437 1739 severe
2480 1674 2561 1739 de
2603 1674 2687 1739 iis
2740 1674 3064 1739 iudicasse
3106 1673 3463 1754 videretur,
3507 1676 3621 1758 qui
3666 1676 3855 1741 salva
3897 1679 4296 1749 conscientia
4337 1701 4443 1746 sae-

414 1788 541 1853 luti
594 1807 752 1853 suae
805 1786 1149 1853 consulere
1206 1808 1276 1853 se
1333 1807 1524 1870 posse
1581 1786 2053 1852 existimabant
2068 1838 2084 1864 ,
2140 1785 2451 1852 ecclesiae
2496 1785 2853 1851 catholicae
2897 1784 3133 1852 ritibus
3204 1806 3347 1852 sese
3400 1787 3992 1869 accommodantes,
4051 1812 4330 1874 eumque
4371 1792 4442 1857 in

414 1900 619 1964 finem
657 1897 1002 1965 Nicodemi
1049 1897 1463 1982 synedristae
1516 1898 1895 1981 exemplum
1956 1897 2409 1981 proferebant,
2468 1896 2584 1979 qui
2626 1897 2797 1961 clam
2840 1905 3038 1962 noctu
3082 1895 3307 1963 Iesum
3350 1897 3541 1978 adiit,
3589 1898 3880 1965 interdiu
3921 1902 4125 1967 sacris
4165 1899 4443 1969 iudaicis

416 2010 753 2088 intererat,
798 2031 972 2075 anno
1017 2010 1314 2092 sequenti
1362 2013 1524 2072 1544
1573 2008 1854 2074 alterum
1898 2008 2196 2075 libellum
2242 2007 2473 2086 edidit,
2534 2027 2731 2090 quem
2775 2008 3422 2073 Excusationem
3465 2009 3561 2075 ad
3602 2010 4442 2078 Pseudo-Nicodemi-

413 2128 546 2185 tas
601 2119 986 2203 appellavit,
1051 2121 1201 2186 hoc·
1228 2120 1450 2185 titulo:
1509 2120 1765 2186 Exeuse
1809 2120 1852 2183 ὰ
1895 2119 2247 2185 Messieurs
2291 2118 2378 2183 les
2424 2118 2870 2197 NicodemiteS,
2931 2138 3047 2182 sur
3101 2118 3167 2183 Za
3219 2119 3619 2201 complaincte
3662 2121 3855 2203 qu'ilz
3894 2122 4030 2203 font
4069 2125 4148 2189 de
4187 2145 4265 2189 sa
4307 2129 4442 2207 trop

409 2232 640 2315 yrand'
682 2232 961 2315 riyueur.

731 2340 920 2423 Quae
962 2348 1193 2425 postea
1236 2341 1464 2406 addita
1503 2348 1660 2407 sunt
1696 2339 2078 2424 appendicis
2118 2340 2263 2407 vice
2298 2340 2368 2405 in
2405 2339 2876 2406 recentioribus
2910 2339 3308 2405 editionibus
3342 2339 3712 2407 luculenter
3752 2343 4111 2410 introducit
4143 2344 4445 2411 Historia

405 2452 832 2519 ecclesiarum
887 2453 1275 2537 gallicarum
1332 2472 1501 2535 quae
1557 2451 1759 2535 vulgo
1815 2451 2032 2517 Bezae
2079 2451 2391 2517 tribuitur
2447 2450 2553 2514 his
2609 2451 2826 2516 verbis
2882 2450 3036 2535 (Ed.
3083 2452 3303 2517 Antw.
3359 2455 3523 2516 1580
3567 2473 3712 2536 pag.
3752 2458 3853 2517 48.
3954 2455 4080 2520 Ed.
4138 2456 4219 2521 de
4263 2455 4442 2522 Line

411 2567 577 2628 1841
640 2564 713 2629 Τ.
759 2565 813 2629 Ι.
860 2565 1117 2647 ρ.,30);
1186 2562 1264 2628 Il
1318 2568 1602 2629 s'esmeut
1657 2564 1789 2630 lors
1843 2583 1967 2628 une
2022 2564 2303 2646 question
2360 2567 2527 2627 entre
2579 2562 2872 2644 quelques
2911 2564 3051 2643 {uns
3109 2564 3187 2628 de
3230 2563 3466 2644 qualite
3506 2569 3701 2646 ayant
3741 2568 4215 2649 conynoessanoe
4255 2568 4332 2633 de
4375 2567 4442 2633 la

404 2675 627 2753 vente,
673 2674 717 2738 ὰ
763 2673 978 2754 Paris,
1028 2675 1072 2739 ὰ
1110 2675 1434 2741 l’occasion
1476 2675 1554 2740 de
1596 2695 1661 2740 ce
1703 2696 1821 2758 que
1864 2674 2026 2741 Iean
2073 2672 2322 2752 Gabzaein,
2376 2672 2676 2754 scachant
2717 2672 2993 2739 cambion
3033 2674 3085 2738 il
3124 2694 3169 2756 y
3211 2694 3288 2739 en
3331 2675 3501 2739 avait
3543 2675 3656 2757 qui
3697 2696 3765 2741 se
3804 2676 4106 2755 tladoient
4147 2698 4223 2742 en
4267 2678 4438 2745 leurs

402 2786 772 2867 intiaewnitee,
832 2787 1088 2868 iusque-s
1147 2787 1191 2850 ὰ
1244 2806 1312 2851 se
1352 2787 1609 2868 polluer-
1662 2788 1728 2852 es
1784 2786 2235 2851 abominatione
2286 2787 2363 2850 de
2417 2784 2677 2869 l'Eylise
2723 2785 3062 2866 Romaim,
3118 2787 3208 2853 les
3260 2786 3428 2852 avait
3482 2792 3662 2851 taxea
3717 2807 3795 2853 en
3834 2809 3925 2852 ua
3966 2790 4198 2853 certain
4239 2790 4440 2870 escrit,

401 2905 548 2981 trop
590 2900 925 2981 aiyrement
965 2898 1008 2961 ὰ
1051 2897 1186 2961 leur
1228 2898 1482 2980 appetit.
1573 2897 1697 2963 Les
1738 2917 1863 2961 uns
1904 2897 2076 2976 done,
2133 2901 2314 2978 qu’on
2373 2896 2625 2978 appella
2677 2897 2904 2977 depuis
2953 2896 3392 2975 Nicodemites,
3449 2898 3905 2980 maintenoyent
3958 2904 4142 2980 qu’on
4183 2901 4442 2980 pouvoit

404 3009 574 3076 aller
616 3009 658 3073 ὰ
699 3009 767 3073 la
810 3007 1048 3089 Messe,
1092 3029 1347 3090 pourvu
1390 3029 1505 3091 que
1550 3009 1607 3074 le
1648 3029 1814 3074 eoeur
1852 3012 1958 3091 n’y
1999 3010 2327 3073 consentist
2367 3009 2588 3090 point,
2633 3013 2691 3072 et
2732 3028 2875 3073 avec
2916 3010 2978 3073 ie
3019 3030 3096 3074 ne
3136 3029 3285 3091 scay
3328 3008 3561 3090 quelles
3606 3009 3964 3075 conditione.
4057 3011 4184 3075 Les
4227 3017 4439 3076 autres

403 3143 501 3189 au
544 3121 854 3186 contraire
898 3120 1165 3186 disoient
1217 3121 1376 3202 qu'il
1424 3121 1629 3202 falloit
1684 3119 1883 3185 servir
1925 3120 1969 3183 ὰ
2008 3118 2183 3184 Dieu
2225 3124 2562 3201 purement
2612 3119 2688 3184 de
2729 3139 2895 3184 coeur
2933 3124 2992 3184 et
3033 3120 3109 3184 de
3151 3139 3332 3202 corps
3385 3124 3440 3184 et
3480 3139 3548 3185 se
3585 3122 3819 3204 yarder
3870 3123 3947 3186 de
3998 3125 4193 3187 toute-s
4233 3123 4442 3204 pollu-

402 3234 589 3299 tione.
692 3229 774 3297 Ge
829 3231 1117 3313 different
1167 3231 1271 3312 fut
1322 3251 1506 3296 cause
1555 3236 1748 3314 qu'un
1800 3231 2038 3296 homone
2095 3250 2316 3312 expres
2366 3230 2468 3311 fut
2522 3231 2744 3314 envoy&
2800 3251 2924 3296 non
2977 3231 3306 3296 seulement
3350 3231 3393 3294 ὰ
3442 3233 3681 3296 Geneve
3736 3238 3795 3297 et
3837 3253 3911 3298 en
3957 3231 4182 3301 Suisse
4200 3284 4214 3313 ‚
4270 3236 4440 3300 mais

405 3344 594 3410 amsi
632 3342 675 3407 ὰ
722 3341 1095 3426 δύνωόοανρ
1147 3347 1204 3408 et
1255 3343 1511 3425 iusques
1555 3364 1632 3409 en
1693 3341 1861 3408 Saxe
1874 3394 1890 3421 ,
1945 3348 2005 3406 et
2050 3343 2265 3424 t'urent
2316 3342 2542 3425 depuis
2584 3347 2792 3409 toute-3·
2819 3343 2911 3407 les
2952 3362 3281 3424 response-s*
3321 3343 3685 3423 innorimees
3737 3343 4054 3410 ensemble.
4152 3344 4243 3410 Or
4282 3364 4439 3410 eom-

402 3455 551 3521 bien
590 3475 708 3537 que
750 3475 885 3537 par
941 3454 1148 3520 icelles
1203 3454 1294 3520 les
1334 3454 1668 3520 Allemans
1708 3454 2136 3520 aecordassent
2188 3454 2448 3535 quelque
2488 3454 2662 3520 chose
2704 3454 3098 3538 dadvantaye
3141 3474 3260 3535 que
3294 3455 3386 3520 les
3427 3459 3670 3534 andree,
3731 3455 3783 3519 il
3833 3455 3934 3535 fut
3974 3453 4292 3536 toutesfois
4333 3475 4439 3520 ar-

405 3567 579 3633 reete
618 3567 770 3631 d’un
811 3586 1096 3632 commun
1136 3566 1386 3645 accord,
1441 3566 1625 3648 qu’on
1664 3586 1742 3630 ne
1784 3570 1937 3647 peut
1981 3566 2185 3629 servir
2225 3566 2268 3629 ὰ
2308 3566 2477 3631 deux
2520 3567 2831 3631 maistres,
2924 3564 3007 3631 Ge
3049 3566 3161 3648 qui
3210 3566 3435 3646 ferma*
3457 3564 3525 3629 la
3565 3564 3788 3631 boucha
3817 3585 3988 3649 pour
4027 3565 4156 3631 zors
4199 3564 4243 3629 ἀ
4284 3585 4438 3631 ceux

407 3679 527 3761 qui
570 3677 890 3762 s'estoyent
930 3678 1117 3743 voulu
1160 3677 1413 3744 couvrir
1453 3676 1607 3742 d’un
1650 3697 1758 3742 sac
1798 3676 2085 3742 mouille.-
2126 3682 2184 3741 et
2222 3677 2324 3760 fut
2366 3697 2551 3743 cause
2593 3697 2658 3742 ce
2700 3677 2985 3759 different
3024 3677 3174 3741 d'un
3231 3676 3560 3760 tresyrand
3602 3675 3772 3757 bien,
3821 3678 4153 3760 plusiewrs
4186 3681 4441 3743 s’estant

410 3790 623 3857 resolu
667 3790 742 3855 de
784 3809 850 3854 se
892 3788 1142 3855 desdier
1184 3788 1273 3854 du
1315 3794 1450 3854 tout
1489 3789 1532 3853 ὰ
1575 3788 1768 3869 Dieu,
1814 3790 1928 3871 qui
1967 3788 2448 3873 s'endwnoyent
2491 3810 2578 3855 au
2611 3794 2934 3871 paravant
2975 3790 3140 3855 dans
3181 3788 3469 3854 Pordure.

724 3900 932 3965 Vides
977 3921 1140 3984 quae
1192 3901 1393 3966 fuerit
1444 3901 1628 3986 origo
1674 3900 2233 3967 Consiliorum
2276 3900 2417 3966 sive
2461 3921 2928 3984 responsorum
2971 3921 3137 3984 quae
3181 3922 3221 3965 a
3279 3899 3483 3965 variis
3537 3899 3864 3983 theologis
3906 3899 3988 3964 de
4032 3898 4261 3965 eadem
4300 3919 4439 3963 ma-

405 4014 584 4079 teria
637 4013 1004 4095 conscripta
1056 4018 1287 4094 postea
1341 4012 1533 4096 bigae
1596 4012 1971 4079 libellorum
2023 4011 2541 4077 calvinianorum
2595 4013 2941 4078 subiuncta
2992 4013 3281 4078 fuerunt.
3383 4009 3564 4077 Sunt
3632 4031 3712 4076 ea
3769 4011 3890 4076 IV.
3945 4010 4241 4093 Philippi
4293 4010 4440 4073 Me·

404 4123 859 4202 lanchthonis,
906 4121 1135 4188 datum
1179 4122 1237 4187 d.
1293 4127 1387 4187 17.
1434 4124 1690 4207 Aprilis
1743 4128 1925 4202 1545,
1970 4122 2142 4206 quod
2186 4122 2385 4188 etiam
2430 4131 2651 4190 exstat
2704 4146 2907 4189 manu
2952 4125 3270 4207 scriptum
3314 4123 3385 4187 in
3427 4122 3740 4190 Archivis
3784 4122 4095 4188 ecclesiae
4137 4119 4439 4185 Bernen-

406 4237 508 4302 sis
551 4244 619 4300 et
662 4234 1067 4314 Turicensis,
1127 4241 1194 4302 et
1235 4235 1305 4299 in
1361 4235 1740 4302 collectione
1787 4234 2187 4301 Simleriana
2229 4235 2410 4300 Tom.
2461 4240 2562 4300 56.
2653 4236 2736 4300 V.
2784 4235 3060 4301 Martini
3117 4236 3392 4313 Buceri,
3451 4233 3680 4299 datum
3725 4232 3785 4296 d.
3832 4237 3889 4296 8.
3938 4230 4103 4296 Maii
4145 4229 4438 4295 eiusdem

407 4347 597 4425 anni,
641 4354 708 4411 et
750 4346 872 4411 VI.
915 4346 1105 4412 Petri
1169 4346 1489 4433 Martyris
1554 4346 1949 4432 (Vermilii),
2013 4347 2156 4413 sine
2211 4344 2314 4411 die
2372 4354 2440 4411 et
2493 4347 2789 4427 consule,
2845 4368 3079 4414 verum
3132 4346 3363 4413 eodem
3421 4347 3698 4409 fortasse
3753 4350 4046 4425 tempore
4100 4342 4435 4425 scriptum,

402 4478 619 4543 quum
660 4458 960 4524 Bucerus
1018 4465 1087 4523 et
1140 4457 1294 4523 huic
1351 4479 1543 4524 suum
1597 4478 1839 4524 nomen
1890 4458 2365 4542 subscripserit.
2455 4458 2684 4523 Etiam
2739 4458 2824 4524 ad
2877 4460 3254 4525 Lutherum
3308 4456 3535 4520 literas
3593 4451 3862 4519 dederat
3903 4451 4226 4520 Calvinus
4271 4472 4326 4517 a.
4374 4452 4434 4518 d.

404 4569 579 4635 XII.
627 4569 766 4635 Gal.
813 4568 1008 4635 Febr.
1068 4572 1262 4647 1545,
1305 4568 1519 4633 simul*
1545 4568 1768 4634 missis
1812 4567 2063 4636 duobus
2118 4570 2254 4636 suis
2299 4568 2567 4650 libellis,
2622 4582 3102 4655 rogaveratque
3159 4575 3233 4633 ut
3288 4566 3684 4632 sententiam
3729 4584 3916 4630 suam
3961 4563 4041 4629 de
4081 4562 4195 4629 illa
4237 4585 4437 4648 quae-

404 4682 628 4747 stione
669 4679 1074 4746 rescriberet.
1165 4679 1376 4745 Cuius
1419 4677 1752 4763 epistolae,
1797 4701 1929 4745 non
1973 4702 2104 4745 uno
2148 4689 2408 4746 tantum
2452 4683 2720 4747 nomine
2763 4683 3049 4747 maxime
3094 4676 3555 4755 memorabilis,
3601 4696 3802 4758 quum
3845 4676 3981 4741 iam
4025 4675 4288 4760 saepius
4331 4683 4437 4760 ty-

404 4793 517 4877 pis
561 4790 737 4858 edita
774 4790 864 4856 sit
909 4791 1088 4875 (vide
1131 4792 1308 4855 inter
1351 4789 1483 4855 alia
1523 4790 1782 4873 Henry,
1829 4791 1903 4855 Τ.
1953 4790 2046 4855 II.
2094 4793 2265 4876 App.
2308 4814 2370 4876 p.
2418 4796 2569 4879 106)
2615 4792 2739 4860 hoc
2778 4794 2918 4860 loco
2960 4791 3119 4857 satis
3174 4789 3491 4855 habemus
3535 4788 3940 4854 mentionem
3984 4788 4231 4853 fecisse.
4321 4786 4435 4853 In-

402 4903 599 4970 clusa
652 4910 797 4968 erat
839 4901 1002 4967 haec
1045 4900 1309 4967 Calvini
1374 4900 1649 4984 epistola
1687 4900 1804 4964 alii
1858 4901 1942 4967 ad
1984 4902 2570 4969 Melanchthonem
2626 4905 2936 4987 scriptae,
3004 4918 3202 4984 quem
3246 4898 3564 4966 Calvinus
3609 4920 3804 4965 suum
3847 4895 4022 4981 apud
4064 4896 4438 4962 Lutherum

398 5023 763 5101 patronum
806 5020 873 5079 et
914 5012 1305 5080 advocatum
1347 5033 1491 5079 esse
1529 5013 1811 5091 volebat,
1856 5033 1944 5079 ne
1986 5013 2069 5079 ob
2109 5012 2568 5097 praecedentia
2610 5014 2881 5081 dissidia
2924 5033 3122 5079 causa
3163 5034 3283 5079 sua
3324 5011 3674 5078 excideret.
3752 5000 4234 5077 Melanchthon
4276 5029 4436 5075 vero

400 5126 543 5191 hoc
583 5126 920 5209 negotium
964 5124 1294 5208 suscipere
1330 5124 1680 5203 recusavit,
1726 5131 1793 5189 et
1833 5124 2058 5191 literas
2104 5124 2367 5191 Oalvini
2410 5125 2712 5192 Luthero
2751 5146 2888 5191 non
2932 5122 3224 5203 tradidit,
3272 5145 3466 5208 quem
3512 5122 3771 5189 dicebat
3811 5120 4021 5186 multa
4062 5120 4192 5183 iam
4237 5118 4436 5183 nimis

404 5236 769 5318 suspiciose
815 5237 1126 5319 accipere,
1172 5244 1242 5300 et
1285 5257 1440 5301 suas
1484 5236 1944 5319 responsiones
1989 5235 2069 5303 de
2114 5236 2357 5303 talibus
2400 5236 2892 5321 quaestionibus
2935 5235 3112 5303 nolle
3155 5235 3579 5302 circumferri.
