<?xml version="1.0" encoding="UTF-8"?>
<!DOCTYPE html PUBLIC "-//W3C//DTD XHTML 1.0 Transitional//EN"
    "http://www.w3.org/TR/xhtml1/DTD/xhtml1-transitional.dtd">
<html xmlns="http://www.w3.org/1999/xhtml" xml:lang="en" lang="en">
 <head>
  <title>
</title>
<meta http-equiv="Content-Type" content="text/html;charset=utf-8" />
  <meta name='ocr-system' content='tesseract 3.04.00' />
  <meta name='ocr-capabilities' content='ocr_page ocr_carea ocr_par ocr_line ocrx_word'/>
</head>
<body>
  <div class='ocr_page' id='page_1' title='image "./ioanniscalvinio02unkngoog_0105.png"; bbox 0 0 4967 5992; ppageno 0'>
   <div class='ocr_carea' id='block_1_1' title="bbox 313 402 433 465">
    <p class='ocr_par' dir='ltr' id='par_1_1' title="bbox 313 402 433 465">
     <span class='ocr_line' id='line_1_1' title="bbox 313 402 433 465; baseline 0.017 -2"><span class='ocrx_word' id='word_1_1' title='bbox 313 402 433 465; x_wconf 81' lang='lat'><strong>133</strong></span> 
     </span>
    </p>
   </div>
   <div class='ocr_carea' id='block_1_2' title="bbox 306 585 2262 4770">
    <p class='ocr_par' dir='ltr' id='par_1_2' title="bbox 307 585 2259 824">
     <span class='ocr_line' id='line_1_2' title="bbox 309 585 2255 674; baseline 0.003 -22"><span class='ocrx_word' id='word_1_2' title='bbox 309 586 358 652; x_wconf 91' lang='lat' dir='ltr'><strong>il</strong></span> <span class='ocrx_word' id='word_1_3' title='bbox 409 585 793 653; x_wconf 78' lang='lat' dir='ltr'><strong>commende</strong></span> <span class='ocrx_word' id='word_1_4' title='bbox 844 609 968 671; x_wconf 90' lang='lat' dir='ltr'><strong>que</strong></span> <span class='ocrx_word' id='word_1_5' title='bbox 1022 596 1172 656; x_wconf 90' lang='lat' dir='ltr'><strong>tous</strong></span> <span class='ocrx_word' id='word_1_6' title='bbox 1226 590 1295 655; x_wconf 91' lang='lat' dir='ltr'><strong>la</strong></span> <span class='ocrx_word' id='word_1_7' title='bbox 1352 590 1600 656; x_wconf 77' lang='lat' dir='ltr'><strong>sacione</strong></span> <span class='ocrx_word' id='word_1_8' title='bbox 1655 597 1698 655; x_wconf 76' lang='grc'><strong>6</strong></span> <span class='ocrx_word' id='word_1_9' title='bbox 1751 612 1872 657; x_wconf 89' lang='grc'><strong>666</strong></span> <span class='ocrx_word' id='word_1_10' title='bbox 1937 592 2255 674; x_wconf 86' lang='lat' dir='ltr'><strong>exemple.</strong></span> 
     </span>
     <span class='ocr_line' id='line_1_3' title="bbox 307 672 2259 760; baseline 0.002 -21"><span class='ocrx_word' id='word_1_11' title='bbox 307 672 407 739; x_wconf 87' lang='lat' dir='ltr'><strong>Or</strong></span> <span class='ocrx_word' id='word_1_12' title='bbox 445 673 494 736; x_wconf 92' lang='lat' dir='ltr'><strong>il</strong></span> <span class='ocrx_word' id='word_1_13' title='bbox 539 673 717 738; x_wconf 90' lang='lat' dir='ltr'><strong>avoit</strong></span> <span class='ocrx_word' id='word_1_14' title='bbox 753 674 910 740; x_wconf 87' lang='lat' dir='ltr'><strong>faict</strong></span> <span class='ocrx_word' id='word_1_15' title='bbox 952 676 1138 741; x_wconf 88' lang='lat' dir='ltr'><strong>office</strong></span> <span class='ocrx_word' id='word_1_16' title='bbox 1182 676 1263 741; x_wconf 90' lang='lat' dir='ltr'><strong>de</strong></span> <span class='ocrx_word' id='word_1_17' title='bbox 1304 676 1614 742; x_wconf 79' lang='lat' dir='ltr'><strong>Ministro</strong></span> <span class='ocrx_word' id='word_1_18' title='bbox 1669 697 1840 760; x_wconf 92' lang='lat' dir='ltr'><strong>pour</strong></span> <span class='ocrx_word' id='word_1_19' title='bbox 1891 676 1958 741; x_wconf 87' lang='lat' dir='ltr'><strong>la</strong></span> <span class='ocrx_word' id='word_1_20' title='bbox 2004 677 2259 743; x_wconf 83' lang='lat' dir='ltr'><strong>donner</strong></span> 
     </span>
     <span class='ocr_line' id='line_1_4' title="bbox 307 767 722 824; baseline 0 0"><span class='ocrx_word' id='word_1_21' title='bbox 307 780 438 824; x_wconf 82' lang='lat' dir='ltr'><strong>aux</strong></span> <span class='ocrx_word' id='word_1_22' title='bbox 482 767 722 824; x_wconf 78' lang='lat' dir='ltr'><strong>autres.</strong></span> 
     </span>
    </p>

    <p class='ocr_par' dir='ltr' id='par_1_3' title="bbox 1108 882 1780 918">
     <span class='ocr_line' id='line_1_5' title="bbox 1108 882 1780 918; baseline 0.006 -2"><span class='ocrx_word' id='word_1_23' title='bbox 1108 882 1175 916; x_wconf 71' lang='lat' dir='ltr'><strong>LE</strong></span> <span class='ocrx_word' id='word_1_24' title='bbox 1209 883 1466 918; x_wconf 67' lang='lat' dir='ltr'><strong>nmmum.</strong></span> <span class='ocrx_word' id='word_1_25' title='bbox 1771 889 1780 898; x_wconf 73' lang='grc'><em>”</em></span> 
     </span>
    </p>

    <p class='ocr_par' dir='ltr' id='par_1_4' title="bbox 309 929 2256 1187">
     <span class='ocr_line' id='line_1_6' title="bbox 477 929 2256 1016; baseline 0.002 -21"><span class='ocrx_word' id='word_1_26' title='bbox 477 930 653 995; x_wconf 84' lang='lat' dir='ltr'><strong>Mais</strong></span> <span class='ocrx_word' id='word_1_27' title='bbox 710 929 809 996; x_wconf 90' lang='lat' dir='ltr'><strong>les</strong></span> <span class='ocrx_word' id='word_1_28' title='bbox 864 931 1182 997; x_wconf 85' lang='lat' dir='ltr'><strong>Pasteurs</strong></span> <span class='ocrx_word' id='word_1_29' title='bbox 1237 934 1345 1014; x_wconf 90' lang='lat' dir='ltr'><strong>qui</strong></span> <span class='ocrx_word' id='word_1_30' title='bbox 1405 941 1555 998; x_wconf 93' lang='lat' dir='ltr'><strong>sont</strong></span> <span class='ocrx_word' id='word_1_31' title='bbox 1603 932 2097 1016; x_wconf 88' lang='lat' dir='ltr'><strong>dispensateurs</strong></span> <span class='ocrx_word' id='word_1_32' title='bbox 2142 932 2256 999; x_wconf 91' lang='lat' dir='ltr'><strong>des</strong></span> 
     </span>
     <span class='ocr_line' id='line_1_7' title="bbox 309 1013 2253 1100; baseline 0.001 -18"><span class='ocrx_word' id='word_1_33' title='bbox 309 1013 722 1094; x_wconf 80' lang='lat' dir='ltr'><strong>Saeremens,</strong></span> <span class='ocrx_word' id='word_1_34' title='bbox 767 1038 815 1099; x_wconf 85' lang='lat' dir='ltr'><strong>y</strong></span> <span class='ocrx_word' id='word_1_35' title='bbox 859 1015 1263 1100; x_wconf 77' lang='lat' dir='ltr'><strong>doyvent-ilz</strong></span> <span class='ocrx_word' id='word_1_36' title='bbox 1310 1018 1631 1084; x_wconf 90' lang='lat' dir='ltr'><strong>admettre</strong></span> <span class='ocrx_word' id='word_1_37' title='bbox 1684 1041 1836 1085; x_wconf 90' lang='lat' dir='ltr'><strong>sans</strong></span> <span class='ocrx_word' id='word_1_38' title='bbox 1880 1019 2253 1097; x_wconf 71' lang='lat' dir='ltr'><strong>diaeretica,</strong></span> 
     </span>
     <span class='ocr_line' id='line_1_8' title="bbox 309 1102 1431 1187; baseline 0.001 -20"><span class='ocrx_word' id='word_1_39' title='bbox 309 1109 458 1167; x_wconf 84' lang='lat' dir='ltr'><strong>tous</strong></span> <span class='ocrx_word' id='word_1_40' title='bbox 502 1122 669 1166; x_wconf 76' lang='lat' dir='ltr'><strong>ceux</strong></span> <span class='ocrx_word' id='word_1_41' title='bbox 712 1102 826 1185; x_wconf 85' lang='lat' dir='ltr'><strong>qui</strong></span> <span class='ocrx_word' id='word_1_42' title='bbox 867 1104 968 1187; x_wconf 80' lang='lat' dir='ltr'><strong>s’y</strong></span> <span class='ocrx_word' id='word_1_43' title='bbox 1007 1104 1431 1186; x_wconf 78' lang='lat' dir='ltr'><strong>presentent?</strong></span> 
     </span>
    </p>

    <p class='ocr_par' dir='ltr' id='par_1_5' title="bbox 1147 1206 1413 1263">
     <span class='ocr_line' id='line_1_9' title="bbox 1147 1206 1413 1263; baseline 0.011 -4"><span class='ocrx_word' id='word_1_44' title='bbox 1147 1206 1413 1263; x_wconf 68' lang='lat' dir='ltr'><strong>n’mwur.</strong></span> 
     </span>
    </p>

    <p class='ocr_par' dir='ltr' id='par_1_6' title="bbox 307 1272 2259 1704">
     <span class='ocr_line' id='line_1_10' title="bbox 478 1272 2259 1359; baseline 0 -21"><span class='ocrx_word' id='word_1_45' title='bbox 478 1272 826 1339; x_wconf 65' lang='lat' dir='ltr'><strong>&#39;touchant</strong></span> <span class='ocrx_word' id='word_1_46' title='bbox 869 1272 958 1338; x_wconf 91' lang='lat' dir='ltr'><strong>du</strong></span> <span class='ocrx_word' id='word_1_47' title='bbox 1001 1274 1385 1358; x_wconf 89' lang='lat' dir='ltr'><strong>Baptesme,</strong></span> <span class='ocrx_word' id='word_1_48' title='bbox 1445 1297 1684 1359; x_wconf 90' lang='lat' dir='ltr'><strong>pource</strong></span> <span class='ocrx_word' id='word_1_49' title='bbox 1728 1274 2259 1359; x_wconf 81' lang='lat' dir='ltr'><strong>qu’auiourdhuy</strong></span> 
     </span>
     <span class='ocr_line' id='line_1_11' title="bbox 308 1356 2256 1445; baseline -0.001 -20"><span class='ocrx_word' id='word_1_50' title='bbox 308 1380 392 1425; x_wconf 91' lang='lat' dir='ltr'><strong>on</strong></span> <span class='ocrx_word' id='word_1_51' title='bbox 432 1380 521 1424; x_wconf 89' lang='lat' dir='ltr'><strong>ne</strong></span> <span class='ocrx_word' id='word_1_52' title='bbox 563 1356 998 1425; x_wconf 85' lang='lat' dir='ltr'><strong>l’administre</strong></span> <span class='ocrx_word' id='word_1_53' title='bbox 1041 1368 1193 1443; x_wconf 82' lang='lat' dir='ltr'><strong>qu&#39;a</strong></span> <span class='ocrx_word' id='word_1_54' title='bbox 1234 1363 1400 1443; x_wconf 87' lang='lat' dir='ltr'><strong>petis</strong></span> <span class='ocrx_word' id='word_1_55' title='bbox 1444 1363 1704 1441; x_wconf 87' lang='lat' dir='ltr'><strong>enfans,</strong></span> <span class='ocrx_word' id='word_1_56' title='bbox 1750 1361 1802 1425; x_wconf 88' lang='lat' dir='ltr'><strong>il</strong></span> <span class='ocrx_word' id='word_1_57' title='bbox 1856 1366 2024 1427; x_wconf 90' lang='lat' dir='ltr'><strong>n’est</strong></span> <span class='ocrx_word' id='word_1_58' title='bbox 2070 1367 2256 1445; x_wconf 90' lang='lat' dir='ltr'><strong>point</strong></span> 
     </span>
     <span class='ocr_line' id='line_1_12' title="bbox 307 1444 2257 1521; baseline 0.001 -11"><span class='ocrx_word' id='word_1_59' title='bbox 307 1447 574 1510; x_wconf 88' lang='lat' dir='ltr'><strong>mestier</strong></span> <span class='ocrx_word' id='word_1_60' title='bbox 639 1444 718 1509; x_wconf 87' lang='lat' dir='ltr'><strong>de</strong></span> <span class='ocrx_word' id='word_1_61' title='bbox 774 1445 1125 1512; x_wconf 81' lang='lat' dir='ltr'><strong>discernor.</strong></span> <span class='ocrx_word' id='word_1_62' title='bbox 1237 1448 1411 1512; x_wconf 88' lang='lat' dir='ltr'><strong>Mais</strong></span> <span class='ocrx_word' id='word_1_63' title='bbox 1478 1447 1558 1513; x_wconf 92' lang='lat' dir='ltr'><strong>de</strong></span> <span class='ocrx_word' id='word_1_64' title='bbox 1624 1448 1687 1512; x_wconf 83' lang='lat' dir='ltr'><strong>la</strong></span> <span class='ocrx_word' id='word_1_65' title='bbox 1743 1447 1955 1521; x_wconf 86' lang='grc'><strong>0666.</strong></span> <span class='ocrx_word' id='word_1_66' title='bbox 2011 1448 2059 1511; x_wconf 93' lang='grc'><strong>11</strong></span> <span class='ocrx_word' id='word_1_67' title='bbox 2112 1450 2257 1512; x_wconf 90' lang='lat' dir='ltr'><strong>faut</strong></span> 
     </span>
     <span class='ocr_line' id='line_1_13' title="bbox 308 1530 2254 1617; baseline 0 -21"><span class='ocrx_word' id='word_1_68' title='bbox 308 1531 458 1596; x_wconf 89' lang='lat' dir='ltr'><strong>bien</strong></span> <span class='ocrx_word' id='word_1_69' title='bbox 502 1552 628 1614; x_wconf 90' lang='lat' dir='ltr'><strong>que</strong></span> <span class='ocrx_word' id='word_1_70' title='bbox 670 1530 734 1595; x_wconf 93' lang='grc'><strong>16</strong></span> <span class='ocrx_word' id='word_1_71' title='bbox 770 1531 1078 1597; x_wconf 80' lang='lat' dir='ltr'><strong>Ministro</strong></span> <span class='ocrx_word' id='word_1_72' title='bbox 1123 1533 1398 1617; x_wconf 90' lang='lat' dir='ltr'><strong>regarde</strong></span> <span class='ocrx_word' id='word_1_73' title='bbox 1443 1531 1524 1598; x_wconf 87' lang='lat' dir='ltr'><strong>de</strong></span> <span class='ocrx_word' id='word_1_74' title='bbox 1568 1556 1652 1598; x_wconf 89' lang='grc'><strong>66</strong></span> <span class='ocrx_word' id='word_1_75' title='bbox 1695 1533 1763 1597; x_wconf 84' lang='grc'><strong>16</strong></span> <span class='ocrx_word' id='word_1_76' title='bbox 1809 1532 2039 1598; x_wconf 84' lang='grc'><strong>11611161·</strong></span> <span class='ocrx_word' id='word_1_77' title='bbox 2074 1541 2116 1597; x_wconf 79' lang='lat' dir='ltr'><strong>a</strong></span> <span class='ocrx_word' id='word_1_78' title='bbox 2162 1554 2254 1599; x_wconf 92' lang='grc'><strong>66</strong></span> 
     </span>
     <span class='ocr_line' id='line_1_14' title="bbox 308 1616 2197 1704; baseline 0.002 -24"><span class='ocrx_word' id='word_1_79' title='bbox 308 1616 570 1682; x_wconf 85' lang='grc'><strong>11661166</strong></span> <span class='ocrx_word' id='word_1_80' title='bbox 614 1616 815 1700; x_wconf 90' lang='lat' dir='ltr'><strong>qu’on</strong></span> <span class='ocrx_word' id='word_1_81' title='bbox 857 1618 1202 1701; x_wconf 85' lang='lat' dir='ltr'><strong>congnoist</strong></span> <span class='ocrx_word' id='word_1_82' title='bbox 1241 1640 1325 1683; x_wconf 88' lang='lat' dir='ltr'><strong>en</strong></span> <span class='ocrx_word' id='word_1_83' title='bbox 1370 1627 1542 1684; x_wconf 82' lang='lat' dir='ltr'><strong>estre</strong></span> <span class='ocrx_word' id='word_1_84' title='bbox 1588 1618 1676 1685; x_wconf 94' lang='lat' dir='ltr'><strong>du</strong></span> <span class='ocrx_word' id='word_1_85' title='bbox 1720 1628 1865 1685; x_wconf 87' lang='lat' dir='ltr'><strong>tout</strong></span> <span class='ocrx_word' id='word_1_86' title='bbox 1909 1619 2197 1704; x_wconf 85' lang='lat' dir='ltr'><strong>indigne.</strong></span> 
     </span>
    </p>

    <p class='ocr_par' dir='ltr' id='par_1_7' title="bbox 1093 1740 1452 1776">
     <span class='ocr_line' id='line_1_15' title="bbox 1093 1740 1452 1776; baseline 0.008 -3"><span class='ocrx_word' id='word_1_87' title='bbox 1093 1740 1161 1774; x_wconf 64' lang='grc' dir='ltr'><strong>ΒΕ</strong></span> <span class='ocrx_word' id='word_1_88' title='bbox 1195 1740 1452 1776; x_wconf 52' lang='lat' dir='ltr'><strong>“1518OE-</strong></span> 
     </span>
    </p>

    <p class='ocr_par' dir='ltr' id='par_1_8' title="bbox 474 1786 880 1871">
     <span class='ocr_line' id='line_1_16' title="bbox 474 1786 880 1871; baseline -0.005 -19"><span class='ocrx_word' id='word_1_89' title='bbox 474 1786 880 1871; x_wconf 78' lang='lat' dir='ltr'><strong>Pourquoy‘?</strong></span> 
     </span>
    </p>

    <p class='ocr_par' dir='ltr' id='par_1_9' title="bbox 707 1891 1409 1946">
     <span class='ocr_line' id='line_1_17' title="bbox 707 1891 1409 1946; baseline 0.003 -2"><span class='ocrx_word' id='word_1_90' title='bbox 707 1921 712 1927; x_wconf 89' lang='lat'><strong>·</strong></span> <span class='ocrx_word' id='word_1_91' title='bbox 1141 1891 1409 1946; x_wconf 67' lang='lat' dir='ltr'><strong>n&#39;mcrm.</strong></span> 
     </span>
    </p>

    <p class='ocr_par' dir='ltr' id='par_1_10' title="bbox 308 1960 2257 2111">
     <span class='ocr_line' id='line_1_18' title="bbox 474 1960 2257 2044; baseline 0.001 -20"><span class='ocrx_word' id='word_1_92' title='bbox 474 1960 728 2025; x_wconf 88' lang='lat' dir='ltr'><strong>Pource</strong></span> <span class='ocrx_word' id='word_1_93' title='bbox 773 1980 898 2042; x_wconf 90' lang='lat' dir='ltr'><strong>que</strong></span> <span class='ocrx_word' id='word_1_94' title='bbox 942 1978 1013 2024; x_wconf 91' lang='grc'><strong>66</strong></span> <span class='ocrx_word' id='word_1_95' title='bbox 1057 1962 1259 2025; x_wconf 87' lang='lat' dir='ltr'><strong>seroit</strong></span> <span class='ocrx_word' id='word_1_96' title='bbox 1297 1961 1552 2044; x_wconf 89' lang='lat' dir='ltr'><strong>polluer</strong></span> <span class='ocrx_word' id='word_1_97' title='bbox 1596 1968 1664 2026; x_wconf 91' lang='lat' dir='ltr'><strong>et</strong></span> <span class='ocrx_word' id='word_1_98' title='bbox 1706 1960 2152 2026; x_wconf 88' lang='lat' dir='ltr'><strong>deshonnorer</strong></span> <span class='ocrx_word' id='word_1_99' title='bbox 2191 1961 2257 2025; x_wconf 90' lang='grc'><strong>16</strong></span> 
     </span>
     <span class='ocr_line' id='line_1_19' title="bbox 308 2043 712 2111; baseline -0.002 0"><span class='ocrx_word' id='word_1_100' title='bbox 308 2043 712 2111; x_wconf 77' lang='lat' dir='ltr'><strong>Sacrement.</strong></span> 
     </span>
    </p>

    <p class='ocr_par' dir='ltr' id='par_1_11' title="bbox 1100 2167 1460 2202">
     <span class='ocr_line' id='line_1_20' title="bbox 1100 2167 1460 2202; baseline 0 0"><span class='ocrx_word' id='word_1_101' title='bbox 1100 2167 1167 2202; x_wconf 72' lang='lat' dir='ltr'><strong>m</strong></span> <span class='ocrx_word' id='word_1_102' title='bbox 1200 2167 1460 2202; x_wconf 63' lang='lat' dir='ltr'><strong>mmmm.</strong></span> 
     </span>
    </p>

    <p class='ocr_par' dir='ltr' id='par_1_12' title="bbox 310 2214 2254 2385">
     <span class='ocr_line' id='line_1_21' title="bbox 476 2214 2254 2303; baseline 0.001 -23"><span class='ocrx_word' id='word_1_103' title='bbox 476 2216 653 2280; x_wconf 83' lang='lat' dir='ltr'><strong>Mais</strong></span> <span class='ocrx_word' id='word_1_104' title='bbox 719 2224 940 2280; x_wconf 86' lang='lat' dir='ltr'><strong>nostre</strong></span> <span class='ocrx_word' id='word_1_105' title='bbox 999 2214 1325 2299; x_wconf 61' lang='lat' dir='ltr'><strong>seigneur</strong></span> <span class='ocrx_word' id='word_1_106' title='bbox 1374 2241 1419 2303; x_wconf 82' lang='lat' dir='ltr'>y</span> <span class='ocrx_word' id='word_1_107' title='bbox 1477 2239 1517 2283; x_wconf 91' lang='lat' dir='ltr'><strong>a</strong></span> <span class='ocrx_word' id='word_1_108' title='bbox 1573 2216 1724 2283; x_wconf 89' lang='lat' dir='ltr'><strong>bien</strong></span> <span class='ocrx_word' id='word_1_109' title='bbox 1784 2238 1977 2284; x_wconf 87' lang='lat' dir='ltr'><strong>reeeu</strong></span> <span class='ocrx_word' id='word_1_110' title='bbox 2029 2215 2254 2298; x_wconf 88' lang='lat' dir='ltr'><strong>Iudas,</strong></span> 
     </span>
     <span class='ocr_line' id='line_1_22' title="bbox 310 2301 1363 2385; baseline 0.002 -18"><span class='ocrx_word' id='word_1_111' title='bbox 310 2301 584 2385; x_wconf 83' lang='lat' dir='ltr'><strong>quelque</strong></span> <span class='ocrx_word' id='word_1_112' title='bbox 626 2301 973 2367; x_wconf 89' lang='lat' dir='ltr'><strong>meschant</strong></span> <span class='ocrx_word' id='word_1_113' title='bbox 1014 2303 1169 2385; x_wconf 88' lang='lat' dir='ltr'><strong>qu’il</strong></span> <span class='ocrx_word' id='word_1_114' title='bbox 1215 2304 1363 2369; x_wconf 84' lang='lat' dir='ltr'><strong>fust.</strong></span> 
     </span>
    </p>

    <p class='ocr_par' dir='ltr' id='par_1_13' title="bbox 1149 2405 1416 2459">
     <span class='ocr_line' id='line_1_23' title="bbox 1149 2405 1416 2459; baseline 0.007 -2"><span class='ocrx_word' id='word_1_115' title='bbox 1149 2405 1416 2459; x_wconf 66' lang='lat' dir='ltr'><strong>n’nunnr.</strong></span> 
     </span>
    </p>

    <p class='ocr_par' dir='ltr' id='par_1_14' title="bbox 309 2471 2256 2725">
     <span class='ocr_line' id='line_1_24' title="bbox 479 2471 2256 2557; baseline 0 -18"><span class='ocrx_word' id='word_1_116' title='bbox 479 2471 617 2539; x_wconf 84' lang='lat' dir='ltr'><strong>Son</strong></span> <span class='ocrx_word' id='word_1_117' title='bbox 661 2474 940 2557; x_wconf 83' lang='lat' dir='ltr'><strong>iniquite</strong></span> <span class='ocrx_word' id='word_1_118' title='bbox 984 2474 1181 2538; x_wconf 87' lang='lat' dir='ltr'><strong>estoit</strong></span> <span class='ocrx_word' id='word_1_119' title='bbox 1214 2494 1478 2539; x_wconf 88' lang='lat' dir='ltr'><strong>encores</strong></span> <span class='ocrx_word' id='word_1_120' title='bbox 1513 2472 1770 2540; x_wconf 84' lang='grc'><strong>6661166.</strong></span> <span class='ocrx_word' id='word_1_121' title='bbox 1830 2474 1924 2540; x_wconf 87' lang='lat' dir='ltr'><strong>Et</strong></span> <span class='ocrx_word' id='word_1_122' title='bbox 1954 2473 2256 2540; x_wconf 89' lang='lat' dir='ltr'><strong>combien</strong></span> 
     </span>
     <span class='ocr_line' id='line_1_25' title="bbox 311 2558 2256 2644; baseline 0.003 -23"><span class='ocrx_word' id='word_1_123' title='bbox 311 2578 439 2640; x_wconf 90' lang='lat' dir='ltr'><strong>que</strong></span> <span class='ocrx_word' id='word_1_124' title='bbox 498 2570 723 2623; x_wconf 87' lang='lat' dir='ltr'><strong>nostre</strong></span> <span class='ocrx_word' id='word_1_125' title='bbox 789 2558 1121 2644; x_wconf 81' lang='lat' dir='ltr'><strong>Seigneur</strong></span> <span class='ocrx_word' id='word_1_126' title='bbox 1176 2560 1243 2626; x_wconf 91' lang='lat' dir='ltr'><strong>la</strong></span> <span class='ocrx_word' id='word_1_127' title='bbox 1298 2570 1644 2644; x_wconf 85' lang='lat' dir='ltr'><strong>cogneust,</strong></span> <span class='ocrx_word' id='word_1_128' title='bbox 1704 2560 1762 2626; x_wconf 89' lang='lat' dir='ltr'><strong>si</strong></span> <span class='ocrx_word' id='word_1_129' title='bbox 1819 2561 2084 2626; x_wconf 88' lang='lat' dir='ltr'><strong>n’estoit</strong></span> <span class='ocrx_word' id='word_1_130' title='bbox 2127 2559 2256 2626; x_wconf 90' lang='lat' dir='ltr'><strong>elle</strong></span> 
     </span>
     <span class='ocr_line' id='line_1_26' title="bbox 309 2644 1019 2725; baseline 0.006 -18"><span class='ocrx_word' id='word_1_131' title='bbox 309 2664 431 2725; x_wconf 86' lang='lat' dir='ltr'><strong>pas</strong></span> <span class='ocrx_word' id='word_1_132' title='bbox 471 2644 723 2709; x_wconf 90' lang='lat' dir='ltr'><strong>notoire</strong></span> <span class='ocrx_word' id='word_1_133' title='bbox 767 2651 810 2709; x_wconf 73' lang='lat' dir='ltr'><strong>a</strong></span> <span class='ocrx_word' id='word_1_134' title='bbox 852 2653 1019 2711; x_wconf 90' lang='lat' dir='ltr'><strong>tous.</strong></span> 
     </span>
    </p>

    <p class='ocr_par' dir='ltr' id='par_1_15' title="bbox 1100 2767 1458 2803">
     <span class='ocr_line' id='line_1_27' title="bbox 1100 2767 1458 2803; baseline -0.003 -1"><span class='ocrx_word' id='word_1_135' title='bbox 1100 2767 1166 2802; x_wconf 71' lang='lat' dir='ltr'><strong>m</strong></span> <span class='ocrx_word' id='word_1_136' title='bbox 1200 2767 1458 2803; x_wconf 69' lang='lat' dir='ltr'><strong>mIBTBR.</strong></span> 
     </span>
    </p>

    <p class='ocr_par' dir='ltr' id='par_1_16' title="bbox 482 2813 1755 2903">
     <span class='ocr_line' id='line_1_28' title="bbox 482 2813 1755 2903; baseline -0.001 -22"><span class='ocrx_word' id='word_1_137' title='bbox 482 2813 630 2896; x_wconf 76' lang='lat' dir='ltr'><strong>Quo</strong></span> <span class='ocrx_word' id='word_1_138' title='bbox 671 2837 820 2882; x_wconf 86' lang='lat' dir='ltr'><strong>sera</strong></span> <span class='ocrx_word' id='word_1_139' title='bbox 861 2839 935 2883; x_wconf 90' lang='lat' dir='ltr'><strong>ce</strong></span> <span class='ocrx_word' id='word_1_140' title='bbox 980 2817 1144 2885; x_wconf 88' lang='lat' dir='ltr'><strong>donc</strong></span> <span class='ocrx_word' id='word_1_141' title='bbox 1189 2818 1303 2883; x_wconf 88' lang='lat' dir='ltr'><strong>des</strong></span> <span class='ocrx_word' id='word_1_142' title='bbox 1344 2816 1755 2903; x_wconf 70' lang='lat' dir='ltr'><strong>hypocriten?</strong></span> 
     </span>
    </p>

    <p class='ocr_par' dir='ltr' id='par_1_17' title="bbox 1147 2920 1416 2975">
     <span class='ocr_line' id='line_1_29' title="bbox 1147 2920 1416 2975; baseline 0 -1"><span class='ocrx_word' id='word_1_143' title='bbox 1147 2920 1416 2975; x_wconf 70' lang='lat' dir='ltr'><strong>n&#39;nnrm.</strong></span> 
     </span>
    </p>

    <p class='ocr_par' dir='ltr' id='par_1_18' title="bbox 313 2986 2257 3227">
     <span class='ocr_line' id='line_1_30' title="bbox 480 2986 2256 3072; baseline 0.002 -21"><span class='ocrx_word' id='word_1_144' title='bbox 480 2986 583 3052; x_wconf 87' lang='lat' dir='ltr'><strong>Le</strong></span> <span class='ocrx_word' id='word_1_145' title='bbox 638 2988 950 3053; x_wconf 85' lang='lat' dir='ltr'><strong>Ministre</strong></span> <span class='ocrx_word' id='word_1_146' title='bbox 998 3009 1084 3053; x_wconf 91' lang='lat' dir='ltr'><strong>ne</strong></span> <span class='ocrx_word' id='word_1_147' title='bbox 1139 2988 1234 3054; x_wconf 88' lang='lat' dir='ltr'><strong>les</strong></span> <span class='ocrx_word' id='word_1_148' title='bbox 1284 2999 1442 3072; x_wconf 91' lang='lat' dir='ltr'><strong>pout</strong></span> <span class='ocrx_word' id='word_1_149' title='bbox 1481 2988 1781 3055; x_wconf 83' lang='lat' dir='ltr'><strong>exclurre</strong></span> <span class='ocrx_word' id='word_1_150' title='bbox 1800 3039 1815 3068; x_wconf 94' lang='lat'><strong>,</strong></span> <span class='ocrx_word' id='word_1_151' title='bbox 1858 3009 2113 3056; x_wconf 90' lang='lat' dir='ltr'><strong>comme</strong></span> <span class='ocrx_word' id='word_1_152' title='bbox 2155 2989 2256 3054; x_wconf 90' lang='lat' dir='ltr'><strong>in·</strong></span> 
     </span>
     <span class='ocr_line' id='line_1_31' title="bbox 315 3068 2257 3222; baseline 0.004 -88"><span class='ocrx_word' id='word_1_153' title='bbox 315 3068 568 3222; x_wconf 56' lang='lat' dir='ltr'><strong>dignes:</strong></span> <span class='ocrx_word' id='word_1_154' title='bbox 617 3075 785 3138; x_wconf 83' lang='lat' dir='ltr'><strong>mais</strong></span> <span class='ocrx_word' id='word_1_155' title='bbox 829 3074 967 3139; x_wconf 90' lang='lat' dir='ltr'><strong>doit</strong></span> <span class='ocrx_word' id='word_1_156' title='bbox 1008 3073 1307 3154; x_wconf 87' lang='lat' dir='ltr'><strong>attendre</strong></span> <span class='ocrx_word' id='word_1_157' title='bbox 1348 3097 1474 3160; x_wconf 89' lang='lat' dir='ltr'><strong>que</strong></span> <span class='ocrx_word' id='word_1_158' title='bbox 1525 3075 1590 3139; x_wconf 92' lang='grc'><strong>16</strong></span> <span class='ocrx_word' id='word_1_159' title='bbox 1634 3074 1964 3160; x_wconf 68' lang='lat' dir='ltr'><strong>seigneur</strong></span> <span class='ocrx_word' id='word_1_160' title='bbox 2007 3076 2101 3140; x_wconf 87' lang='lat' dir='ltr'><strong>ait</strong></span> <span class='ocrx_word' id='word_1_161' title='bbox 2151 3097 2257 3141; x_wconf 90' lang='lat' dir='ltr'><strong>re-</strong></span> 
     </span>
     <span class='ocr_line' id='line_1_32' title="bbox 313 3158 1160 3227; baseline 0.006 -5"><span class='ocrx_word' id='word_1_162' title='bbox 313 3178 355 3222; x_wconf 91' lang='lat' dir='ltr'><strong>v</strong></span> <span class='ocrx_word' id='word_1_163' title='bbox 421 3166 457 3222; x_wconf 83' lang='lat' dir='ltr'><strong>e</strong></span> <span class='ocrx_word' id='word_1_164' title='bbox 497 3158 644 3224; x_wconf 91' lang='lat' dir='ltr'><strong>leur</strong></span> <span class='ocrx_word' id='word_1_165' title='bbox 685 3160 1160 3227; x_wconf 82' lang='lat' dir='ltr'><strong>meschancete.</strong></span> 
     </span>
    </p>

    <p class='ocr_par' dir='ltr' id='par_1_19' title="bbox 1097 3281 1456 3318">
     <span class='ocr_line' id='line_1_33' title="bbox 1097 3281 1456 3318; baseline -0.006 -1"><span class='ocrx_word' id='word_1_166' title='bbox 1097 3283 1164 3317; x_wconf 71' lang='lat' dir='ltr'><strong>m</strong></span> <span class='ocrx_word' id='word_1_167' title='bbox 1196 3281 1456 3318; x_wconf 72' lang='lat' dir='ltr'><strong>mm.</strong></span> 
     </span>
    </p>

    <p class='ocr_par' dir='ltr' id='par_1_20' title="bbox 313 3330 2255 3503">
     <span class='ocr_line' id='line_1_34' title="bbox 479 3330 2255 3418; baseline 0 -21"><span class='ocrx_word' id='word_1_168' title='bbox 479 3331 572 3397; x_wconf 87' lang='lat' dir='ltr'><strong>Et</strong></span> <span class='ocrx_word' id='word_1_169' title='bbox 622 3330 726 3398; x_wconf 85' lang='lat' dir='ltr'><strong>s’il</strong></span> <span class='ocrx_word' id='word_1_170' title='bbox 787 3352 869 3396; x_wconf 91' lang='lat' dir='ltr'><strong>en</strong></span> <span class='ocrx_word' id='word_1_171' title='bbox 935 3336 1244 3417; x_wconf 79' lang='lat' dir='ltr'><strong>congnoit</strong></span> <span class='ocrx_word' id='word_1_172' title='bbox 1317 3331 1705 3416; x_wconf 86' lang='lat' dir='ltr'><strong>quelqu’uns</strong></span> <span class='ocrx_word' id='word_1_173' title='bbox 1769 3331 2105 3418; x_wconf 83' lang='lat' dir='ltr'><strong>indignes,</strong></span> <span class='ocrx_word' id='word_1_174' title='bbox 2170 3353 2255 3398; x_wconf 90' lang='lat' dir='ltr'><strong>ou</strong></span> 
     </span>
     <span class='ocr_line' id='line_1_35' title="bbox 313 3414 1129 3503; baseline 0 -22"><span class='ocrx_word' id='word_1_175' title='bbox 313 3414 466 3497; x_wconf 80' lang='lat' dir='ltr'><strong>qu&#39;il</strong></span> <span class='ocrx_word' id='word_1_176' title='bbox 505 3439 592 3484; x_wconf 91' lang='lat' dir='ltr'><strong>en</strong></span> <span class='ocrx_word' id='word_1_177' title='bbox 637 3418 765 3484; x_wconf 89' lang='lat' dir='ltr'><strong>soit</strong></span> <span class='ocrx_word' id='word_1_178' title='bbox 806 3417 1084 3503; x_wconf 80' lang='lat' dir='ltr'><strong>adverty</strong></span> <span class='ocrx_word' id='word_1_179' title='bbox 1097 3418 1129 3481; x_wconf 73' lang='lat'>7</span> 
     </span>
    </p>

    <p class='ocr_par' dir='ltr' id='par_1_21' title="bbox 1147 3520 1414 3574">
     <span class='ocr_line' id='line_1_36' title="bbox 1147 3520 1414 3574; baseline -0.004 0"><span class='ocrx_word' id='word_1_180' title='bbox 1147 3520 1414 3574; x_wconf 69' lang='lat' dir='ltr'><strong>n’mmr.</strong></span> 
     </span>
    </p>

    <p class='ocr_par' dir='ltr' id='par_1_22' title="bbox 307 3587 2256 3844">
     <span class='ocr_line' id='line_1_37' title="bbox 483 3587 2253 3672; baseline 0 -18"><span class='ocrx_word' id='word_1_181' title='bbox 483 3588 642 3655; x_wconf 84' lang='lat' dir='ltr'><strong>Cela</strong></span> <span class='ocrx_word' id='word_1_182' title='bbox 699 3611 784 3655; x_wconf 91' lang='lat' dir='ltr'><strong>ne</strong></span> <span class='ocrx_word' id='word_1_183' title='bbox 840 3590 1022 3656; x_wconf 88' lang='lat' dir='ltr'><strong>suffit</strong></span> <span class='ocrx_word' id='word_1_184' title='bbox 1069 3591 1257 3672; x_wconf 88' lang='lat' dir='ltr'><strong>point</strong></span> <span class='ocrx_word' id='word_1_185' title='bbox 1310 3609 1476 3672; x_wconf 88' lang='lat' dir='ltr'><strong>pour</strong></span> <span class='ocrx_word' id='word_1_186' title='bbox 1530 3588 1625 3655; x_wconf 90' lang='grc'><strong>166</strong></span> <span class='ocrx_word' id='word_1_187' title='bbox 1670 3589 2000 3655; x_wconf 87' lang='lat' dir='ltr'><strong>exclurre:</strong></span> <span class='ocrx_word' id='word_1_188' title='bbox 2059 3587 2253 3654; x_wconf 87' lang='lat' dir='ltr'><strong>sinon</strong></span> 
     </span>
     <span class='ocr_line' id='line_1_38' title="bbox 309 3672 2256 3761; baseline 0.002 -24"><span class='ocrx_word' id='word_1_189' title='bbox 309 3672 466 3754; x_wconf 89' lang='lat' dir='ltr'><strong>qu&#39;il</strong></span> <span class='ocrx_word' id='word_1_190' title='bbox 515 3699 560 3761; x_wconf 83' lang='lat' dir='ltr'><strong>y</strong></span> <span class='ocrx_word' id='word_1_191' title='bbox 617 3677 713 3741; x_wconf 85' lang='lat' dir='ltr'><strong>ait</strong></span> <span class='ocrx_word' id='word_1_192' title='bbox 764 3675 1189 3761; x_wconf 87' lang='lat' dir='ltr'><strong>approbation</strong></span> <span class='ocrx_word' id='word_1_193' title='bbox 1244 3675 1614 3755; x_wconf 88' lang='lat' dir='ltr'><strong>suffisante‚</strong></span> <span class='ocrx_word' id='word_1_194' title='bbox 1673 3682 1742 3739; x_wconf 90' lang='lat' dir='ltr'><strong>et</strong></span> <span class='ocrx_word' id='word_1_195' title='bbox 1794 3675 2134 3758; x_wconf 85' lang='lat' dir='ltr'><strong>iugement</strong></span> <span class='ocrx_word' id='word_1_196' title='bbox 2175 3674 2256 3740; x_wconf 89' lang='lat' dir='ltr'><strong>de</strong></span> 
     </span>
     <span class='ocr_line' id='line_1_39' title="bbox 307 3757 597 3844; baseline 0.014 -21"><span class='ocrx_word' id='word_1_197' title='bbox 307 3757 597 3844; x_wconf 77' lang='lat' dir='ltr'><strong>l&#39;Eglise.</strong></span> 
     </span>
    </p>

    <p class='ocr_par' dir='ltr' id='par_1_23' title="bbox 1096 3882 1455 3918">
     <span class='ocr_line' id='line_1_40' title="bbox 1096 3882 1455 3918; baseline -0.003 0"><span class='ocrx_word' id='word_1_198' title='bbox 1096 3882 1164 3918; x_wconf 63' lang='lat'><strong>13</strong></span> <span class='ocrx_word' id='word_1_199' title='bbox 1197 3882 1455 3918; x_wconf 67' lang='lat' dir='ltr'><strong>mmm-</strong></span> 
     </span>
    </p>

    <p class='ocr_par' dir='ltr' id='par_1_24' title="bbox 306 3930 2256 4085">
     <span class='ocr_line' id='line_1_41' title="bbox 479 3930 2256 4017; baseline -0.001 -19"><span class='ocrx_word' id='word_1_200' title='bbox 479 3933 541 3998; x_wconf 93' lang='lat'><strong>11</strong></span> <span class='ocrx_word' id='word_1_201' title='bbox 597 3932 742 3997; x_wconf 81' lang='lat' dir='ltr'><strong>faut</strong></span> <span class='ocrx_word' id='word_1_202' title='bbox 803 3932 969 3998; x_wconf 88' lang='lat' dir='ltr'><strong>dono</strong></span> <span class='ocrx_word' id='word_1_203' title='bbox 1025 3934 1175 4017; x_wconf 87' lang='lat' dir='ltr'><strong>qu’il</strong></span> <span class='ocrx_word' id='word_1_204' title='bbox 1233 3955 1280 4017; x_wconf 81' lang='lat' dir='ltr'>y</span> <span class='ocrx_word' id='word_1_205' title='bbox 1336 3933 1430 3998; x_wconf 79' lang='lat' dir='ltr'><strong>ait</strong></span> <span class='ocrx_word' id='word_1_206' title='bbox 1471 3932 1752 4017; x_wconf 86' lang='lat' dir='ltr'><strong>quelque</strong></span> <span class='ocrx_word' id='word_1_207' title='bbox 1795 3930 1988 3998; x_wconf 86' lang='lat' dir='ltr'><strong>ordre</strong></span> <span class='ocrx_word' id='word_1_208' title='bbox 2031 3937 2100 3997; x_wconf 91' lang='lat' dir='ltr'><strong>et</strong></span> <span class='ocrx_word' id='word_1_209' title='bbox 2140 3954 2256 4017; x_wconf 87' lang='lat' dir='ltr'><strong>po-</strong></span> 
     </span>
     <span class='ocr_line' id='line_1_42' title="bbox 306 4015 786 4085; baseline 0.004 -3"><span class='ocrx_word' id='word_1_210' title='bbox 306 4015 434 4083; x_wconf 87' lang='lat' dir='ltr'><strong>lice</strong></span> <span class='ocrx_word' id='word_1_211' title='bbox 473 4041 587 4085; x_wconf 87' lang='lat' dir='ltr'><strong>sur</strong></span> <span class='ocrx_word' id='word_1_212' title='bbox 630 4017 786 4084; x_wconf 89' lang='grc'><strong>6616.</strong></span> 
     </span>
    </p>

    <p class='ocr_par' dir='ltr' id='par_1_25' title="bbox 1148 4120 1417 4174">
     <span class='ocr_line' id='line_1_43' title="bbox 1148 4120 1417 4174; baseline 0 0"><span class='ocrx_word' id='word_1_213' title='bbox 1148 4120 1417 4174; x_wconf 74' lang='lat' dir='ltr'><strong>n&#39;mm.</strong></span> 
     </span>
    </p>

    <p class='ocr_par' dir='ltr' id='par_1_26' title="bbox 307 4187 2260 4507">
     <span class='ocr_line' id='line_1_44' title="bbox 478 4187 2259 4274; baseline 0.001 -20"><span class='ocrx_word' id='word_1_214' title='bbox 478 4188 705 4269; x_wconf 83' lang='lat' dir='ltr'><strong>Voire,</strong></span> <span class='ocrx_word' id='word_1_215' title='bbox 747 4190 804 4255; x_wconf 91' lang='lat' dir='ltr'><strong>si</strong></span> <span class='ocrx_word' id='word_1_216' title='bbox 844 4188 1120 4274; x_wconf 83' lang='lat' dir='ltr'><strong>l’Eglise</strong></span> <span class='ocrx_word' id='word_1_217' title='bbox 1159 4197 1261 4255; x_wconf 89' lang='lat' dir='ltr'><strong>est</strong></span> <span class='ocrx_word' id='word_1_218' title='bbox 1301 4187 1451 4253; x_wconf 90' lang='lat' dir='ltr'><strong>bion</strong></span> <span class='ocrx_word' id='word_1_219' title='bbox 1494 4189 1752 4274; x_wconf 85' lang='lat' dir='ltr'><strong>reiglee.</strong></span> <span class='ocrx_word' id='word_1_220' title='bbox 1842 4189 2019 4255; x_wconf 83' lang='lat' dir='ltr'><strong>O’est</strong></span> <span class='ocrx_word' id='word_1_221' title='bbox 2105 4194 2259 4255; x_wconf 88' lang='lat' dir='ltr'><strong>u’on</strong></span> 
     </span>
     <span class='ocr_line' id='line_1_45' title="bbox 309 4271 2255 4360; baseline 0.001 -22"><span class='ocrx_word' id='word_1_222' title='bbox 309 4271 548 4357; x_wconf 76' lang='lat' dir='ltr'><strong>deputo</strong></span> <span class='ocrx_word' id='word_1_223' title='bbox 603 4296 1048 4360; x_wconf 85' lang='lat' dir='ltr'><strong>personnages</strong></span> <span class='ocrx_word' id='word_1_224' title='bbox 1101 4296 1268 4358; x_wconf 90' lang='lat' dir='ltr'><strong>pour</strong></span> <span class='ocrx_word' id='word_1_225' title='bbox 1319 4275 1549 4341; x_wconf 90' lang='lat' dir='ltr'><strong>veiller</strong></span> <span class='ocrx_word' id='word_1_226' title='bbox 1591 4297 1708 4341; x_wconf 91' lang='lat' dir='ltr'><strong>sur</strong></span> <span class='ocrx_word' id='word_1_227' title='bbox 1751 4275 1850 4341; x_wconf 88' lang='lat' dir='ltr'><strong>les</strong></span> <span class='ocrx_word' id='word_1_228' title='bbox 1895 4297 2051 4342; x_wconf 90' lang='grc'><strong>6666</strong></span> <span class='ocrx_word' id='word_1_229' title='bbox 2100 4274 2255 4354; x_wconf 83' lang='lat' dir='ltr'><strong>ales,</strong></span> 
     </span>
     <span class='ocr_line' id='line_1_46' title="bbox 307 4361 2260 4507; baseline 0.001 -83"><span class='ocrx_word' id='word_1_230' title='bbox 307 4361 428 4507; x_wconf 61' lang='lat' dir='ltr'><strong>31ss</strong></span> <span class='ocrx_word' id='word_1_231' title='bbox 480 4374 883 4445; x_wconf 85' lang='lat' dir='ltr'><strong>pourroyent</strong></span> <span class='ocrx_word' id='word_1_232' title='bbox 935 4372 1127 4427; x_wconf 87' lang='lat' dir='ltr'><strong>estre.</strong></span> <span class='ocrx_word' id='word_1_233' title='bbox 1213 4361 1308 4427; x_wconf 87' lang='lat' dir='ltr'><strong>Et</strong></span> <span class='ocrx_word' id='word_1_234' title='bbox 1354 4383 1481 4445; x_wconf 89' lang='lat' dir='ltr'><strong>que</strong></span> <span class='ocrx_word' id='word_1_235' title='bbox 1522 4362 1713 4426; x_wconf 85' lang='lat' dir='ltr'><strong>iceux</strong></span> <span class='ocrx_word' id='word_1_236' title='bbox 1757 4383 1841 4427; x_wconf 91' lang='grc'><strong>611</strong></span> <span class='ocrx_word' id='word_1_237' title='bbox 1884 4361 2260 4426; x_wconf 79' lang='lat' dir='ltr'><strong>l’authorite</strong></span> 
     </span>
    </p>

    <p class='ocr_par' dir='ltr' id='par_1_27' title="bbox 309 4445 2261 4616">
     <span class='ocr_line' id='line_1_47' title="bbox 354 4445 2260 4531; baseline 0.001 -21"><span class='ocrx_word' id='word_1_238' title='bbox 354 4467 396 4510; x_wconf 96' lang='grc'><strong>6</strong></span> <span class='ocrx_word' id='word_1_239' title='bbox 450 4445 750 4531; x_wconf 67' lang='grc' dir='ltr'><strong>1Ἐς1166,</strong></span> <span class='ocrx_word' id='word_1_240' title='bbox 814 4446 1208 4512; x_wconf 90' lang='lat' dir='ltr'><strong>interdisent</strong></span> <span class='ocrx_word' id='word_1_241' title='bbox 1257 4446 1325 4511; x_wconf 91' lang='lat' dir='ltr'><strong>la</strong></span> <span class='ocrx_word' id='word_1_242' title='bbox 1377 4447 1796 4512; x_wconf 89' lang='lat' dir='ltr'><strong>communion</strong></span> <span class='ocrx_word' id='word_1_243' title='bbox 1852 4455 1895 4513; x_wconf 77' lang='lat' dir='ltr'><strong>a</strong></span> <span class='ocrx_word' id='word_1_244' title='bbox 1937 4469 2102 4513; x_wconf 84' lang='lat' dir='ltr'><strong>ceux</strong></span> <span class='ocrx_word' id='word_1_245' title='bbox 2146 4446 2260 4529; x_wconf 91' lang='lat' dir='ltr'><strong>qui</strong></span> 
     </span>
     <span class='ocr_line' id='line_1_48' title="bbox 309 4532 2261 4616; baseline 0.001 -21"><span class='ocrx_word' id='word_1_246' title='bbox 309 4535 470 4596; x_wconf 89' lang='lat' dir='ltr'><strong>n&#39;en</strong></span> <span class='ocrx_word' id='word_1_247' title='bbox 509 4542 659 4598; x_wconf 87' lang='lat' dir='ltr'><strong>sont</strong></span> <span class='ocrx_word' id='word_1_248' title='bbox 702 4533 1065 4599; x_wconf 86' lang='lat' dir='ltr'><strong>nullement</strong></span> <span class='ocrx_word' id='word_1_249' title='bbox 1101 4532 1430 4615; x_wconf 88' lang='lat' dir='ltr'><strong>capables,</strong></span> <span class='ocrx_word' id='word_1_250' title='bbox 1476 4539 1544 4598; x_wconf 90' lang='lat' dir='ltr'><strong>et</strong></span> <span class='ocrx_word' id='word_1_251' title='bbox 1586 4533 1893 4616; x_wconf 84' lang='lat' dir='ltr'><strong>ausquclz</strong></span> <span class='ocrx_word' id='word_1_252' title='bbox 1936 4555 2022 4599; x_wconf 93' lang='lat' dir='ltr'><strong>on</strong></span> <span class='ocrx_word' id='word_1_253' title='bbox 2065 4553 2149 4598; x_wconf 90' lang='lat' dir='ltr'><strong>ne</strong></span> <span class='ocrx_word' id='word_1_254' title='bbox 2190 4532 2261 4597; x_wconf 91' lang='lat' dir='ltr'><strong>la</strong></span> 
     </span>
    </p>

    <p class='ocr_par' dir='ltr' id='par_1_28' title="bbox 333 4617 2262 4770">
     <span class='ocr_line' id='line_1_49' title="bbox 443 4617 2262 4767; baseline 0 -84"><span class='ocrx_word' id='word_1_255' title='bbox 443 4618 775 4767; x_wconf 42' lang='lat' dir='ltr'><strong>*balenum-</strong></span> <span class='ocrx_word' id='word_1_256' title='bbox 827 4639 981 4685; x_wconf 92' lang='grc'><strong>6666</strong></span> <span class='ocrx_word' id='word_1_257' title='bbox 1036 4617 1484 4684; x_wconf 88' lang='lat' dir='ltr'><strong>deshonnorer</strong></span> <span class='ocrx_word' id='word_1_258' title='bbox 1523 4618 1698 4683; x_wconf 90' lang='lat' dir='ltr'><strong>Dieu</strong></span> <span class='ocrx_word' id='word_1_259' title='bbox 1750 4626 1820 4683; x_wconf 90' lang='lat' dir='ltr'><strong>et</strong></span> <span class='ocrx_word' id='word_1_260' title='bbox 1867 4618 2262 4684; x_wconf 84' lang='lat' dir='ltr'><strong>scandaliser</strong></span> 
     </span>
     <span class='ocr_line' id='line_1_50' title="bbox 333 4705 694 4770; baseline 0.011 -3"><span class='ocrx_word' id='word_1_261' title='bbox 333 4722 411 4767; x_wconf 89' lang='grc'><strong>66</strong></span> <span class='ocrx_word' id='word_1_262' title='bbox 546 4705 694 4770; x_wconf 88' lang='grc'><strong>6166.</strong></span> 
     </span>
    </p>
   </div>
   <div class='ocr_carea' id='block_1_3' title="bbox 305 4835 846 4842">
    <p class='ocr_par' dir='ltr' id='par_1_29' title="bbox 305 4835 846 4842">
     <span class='ocr_line' id='line_1_51' title="bbox 305 4835 846 4842; baseline 0 0"><span class='ocrx_word' id='word_1_263' title='bbox 305 4835 846 4842; x_wconf 95' lang='lat' dir='ltr'><strong> </strong></span> 
     </span>
    </p>
   </div>
   <div class='ocr_carea' id='block_1_4' title="bbox 621 4906 2350 4979">
    <p class='ocr_par' dir='ltr' id='par_1_30' title="bbox 621 4906 2350 4979">
     <span class='ocr_line' id='line_1_52' title="bbox 621 4906 2350 4979; baseline -0.002 -16"><span class='ocrx_word' id='word_1_264' title='bbox 621 4912 678 4974; x_wconf 91' lang='grc'><strong>1)</strong></span> <span class='ocrx_word' id='word_1_265' title='bbox 728 4910 899 4978; x_wconf 75' lang='lat' dir='ltr'><strong>Apud</strong></span> <span class='ocrx_word' id='word_1_266' title='bbox 940 4910 1147 4965; x_wconf 65' lang='lat' dir='ltr'><strong>Remus</strong></span> <span class='ocrx_word' id='word_1_267' title='bbox 1191 4915 1245 4964; x_wconf 73' lang='lat' dir='ltr'><strong>ct</strong></span> <span class='ocrx_word' id='word_1_268' title='bbox 1285 4910 1405 4963; x_wconf 71' lang='lat' dir='ltr'><strong>eius</strong></span> <span class='ocrx_word' id='word_1_269' title='bbox 1450 4910 1687 4964; x_wconf 70' lang='grc'><strong>66666166</strong></span> <span class='ocrx_word' id='word_1_270' title='bbox 1729 4908 1958 4979; x_wconf 69' lang='lat' dir='ltr'><strong>leyitur:</strong></span> <span class='ocrx_word' id='word_1_271' title='bbox 2003 4906 2350 4962; x_wconf 82' lang='lat' dir='ltr'><strong>committere.</strong></span> 
     </span>
    </p>
   </div>
   <div class='ocr_carea' id='block_1_5' title="bbox 299 4976 1006 5050">
    <p class='ocr_par' dir='ltr' id='par_1_31' title="bbox 299 4976 1006 5050">
     <span class='ocr_line' id='line_1_53' title="bbox 299 4976 1006 5050; baseline 0.004 -20"><span class='ocrx_word' id='word_1_272' title='bbox 299 4976 561 5031; x_wconf 83' lang='lat' dir='ltr'><strong>munione</strong></span> <span class='ocrx_word' id='word_1_273' title='bbox 596 4978 750 5033; x_wconf 67' lang='lat' dir='ltr'><strong>Besa</strong></span> <span class='ocrx_word' id='word_1_274' title='bbox 784 4985 834 5035; x_wconf 73' lang='lat' dir='ltr'><strong>et</strong></span> <span class='ocrx_word' id='word_1_275' title='bbox 867 4995 1006 5050; x_wconf 63' lang='lat' dir='ltr'><strong>seqq.</strong></span> 
     </span>
    </p>
   </div>
   <div class='ocr_carea' id='block_1_6' title="bbox 1657 401 2974 481">
    <p class='ocr_par' dir='ltr' id='par_1_32' title="bbox 1657 401 2974 481">
     <span class='ocr_line' id='line_1_54' title="bbox 1657 401 2974 481; baseline 0.006 -14"><span class='ocrx_word' id='word_1_276' title='bbox 1657 401 2311 471; x_wconf 69' lang='lat' dir='ltr'>OATEOEISMUS</span> <span class='ocrx_word' id='word_1_277' title='bbox 2356 403 2974 481; x_wconf 77' lang='lat' dir='ltr'><strong>GENEVENSIS.</strong></span> 
     </span>
    </p>
   </div>
   <div class='ocr_carea' id='block_1_7' title="bbox 2303 593 2320 4786">
    <p class='ocr_par' dir='ltr' id='par_1_33' title="bbox 2303 593 2320 4786">
     <span class='ocr_line' id='line_1_55' title="bbox 2303 593 2320 4786; baseline 0 0"><span class='ocrx_word' id='word_1_278' title='bbox 2303 593 2320 4786; x_wconf 95' lang='lat' dir='ltr'><strong> </strong></span> 
     </span>
    </p>
   </div>
   <div class='ocr_carea' id='block_1_8' title="bbox 4199 423 4327 485">
    <p class='ocr_par' dir='ltr' id='par_1_34' title="bbox 4199 423 4327 485">
     <span class='ocr_line' id='line_1_56' title="bbox 4199 423 4327 485; baseline 0.016 -2"><span class='ocrx_word' id='word_1_279' title='bbox 4199 423 4327 485; x_wconf 85' lang='lat'><strong>134</strong></span> 
     </span>
    </p>
   </div>
   <div class='ocr_carea' id='block_1_9' title="bbox 2363 595 4331 750">
    <p class='ocr_par' dir='ltr' id='par_1_35' title="bbox 2363 595 4331 750">
     <span class='ocr_line' id='line_1_57' title="bbox 2363 595 4331 748; baseline 0.009 -92"><span class='ocrx_word' id='word_1_280' title='bbox 2363 595 2807 747; x_wconf 39' lang='lat' dir='ltr'><strong>gsssslgffligpoe</strong></span> <span class='ocrx_word' id='word_1_281' title='bbox 2824 647 2842 675; x_wconf 94' lang='lat'><strong>,</strong></span> <span class='ocrx_word' id='word_1_282' title='bbox 2899 598 3119 748; x_wconf 55' lang='lat' dir='ltr'><strong>igisum</strong></span> <span class='ocrx_word' id='word_1_283' title='bbox 3162 598 3238 662; x_wconf 88' lang='lat' dir='ltr'><strong>in</strong></span> <span class='ocrx_word' id='word_1_284' title='bbox 3293 620 3372 664; x_wconf 88' lang='lat' dir='ltr'><strong>ea</strong></span> <span class='ocrx_word' id='word_1_285' title='bbox 3415 599 3867 668; x_wconf 79' lang='lat' dir='ltr'><strong>distribuenda</strong></span> <span class='ocrx_word' id='word_1_286' title='bbox 3910 604 4157 686; x_wconf 89' lang='lat' dir='ltr'><strong>publici</strong></span> <span class='ocrx_word' id='word_1_287' title='bbox 4200 609 4331 673; x_wconf 88' lang='lat' dir='ltr'><strong>mi·</strong></span> 
     </span>
     <span class='ocr_line' id='line_1_58' title="bbox 2626 703 3185 750; baseline 0.005 -3"><span class='ocrx_word' id='word_1_288' title='bbox 2626 704 2661 747; x_wconf 90' lang='lat' dir='ltr'><strong>e</strong></span> <span class='ocrx_word' id='word_1_289' title='bbox 2700 703 2832 748; x_wconf 87' lang='grc'><strong>1666</strong></span> <span class='ocrx_word' id='word_1_290' title='bbox 2877 704 2916 748; x_wconf 94' lang='grc'><strong>6</strong></span> <span class='ocrx_word' id='word_1_291' title='bbox 2991 704 3185 750; x_wconf 75' lang='lat' dir='ltr'><strong>cium.</strong></span> 
     </span>
    </p>
   </div>
   <div class='ocr_carea' id='block_1_10' title="bbox 2533 892 4325 1027">
    <p class='ocr_par' dir='ltr' id='par_1_36' title="bbox 2533 892 4325 1027">
     <span class='ocr_line' id='line_1_59' title="bbox 2533 892 4325 1027; baseline 0.007 -27"><span class='ocrx_word' id='word_1_292' title='bbox 2533 935 2790 1003; x_wconf 86' lang='lat' dir='ltr'><strong>Verum</strong></span> <span class='ocrx_word' id='word_1_293' title='bbox 2806 991 2821 1018; x_wconf 89' lang='lat'><strong>,</strong></span> <span class='ocrx_word' id='word_1_294' title='bbox 2892 892 3580 1024; x_wconf 48' lang='lat' dir='ltr'><strong>debentnempsargtnores</strong></span> <span class='ocrx_word' id='word_1_295' title='bbox 3595 995 3613 1022; x_wconf 92' lang='lat'><strong>,</strong></span> <span class='ocrx_word' id='word_1_296' title='bbox 3678 943 3914 1027; x_wconf 91' lang='lat' dir='ltr'><strong>quibus</strong></span> <span class='ocrx_word' id='word_1_297' title='bbox 3974 946 4325 1015; x_wconf 85' lang='lat' dir='ltr'><strong>commissa</strong></span> 
     </span>
    </p>
   </div>
   <div class='ocr_carea' id='block_1_11' title="bbox 2327 1020 4324 1112">
    <p class='ocr_par' dir='ltr' id='par_1_37' title="bbox 2327 1020 4324 1112">
     <span class='ocr_line' id='line_1_60' title="bbox 2327 1020 4324 1112; baseline 0.008 -28"><span class='ocrx_word' id='word_1_298' title='bbox 2327 1028 2464 1100; x_wconf 63' lang='grc'><strong>,666</strong></span> <span class='ocrx_word' id='word_1_299' title='bbox 2508 1020 2921 1106; x_wconf 80' lang='lat' dir='ltr'><strong>dispensatiO,</strong></span> <span class='ocrx_word' id='word_1_300' title='bbox 2969 1026 3216 1108; x_wconf 84' lang='lat' dir='ltr'><strong>passim</strong></span> <span class='ocrx_word' id='word_1_301' title='bbox 3251 1048 3480 1094; x_wconf 89' lang='lat' dir='ltr'><strong>omnes</strong></span> <span class='ocrx_word' id='word_1_302' title='bbox 3516 1036 3583 1093; x_wconf 91' lang='lat' dir='ltr'><strong>et</strong></span> <span class='ocrx_word' id='word_1_303' title='bbox 3626 1030 3871 1112; x_wconf 78' lang='lat' dir='ltr'><strong>absque</strong></span> <span class='ocrx_word' id='word_1_304' title='bbox 3913 1029 4168 1097; x_wconf 88' lang='lat' dir='ltr'><strong>delectu</strong></span> <span class='ocrx_word' id='word_1_305' title='bbox 4205 1033 4324 1099; x_wconf 87' lang='lat' dir='ltr'><strong>ad-</strong></span> 
     </span>
    </p>
   </div>
   <div class='ocr_carea' id='block_1_12' title="bbox 2357 1108 4322 1624">
    <p class='ocr_par' dir='ltr' id='par_1_38' title="bbox 2357 1108 4322 1624">
     <span class='ocr_line' id='line_1_61' title="bbox 2361 1108 2751 1190; baseline 0.005 -20"><span class='ocrx_word' id='word_1_306' title='bbox 2361 1108 2673 1173; x_wconf 74' lang='lat' dir='ltr'><strong>mittere?</strong></span> <span class='ocrx_word' id='word_1_307' title='bbox 2704 1112 2751 1190; x_wconf 78' lang='grc' dir='ltr'><strong>ι)</strong></span> 
     </span>
     <span class='ocr_line' id='line_1_62' title="bbox 3263 1234 3919 1269; baseline 0.009 -2"><span class='ocrx_word' id='word_1_308' title='bbox 3263 1234 3415 1269; x_wconf 70' lang='lat' dir='ltr'><strong>PUER·</strong></span> <span class='ocrx_word' id='word_1_309' title='bbox 3914 1241 3919 1248; x_wconf 78' lang='lat'><em>⁴</em></span> 
     </span>
     <span class='ocr_line' id='line_1_63' title="bbox 2534 1276 4322 1368; baseline 0.007 -26"><span class='ocrx_word' id='word_1_310' title='bbox 2534 1276 2732 1359; x_wconf 78' lang='lat' dir='ltr'><strong>Quod</strong></span> <span class='ocrx_word' id='word_1_311' title='bbox 2775 1280 2931 1360; x_wconf 70' lang='lat' dir='ltr'><strong>ad2)</strong></span> <span class='ocrx_word' id='word_1_312' title='bbox 2993 1282 3388 1365; x_wconf 88' lang='lat' dir='ltr'><strong>baptismum</strong></span> <span class='ocrx_word' id='word_1_313' title='bbox 3432 1284 3747 1367; x_wconf 86' lang='lat' dir='ltr'><strong>pertinet,</strong></span> <span class='ocrx_word' id='word_1_314' title='bbox 3805 1286 3958 1368; x_wconf 88' lang='lat' dir='ltr'><strong>quia</strong></span> <span class='ocrx_word' id='word_1_315' title='bbox 4010 1307 4143 1351; x_wconf 90' lang='grc'><strong>1166</strong></span> <span class='ocrx_word' id='word_1_316' title='bbox 4187 1289 4322 1355; x_wconf 87' lang='lat' dir='ltr'><strong>nisi</strong></span> 
     </span>
     <span class='ocr_line' id='line_1_64' title="bbox 2359 1362 4321 1446; baseline 0.007 -22"><span class='ocrx_word' id='word_1_317' title='bbox 2359 1362 2722 1431; x_wconf 85' lang='lat' dir='ltr'><strong>infantibus</strong></span> <span class='ocrx_word' id='word_1_318' title='bbox 2769 1366 2962 1431; x_wconf 89' lang='lat' dir='ltr'><strong>hodie</strong></span> <span class='ocrx_word' id='word_1_319' title='bbox 3006 1371 3367 1446; x_wconf 80' lang='lat' dir='ltr'><strong>confertur,</strong></span> <span class='ocrx_word' id='word_1_320' title='bbox 3417 1368 3720 1435; x_wconf 86' lang='lat' dir='ltr'><strong>discretio</strong></span> <span class='ocrx_word' id='word_1_321' title='bbox 3763 1369 3977 1436; x_wconf 90' lang='grc'><strong>16611111</strong></span> <span class='ocrx_word' id='word_1_322' title='bbox 4021 1393 4155 1437; x_wconf 89' lang='grc'><strong>11611</strong></span> <span class='ocrx_word' id='word_1_323' title='bbox 4198 1373 4321 1438; x_wconf 86' lang='grc'><strong>116-</strong></span> 
     </span>
     <span class='ocr_line' id='line_1_65' title="bbox 2358 1448 4320 1546; baseline 0.007 -36"><span class='ocrx_word' id='word_1_324' title='bbox 2358 1448 2485 1546; x_wconf 76' lang='lat' dir='ltr'><strong>bet.</strong></span> <span class='ocrx_word' id='word_1_325' title='bbox 2577 1450 2660 1514; x_wconf 93' lang='lat' dir='ltr'><strong>In</strong></span> <span class='ocrx_word' id='word_1_326' title='bbox 2716 1472 2918 1517; x_wconf 85' lang='lat' dir='ltr'><strong>coena</strong></span> <span class='ocrx_word' id='word_1_327' title='bbox 2966 1475 3122 1518; x_wconf 85' lang='lat' dir='ltr'><strong>vero</strong></span> <span class='ocrx_word' id='word_1_328' title='bbox 3182 1476 3412 1520; x_wconf 84' lang='lat' dir='ltr'><strong>cavere</strong></span> <span class='ocrx_word' id='word_1_329' title='bbox 3457 1454 3650 1519; x_wconf 90' lang='lat' dir='ltr'><strong>debet</strong></span> <span class='ocrx_word' id='word_1_330' title='bbox 3691 1456 4023 1536; x_wconf 79' lang='lat' dir='ltr'><strong>minister,</strong></span> <span class='ocrx_word' id='word_1_331' title='bbox 4080 1478 4166 1522; x_wconf 91' lang='lat' dir='ltr'><strong>ne</strong></span> <span class='ocrx_word' id='word_1_332' title='bbox 4211 1460 4320 1524; x_wconf 89' lang='lat' dir='ltr'><strong>oui</strong></span> 
     </span>
     <span class='ocr_line' id='line_1_66' title="bbox 2357 1539 4319 1624; baseline 0.007 -27"><span class='ocrx_word' id='word_1_333' title='bbox 2357 1555 2574 1617; x_wconf 75' lang='lat' dir='ltr'><strong>ipsam</strong></span> <span class='ocrx_word' id='word_1_334' title='bbox 2616 1539 2929 1622; x_wconf 79' lang='lat' dir='ltr'><strong>porrigat,</strong></span> <span class='ocrx_word' id='word_1_335' title='bbox 2975 1560 3170 1621; x_wconf 90' lang='lat' dir='ltr'><strong>quem</strong></span> <span class='ocrx_word' id='word_1_336' title='bbox 3211 1540 3559 1623; x_wconf 83' lang='lat' dir='ltr'><strong>indignum</strong></span> <span class='ocrx_word' id='word_1_337' title='bbox 3601 1561 3744 1606; x_wconf 89' lang='grc'><strong>6666</strong></span> <span class='ocrx_word' id='word_1_338' title='bbox 3779 1542 3997 1624; x_wconf 88' lang='lat' dir='ltr'><strong>palam</strong></span> <span class='ocrx_word' id='word_1_339' title='bbox 4040 1551 4319 1611; x_wconf 89' lang='lat' dir='ltr'><strong>constet.</strong></span> 
     </span>
    </p>
   </div>
   <div class='ocr_carea' id='block_1_13' title="bbox 2360 1746 4317 3074">
    <p class='ocr_par' dir='ltr' id='par_1_39' title="bbox 2535 1746 3469 1951">
     <span class='ocr_line' id='line_1_67' title="bbox 3210 1746 3469 1782; baseline -0.008 0"><span class='ocrx_word' id='word_1_340' title='bbox 3210 1746 3469 1782; x_wconf 62' lang='lat' dir='ltr'><strong>numerat.</strong></span> 
     </span>
     <span class='ocr_line' id='line_1_68' title="bbox 2535 1790 2829 1858; baseline 0.003 -1"><span class='ocrx_word' id='word_1_341' title='bbox 2535 1790 2673 1857; x_wconf 86' lang='grc'><strong>061·</strong></span> <span class='ocrx_word' id='word_1_342' title='bbox 2716 1792 2829 1858; x_wconf 78' lang='lat' dir='ltr'><strong>id?</strong></span> 
     </span>
     <span class='ocr_line' id='line_1_69' title="bbox 3262 1916 3413 1951; baseline 0.007 -1"><span class='ocrx_word' id='word_1_343' title='bbox 3262 1916 3413 1951; x_wconf 65' lang='lat' dir='ltr'><strong>runt.</strong></span> 
     </span>
    </p>

    <p class='ocr_par' dir='ltr' id='par_1_40' title="bbox 2535 1961 4317 2050">
     <span class='ocr_line' id='line_1_70' title="bbox 2535 1961 4317 2050; baseline 0.003 -23"><span class='ocrx_word' id='word_1_344' title='bbox 2535 1961 2712 2043; x_wconf 78' lang='lat' dir='ltr'><strong>Quia</strong></span> <span class='ocrx_word' id='word_1_345' title='bbox 2767 1985 2902 2029; x_wconf 92' lang='lat' dir='ltr'><strong>non</strong></span> <span class='ocrx_word' id='word_1_346' title='bbox 2960 1966 3103 2030; x_wconf 90' lang='lat' dir='ltr'><strong>sine</strong></span> <span class='ocrx_word' id='word_1_347' title='bbox 3159 1965 3552 2031; x_wconf 86' lang='lat' dir='ltr'><strong>contumelia</strong></span> <span class='ocrx_word' id='word_1_348' title='bbox 3610 1972 3678 2031; x_wconf 91' lang='lat' dir='ltr'><strong>et</strong></span> <span class='ocrx_word' id='word_1_349' title='bbox 3717 1967 4167 2050; x_wconf 76' lang='lat' dir='ltr'><strong>profanatione</strong></span> <span class='ocrx_word' id='word_1_350' title='bbox 4208 1988 4317 2033; x_wconf 88' lang='lat' dir='ltr'><strong>sa-</strong></span> 
     </span>
    </p>

    <p class='ocr_par' dir='ltr' id='par_1_41' title="bbox 2360 2050 3767 2206">
     <span class='ocr_line' id='line_1_71' title="bbox 2360 2050 3767 2137; baseline 0.002 -24"><span class='ocrx_word' id='word_1_351' title='bbox 2360 2050 2683 2113; x_wconf 84' lang='lat' dir='ltr'><strong>cramenti</strong></span> <span class='ocrx_word' id='word_1_352' title='bbox 2728 2052 2937 2115; x_wconf 87' lang='lat' dir='ltr'><strong>fieret.</strong></span> <span class='ocrx_word' id='word_1_353' title='bbox 3478 2134 3483 2137; x_wconf 10' lang='grc' dir='ltr'><strong><em>ἤ</em></strong></span> <span class='ocrx_word' id='word_1_354' title='bbox 3760 2107 3767 2116; x_wconf 94' lang='grc'><strong>.</strong></span> 
     </span>
     <span class='ocr_line' id='line_1_72' title="bbox 3214 2171 3471 2206; baseline 0 0"><span class='ocrx_word' id='word_1_355' title='bbox 3214 2171 3471 2206; x_wconf 54' lang='lat' dir='ltr'><strong>mmm&amp;</strong></span> 
     </span>
    </p>

    <p class='ocr_par' dir='ltr' id='par_1_42' title="bbox 2533 2220 4314 2305">
     <span class='ocr_line' id='line_1_73' title="bbox 2533 2220 4314 2305; baseline 0.003 -21"><span class='ocrx_word' id='word_1_356' title='bbox 2533 2220 2768 2303; x_wconf 85' lang='lat' dir='ltr'><strong>Atqui,</strong></span> <span class='ocrx_word' id='word_1_357' title='bbox 2822 2242 3043 2285; x_wconf 93' lang='lat' dir='ltr'><strong>nonne</strong></span> <span class='ocrx_word' id='word_1_358' title='bbox 3098 2220 3360 2298; x_wconf 91' lang='lat' dir='ltr'><strong>Iudam,</strong></span> <span class='ocrx_word' id='word_1_359' title='bbox 3420 2220 3781 2304; x_wconf 88' lang='lat' dir='ltr'><strong>quamlibet</strong></span> <span class='ocrx_word' id='word_1_360' title='bbox 3832 2222 4074 2305; x_wconf 87' lang='lat' dir='ltr'><strong>impius</strong></span> <span class='ocrx_word' id='word_1_361' title='bbox 4117 2229 4314 2305; x_wconf 87' lang='lat' dir='ltr'><strong>esset,</strong></span> 
     </span>
    </p>

    <p class='ocr_par' dir='ltr' id='par_1_43' title="bbox 2361 2304 3885 2462">
     <span class='ocr_line' id='line_1_74' title="bbox 2361 2304 3885 2391; baseline 0 -22"><span class='ocrx_word' id='word_1_362' title='bbox 2361 2304 2503 2370; x_wconf 89' lang='lat' dir='ltr'><strong>eius</strong></span> <span class='ocrx_word' id='word_1_363' title='bbox 2546 2307 3003 2371; x_wconf 89' lang='lat' dir='ltr'><strong>communione</strong></span> <span class='ocrx_word' id='word_1_364' title='bbox 3048 2306 3354 2391; x_wconf 86' lang='lat' dir='ltr'><strong>dignatus</strong></span> <span class='ocrx_word' id='word_1_365' title='bbox 3390 2316 3493 2371; x_wconf 91' lang='lat' dir='ltr'><strong>est</strong></span> <span class='ocrx_word' id='word_1_366' title='bbox 3535 2305 3885 2372; x_wconf 83' lang='lat' dir='ltr'><strong>Christus?</strong></span> 
     </span>
     <span class='ocr_line' id='line_1_75' title="bbox 3260 2427 3412 2462; baseline 0.013 -2"><span class='ocrx_word' id='word_1_367' title='bbox 3260 2427 3412 2462; x_wconf 73' lang='lat' dir='ltr'>PUER-</span> 
     </span>
    </p>

    <p class='ocr_par' dir='ltr' id='par_1_44' title="bbox 2360 2475 4315 2732">
     <span class='ocr_line' id='line_1_76' title="bbox 2531 2475 4310 2561; baseline 0.002 -21"><span class='ocrx_word' id='word_1_368' title='bbox 2531 2475 2808 2541; x_wconf 82' lang='lat' dir='ltr'><strong>Fateor:</strong></span> <span class='ocrx_word' id='word_1_369' title='bbox 2870 2498 3072 2559; x_wconf 90' lang='lat' dir='ltr'><strong>quum</strong></span> <span class='ocrx_word' id='word_1_370' title='bbox 3119 2475 3335 2543; x_wconf 88' lang='lat' dir='ltr'><strong>adhuc</strong></span> <span class='ocrx_word' id='word_1_371' title='bbox 3383 2476 3639 2543; x_wconf 88' lang='lat' dir='ltr'><strong>occulta</strong></span> <span class='ocrx_word' id='word_1_372' title='bbox 3680 2478 3850 2542; x_wconf 86' lang='lat' dir='ltr'><strong>foret</strong></span> <span class='ocrx_word' id='word_1_373' title='bbox 3891 2478 4030 2544; x_wconf 88' lang='grc'><strong>61116</strong></span> <span class='ocrx_word' id='word_1_374' title='bbox 4073 2478 4310 2561; x_wconf 90' lang='lat' dir='ltr'><strong>impie-</strong></span> 
     </span>
     <span class='ocr_line' id='line_1_77' title="bbox 2360 2561 4315 2642; baseline 0.002 -15"><span class='ocrx_word' id='word_1_375' title='bbox 2360 2569 2479 2627; x_wconf 88' lang='lat' dir='ltr'><strong>tas.</strong></span> <span class='ocrx_word' id='word_1_376' title='bbox 2572 2561 2860 2627; x_wconf 76' lang='lat' dir='ltr'><strong>Tametsi</strong></span> <span class='ocrx_word' id='word_1_377' title='bbox 2906 2564 3080 2627; x_wconf 87' lang='lat' dir='ltr'><strong>enim</strong></span> <span class='ocrx_word' id='word_1_378' title='bbox 3128 2562 3469 2627; x_wconf 87' lang='lat' dir='ltr'><strong>Christum</strong></span> <span class='ocrx_word' id='word_1_379' title='bbox 3513 2583 3647 2627; x_wconf 90' lang='lat' dir='ltr'><strong>non</strong></span> <span class='ocrx_word' id='word_1_380' title='bbox 3689 2563 3961 2642; x_wconf 88' lang='lat' dir='ltr'><strong>latebat,</strong></span> <span class='ocrx_word' id='word_1_381' title='bbox 4014 2564 4315 2630; x_wconf 88' lang='lat' dir='ltr'><strong>nondum</strong></span> 
     </span>
     <span class='ocr_line' id='line_1_78' title="bbox 2360 2648 4223 2732; baseline -0.001 -16"><span class='ocrx_word' id='word_1_382' title='bbox 2360 2655 2584 2716; x_wconf 75' lang='lat' dir='ltr'><strong>tamen</strong></span> <span class='ocrx_word' id='word_1_383' title='bbox 2631 2648 2960 2730; x_wconf 83' lang='lat' dir='ltr'><strong>prodierat</strong></span> <span class='ocrx_word' id='word_1_384' title='bbox 3001 2649 3070 2713; x_wconf 88' lang='lat' dir='ltr'><strong>in</strong></span> <span class='ocrx_word' id='word_1_385' title='bbox 3113 2648 3345 2726; x_wconf 89' lang='lat' dir='ltr'><strong>lucem,</strong></span> <span class='ocrx_word' id='word_1_386' title='bbox 3392 2649 3818 2732; x_wconf 84' lang='lat' dir='ltr'><strong>notitiamque</strong></span> <span class='ocrx_word' id='word_1_387' title='bbox 3862 2648 4223 2715; x_wconf 89' lang='lat' dir='ltr'><strong>hominum.</strong></span> 
     </span>
    </p>

    <p class='ocr_par' dir='ltr' id='par_1_45' title="bbox 2531 2769 4316 3074">
     <span class='ocr_line' id='line_1_79' title="bbox 3208 2769 3468 2804; baseline 0.004 -1"><span class='ocrx_word' id='word_1_388' title='bbox 3208 2769 3468 2804; x_wconf 67' lang='lat' dir='ltr'><strong>mmm</strong></span> 
     </span>
     <span class='ocr_line' id='line_1_80' title="bbox 2534 2816 3521 2904; baseline 0 -22"><span class='ocrx_word' id='word_1_389' title='bbox 2534 2816 2715 2899; x_wconf 80' lang='lat' dir='ltr'><strong>Quid</strong></span> <span class='ocrx_word' id='word_1_390' title='bbox 2757 2839 2914 2902; x_wconf 85' lang='lat' dir='ltr'><strong>ergo</strong></span> <span class='ocrx_word' id='word_1_391' title='bbox 2958 2818 3320 2904; x_wconf 76' lang='lat' dir='ltr'><strong>hypocritis</strong></span> <span class='ocrx_word' id='word_1_392' title='bbox 3364 2818 3521 2884; x_wconf 78' lang='lat' dir='ltr'><strong>fiet?</strong></span> 
     </span>
     <span class='ocr_line' id='line_1_81' title="bbox 3257 2940 3409 2976; baseline -0.013 0"><span class='ocrx_word' id='word_1_393' title='bbox 3257 2940 3409 2976; x_wconf 68' lang='lat' dir='ltr'><strong>runt.</strong></span> 
     </span>
     <span class='ocr_line' id='line_1_82' title="bbox 2531 2989 4316 3074; baseline 0.001 -21"><span class='ocrx_word' id='word_1_394' title='bbox 2531 2989 2697 3067; x_wconf 83' lang='lat' dir='ltr'><strong>Eos,</strong></span> <span class='ocrx_word' id='word_1_395' title='bbox 2778 2995 3091 3072; x_wconf 84' lang='lat' dir='ltr'><strong>tanquam</strong></span> <span class='ocrx_word' id='word_1_396' title='bbox 3167 2990 3504 3074; x_wconf 85' lang='lat' dir='ltr'><strong>indignos,</strong></span> <span class='ocrx_word' id='word_1_397' title='bbox 3595 3010 3815 3056; x_wconf 88' lang='lat' dir='ltr'><strong>arcere</strong></span> <span class='ocrx_word' id='word_1_398' title='bbox 3888 2998 4114 3073; x_wconf 75' lang='lat' dir='ltr'><strong>pastor</strong></span> <span class='ocrx_word' id='word_1_399' title='bbox 4175 3011 4316 3056; x_wconf 90' lang='lat' dir='ltr'><strong>non</strong></span> 
     </span>
    </p>
   </div>
   <div class='ocr_carea' id='block_1_14' title="bbox 2319 3074 4316 3160">
    <p class='ocr_par' dir='ltr' id='par_1_46' title="bbox 2319 3074 4316 3160">
     <span class='ocr_line' id='line_1_83' title="bbox 2319 3074 4316 3160; baseline 0.001 -21"><span class='ocrx_word' id='word_1_400' title='bbox 2319 3147 2324 3156; x_wconf 49' lang='grc'><strong>,</strong></span> <span class='ocrx_word' id='word_1_401' title='bbox 2360 3081 2605 3157; x_wconf 88' lang='lat' dir='ltr'><strong>potest:</strong></span> <span class='ocrx_word' id='word_1_402' title='bbox 2653 3074 2769 3140; x_wconf 91' lang='lat' dir='ltr'><strong>sed</strong></span> <span class='ocrx_word' id='word_1_403' title='bbox 2811 3074 3234 3157; x_wconf 88' lang='lat' dir='ltr'><strong>supersedere</strong></span> <span class='ocrx_word' id='word_1_404' title='bbox 3280 3077 3504 3155; x_wconf 91' lang='lat' dir='ltr'><strong>debet,</strong></span> <span class='ocrx_word' id='word_1_405' title='bbox 3546 3097 3880 3160; x_wconf 90' lang='lat' dir='ltr'><strong>quousque</strong></span> <span class='ocrx_word' id='word_1_406' title='bbox 3924 3097 4151 3141; x_wconf 87' lang='lat' dir='ltr'><strong>eorum</strong></span> <span class='ocrx_word' id='word_1_407' title='bbox 4195 3096 4316 3141; x_wconf 89' lang='lat' dir='ltr'><strong>ne-</strong></span> 
     </span>
    </p>
   </div>
   <div class='ocr_carea' id='block_1_15' title="bbox 2355 3160 4317 3482">
    <p class='ocr_par' dir='ltr' id='par_1_47' title="bbox 2355 3160 4317 3482">
     <span class='ocr_line' id='line_1_84' title="bbox 2358 3160 4313 3243; baseline 0.002 -19"><span class='ocrx_word' id='word_1_408' title='bbox 2358 3161 2653 3243; x_wconf 82' lang='lat' dir='ltr'><strong>quitiam,</strong></span> <span class='ocrx_word' id='word_1_409' title='bbox 2699 3170 2774 3226; x_wconf 88' lang='grc'><strong>66</strong></span> <span class='ocrx_word' id='word_1_410' title='bbox 2805 3160 3183 3226; x_wconf 83' lang='lat' dir='ltr'><strong>hominibus</strong></span> <span class='ocrx_word' id='word_1_411' title='bbox 3224 3164 3620 3242; x_wconf 85' lang='lat' dir='ltr'><strong>innotescat,</strong></span> <span class='ocrx_word' id='word_1_412' title='bbox 3663 3161 3853 3228; x_wconf 91' lang='lat' dir='ltr'><strong>Deus</strong></span> <span class='ocrx_word' id='word_1_413' title='bbox 3893 3162 4313 3230; x_wconf 76' lang='lat' dir='ltr'><strong>revelaverit.</strong></span> 
     </span>
     <span class='ocr_line' id='line_1_85' title="bbox 2532 3282 4317 3417; baseline 0.002 -23"><span class='ocrx_word' id='word_1_414' title='bbox 2532 3328 2711 3411; x_wconf 79' lang='lat' dir='ltr'><strong>Quid</strong></span> <span class='ocrx_word' id='word_1_415' title='bbox 2754 3331 2812 3395; x_wconf 88' lang='lat' dir='ltr'><strong>si</strong></span> <span class='ocrx_word' id='word_1_416' title='bbox 2858 3282 3808 3417; x_wconf 45' lang='lat' dir='ltr'><strong>quempiamnssfigffindignum</strong></span> <span class='ocrx_word' id='word_1_417' title='bbox 3846 3332 4134 3411; x_wconf 87' lang='lat' dir='ltr'><strong>noverit,</strong></span> <span class='ocrx_word' id='word_1_418' title='bbox 4195 3338 4317 3397; x_wconf 86' lang='lat' dir='ltr'><strong>aut</strong></span> 
     </span>
     <span class='ocr_line' id='line_1_86' title="bbox 2355 3415 3009 3482; baseline 0 -2"><span class='ocrx_word' id='word_1_419' title='bbox 2355 3415 2555 3481; x_wconf 82' lang='lat' dir='ltr'><strong>fuerit</strong></span> <span class='ocrx_word' id='word_1_420' title='bbox 2596 3415 3009 3482; x_wconf 82' lang='lat' dir='ltr'><strong>admonitus?</strong></span> 
     </span>
    </p>
   </div>
   <div class='ocr_carea' id='block_1_16' title="bbox 2356 3538 4315 4784">
    <p class='ocr_par' dir='ltr' id='par_1_48' title="bbox 3260 3538 3413 3573">
     <span class='ocr_line' id='line_1_87' title="bbox 3260 3538 3413 3573; baseline 0.013 -1"><span class='ocrx_word' id='word_1_421' title='bbox 3260 3538 3413 3573; x_wconf 73' lang='lat' dir='ltr'><strong>rm</strong></span> 
     </span>
    </p>

    <p class='ocr_par' dir='ltr' id='par_1_49' title="bbox 2361 3586 4315 3843">
     <span class='ocr_line' id='line_1_88' title="bbox 2535 3586 4315 3671; baseline 0.001 -20"><span class='ocrx_word' id='word_1_422' title='bbox 2535 3593 2653 3670; x_wconf 71' lang='lat' dir='ltr'><strong>[iol.</strong></span> <span class='ocrx_word' id='word_1_423' title='bbox 2691 3593 2801 3668; x_wconf 85' lang='lat'><strong>83]</strong></span> <span class='ocrx_word' id='word_1_424' title='bbox 2846 3587 2950 3653; x_wconf 89' lang='lat' dir='ltr'><strong>Ne</strong></span> <span class='ocrx_word' id='word_1_425' title='bbox 2992 3586 3061 3652; x_wconf 81' lang='lat' dir='ltr'><strong>id</strong></span> <span class='ocrx_word' id='word_1_426' title='bbox 3103 3587 3367 3671; x_wconf 90' lang='lat' dir='ltr'><strong>quidem</strong></span> <span class='ocrx_word' id='word_1_427' title='bbox 3419 3586 3504 3652; x_wconf 89' lang='lat' dir='ltr'><strong>ad</strong></span> <span class='ocrx_word' id='word_1_428' title='bbox 3545 3607 3655 3654; x_wconf 90' lang='lat' dir='ltr'><strong>eos</strong></span> <span class='ocrx_word' id='word_1_429' title='bbox 3699 3586 4153 3652; x_wconf 89' lang='lat' dir='ltr'><strong>communione</strong></span> <span class='ocrx_word' id='word_1_430' title='bbox 4196 3586 4315 3654; x_wconf 85' lang='lat' dir='ltr'><strong>ab·</strong></span> 
     </span>
     <span class='ocr_line' id='line_1_89' title="bbox 2363 3672 4313 3758; baseline -0.001 -19"><span class='ocrx_word' id='word_1_431' title='bbox 2363 3673 2675 3740; x_wconf 85' lang='lat' dir='ltr'><strong>dicandos</strong></span> <span class='ocrx_word' id='word_1_432' title='bbox 2730 3675 2907 3739; x_wconf 69' lang='lat' dir='ltr'><strong>soret·</strong></span> <span class='ocrx_word' id='word_1_433' title='bbox 2949 3676 3142 3740; x_wconf 81' lang='lat' dir='ltr'><strong>satis:</strong></span> <span class='ocrx_word' id='word_1_434' title='bbox 3200 3674 3329 3739; x_wconf 85' lang='grc'><strong>11161</strong></span> <span class='ocrx_word' id='word_1_435' title='bbox 3379 3673 3677 3758; x_wconf 85' lang='lat' dir='ltr'><strong>legitima</strong></span> <span class='ocrx_word' id='word_1_436' title='bbox 3732 3673 4046 3758; x_wconf 85' lang='lat' dir='ltr'><strong>cognitio,</strong></span> <span class='ocrx_word' id='word_1_437' title='bbox 4106 3672 4313 3740; x_wconf 85' lang='lat' dir='ltr'><strong>ecole-</strong></span> 
     </span>
     <span class='ocr_line' id='line_1_90' title="bbox 2361 3759 3308 3843; baseline -0.001 -17"><span class='ocrx_word' id='word_1_438' title='bbox 2361 3762 2629 3843; x_wconf 88' lang='lat' dir='ltr'><strong>siaeque</strong></span> <span class='ocrx_word' id='word_1_439' title='bbox 2671 3759 2984 3826; x_wconf 88' lang='lat' dir='ltr'><strong>iudicium</strong></span> <span class='ocrx_word' id='word_1_440' title='bbox 3027 3760 3308 3827; x_wconf 86' lang='lat' dir='ltr'><strong>accedat.</strong></span> 
     </span>
    </p>

    <p class='ocr_par' dir='ltr' id='par_1_50' title="bbox 3214 3881 3473 3916">
     <span class='ocr_line' id='line_1_91' title="bbox 3214 3881 3473 3916; baseline 0 0"><span class='ocrx_word' id='word_1_441' title='bbox 3214 3881 3473 3916; x_wconf 68' lang='lat' dir='ltr'><strong>mmm</strong></span> 
     </span>
    </p>

    <p class='ocr_par' dir='ltr' id='par_1_51' title="bbox 2356 3928 4311 4103">
     <span class='ocr_line' id='line_1_92' title="bbox 2533 3928 4311 4016; baseline -0.002 -19"><span class='ocrx_word' id='word_1_442' title='bbox 2533 3930 2805 3997; x_wconf 86' lang='lat' dir='ltr'><strong>Oertum</strong></span> <span class='ocrx_word' id='word_1_443' title='bbox 2871 3952 3028 4016; x_wconf 88' lang='lat' dir='ltr'><strong>ergo</strong></span> <span class='ocrx_word' id='word_1_444' title='bbox 3084 3931 3576 4015; x_wconf 81' lang='lat' dir='ltr'><strong>gubernationis</strong></span> <span class='ocrx_word' id='word_1_445' title='bbox 3639 3928 3936 3994; x_wconf 90' lang='lat' dir='ltr'><strong>ordinem</strong></span> <span class='ocrx_word' id='word_1_446' title='bbox 3993 3930 4311 3995; x_wconf 85' lang='lat' dir='ltr'><strong>constitu-</strong></span> 
     </span>
     <span class='ocr_line' id='line_1_93' title="bbox 2356 4016 3998 4103; baseline -0.003 -21"><span class='ocrx_word' id='word_1_447' title='bbox 2356 4024 2502 4082; x_wconf 87' lang='lat' dir='ltr'><strong>tum</strong></span> <span class='ocrx_word' id='word_1_448' title='bbox 2545 4018 2617 4082; x_wconf 89' lang='lat' dir='ltr'><strong>in</strong></span> <span class='ocrx_word' id='word_1_449' title='bbox 2661 4018 2952 4084; x_wconf 89' lang='lat' dir='ltr'><strong>eeclesiis</strong></span> <span class='ocrx_word' id='word_1_450' title='bbox 2989 4017 3231 4082; x_wconf 88' lang='lat' dir='ltr'><strong>habere</strong></span> <span class='ocrx_word' id='word_1_451' title='bbox 3274 4025 3508 4100; x_wconf 86' lang='lat' dir='ltr'><strong>operae</strong></span> <span class='ocrx_word' id='word_1_452' title='bbox 3550 4016 3835 4103; x_wconf 74' lang='lat' dir='ltr'><strong>pretium</strong></span> <span class='ocrx_word' id='word_1_453' title='bbox 3879 4021 3998 4079; x_wconf 87' lang='grc'><strong>666.</strong></span> 
     </span>
    </p>

    <p class='ocr_par' dir='ltr' id='par_1_52' title="bbox 3260 4138 3412 4174">
     <span class='ocr_line' id='line_1_94' title="bbox 3260 4138 3412 4174; baseline -0.013 0"><span class='ocrx_word' id='word_1_454' title='bbox 3260 4138 3412 4174; x_wconf 67' lang='lat' dir='ltr'><strong>runt.</strong></span> 
     </span>
    </p>

    <p class='ocr_par' dir='ltr' id='par_1_53' title="bbox 2360 4186 4311 4784">
     <span class='ocr_line' id='line_1_95' title="bbox 2533 4186 4309 4272; baseline -0.002 -20"><span class='ocrx_word' id='word_1_455' title='bbox 2533 4187 2789 4252; x_wconf 86' lang='lat' dir='ltr'><strong>Verum</strong></span> <span class='ocrx_word' id='word_1_456' title='bbox 2826 4195 2955 4253; x_wconf 86' lang='lat' dir='ltr'><strong>est:</strong></span> <span class='ocrx_word' id='word_1_457' title='bbox 3003 4209 3120 4256; x_wconf 92' lang='grc'><strong>666</strong></span> <span class='ocrx_word' id='word_1_458' title='bbox 3153 4190 3330 4253; x_wconf 90' lang='lat' dir='ltr'><strong>enim</strong></span> <span class='ocrx_word' id='word_1_459' title='bbox 3374 4188 3564 4272; x_wconf 76' lang='lat' dir='ltr'><strong>aliter</strong></span> <span class='ocrx_word' id='word_1_460' title='bbox 3596 4186 3766 4251; x_wconf 89' lang='lat' dir='ltr'><strong>bene</strong></span> <span class='ocrx_word' id='word_1_461' title='bbox 3795 4191 4087 4250; x_wconf 88' lang='lat' dir='ltr'><strong>moratae</strong></span> <span class='ocrx_word' id='word_1_462' title='bbox 4129 4190 4309 4265; x_wconf 88' lang='lat' dir='ltr'><strong>sunt,</strong></span> 
     </span>
     <span class='ocr_line' id='line_1_96' title="bbox 2360 4269 4311 4356; baseline -0.002 -16"><span class='ocrx_word' id='word_1_463' title='bbox 2360 4295 2481 4340; x_wconf 89' lang='lat' dir='ltr'><strong>nec</strong></span> <span class='ocrx_word' id='word_1_464' title='bbox 2525 4275 2652 4338; x_wconf 87' lang='lat' dir='ltr'><strong>rite</strong></span> <span class='ocrx_word' id='word_1_465' title='bbox 2694 4275 3102 4356; x_wconf 88' lang='lat' dir='ltr'><strong>compositae.</strong></span> <span class='ocrx_word' id='word_1_466' title='bbox 3200 4275 3381 4339; x_wconf 81' lang='lat' dir='ltr'><strong>Haec</strong></span> <span class='ocrx_word' id='word_1_467' title='bbox 3423 4289 3644 4337; x_wconf 88' lang='lat' dir='ltr'><strong>autem</strong></span> <span class='ocrx_word' id='word_1_468' title='bbox 3688 4269 3855 4334; x_wconf 84' lang='lat' dir='ltr'><strong>ratio</strong></span> <span class='ocrx_word' id='word_1_469' title='bbox 3899 4280 4025 4348; x_wconf 91' lang='lat' dir='ltr'><strong>est,</strong></span> <span class='ocrx_word' id='word_1_470' title='bbox 4080 4279 4157 4334; x_wconf 93' lang='lat' dir='ltr'><strong>ut</strong></span> <span class='ocrx_word' id='word_1_471' title='bbox 4197 4270 4311 4336; x_wconf 89' lang='lat' dir='ltr'><strong>de-</strong></span> 
     </span>
     <span class='ocr_line' id='line_1_97' title="bbox 2361 4356 4308 4444; baseline -0.002 -21"><span class='ocrx_word' id='word_1_472' title='bbox 2361 4359 2662 4444; x_wconf 76' lang='lat' dir='ltr'><strong>ligantur</strong></span> <span class='ocrx_word' id='word_1_473' title='bbox 2726 4361 3044 4436; x_wconf 87' lang='lat' dir='ltr'><strong>seniores,</strong></span> <span class='ocrx_word' id='word_1_474' title='bbox 3113 4360 3222 4442; x_wconf 91' lang='lat' dir='ltr'><strong>qui</strong></span> <span class='ocrx_word' id='word_1_475' title='bbox 3289 4380 3544 4423; x_wconf 88' lang='lat' dir='ltr'><strong>morum</strong></span> <span class='ocrx_word' id='word_1_476' title='bbox 3616 4375 3931 4422; x_wconf 87' lang='lat' dir='ltr'><strong>censurae</strong></span> <span class='ocrx_word' id='word_1_477' title='bbox 3993 4356 4308 4439; x_wconf 87' lang='lat' dir='ltr'><strong>praesint,</strong></span> 
     </span>
     <span class='ocr_line' id='line_1_98' title="bbox 2362 4443 4308 4527; baseline -0.003 -14"><span class='ocrx_word' id='word_1_478' title='bbox 2362 4444 2801 4527; x_wconf 78' lang='lat' dir='ltr'><strong>cavendisque</strong></span> <span class='ocrx_word' id='word_1_479' title='bbox 2869 4444 3275 4512; x_wconf 84' lang='lat' dir='ltr'><strong>offendiculis</strong></span> <span class='ocrx_word' id='word_1_480' title='bbox 3328 4443 3702 4526; x_wconf 86' lang='lat' dir='ltr'><strong>invigilent:</strong></span> <span class='ocrx_word' id='word_1_481' title='bbox 3770 4449 3839 4504; x_wconf 90' lang='lat' dir='ltr'><strong>et</strong></span> <span class='ocrx_word' id='word_1_482' title='bbox 3893 4461 4056 4524; x_wconf 90' lang='lat' dir='ltr'><strong>quos</strong></span> <span class='ocrx_word' id='word_1_483' title='bbox 4105 4463 4308 4527; x_wconf 81' lang='lat' dir='ltr'><strong>agno-</strong></span> 
     </span>
     <span class='ocr_line' id='line_1_99' title="bbox 2362 4530 4308 4612; baseline -0.003 -14"><span class='ocrx_word' id='word_1_484' title='bbox 2362 4530 2586 4598; x_wconf 86' lang='lat' dir='ltr'><strong>verint</strong></span> <span class='ocrx_word' id='word_1_485' title='bbox 2628 4530 3039 4612; x_wconf 84' lang='lat' dir='ltr'><strong>recipiendae</strong></span> <span class='ocrx_word' id='word_1_486' title='bbox 3093 4551 3332 4597; x_wconf 86' lang='lat' dir='ltr'><strong>coenae</strong></span> <span class='ocrx_word' id='word_1_487' title='bbox 3384 4547 3792 4610; x_wconf 83' lang='lat' dir='ltr'><strong>nequaquam</strong></span> <span class='ocrx_word' id='word_1_488' title='bbox 3838 4547 3979 4592; x_wconf 89' lang='lat' dir='ltr'><strong>esse</strong></span> <span class='ocrx_word' id='word_1_489' title='bbox 4023 4547 4308 4611; x_wconf 83' lang='lat' dir='ltr'><strong>capaces,</strong></span> 
     </span>
     <span class='ocr_line' id='line_1_100' title="bbox 2361 4614 4309 4701; baseline -0.002 -20"><span class='ocrx_word' id='word_1_490' title='bbox 2361 4637 2484 4683; x_wconf 92' lang='lat' dir='ltr'><strong>neo</strong></span> <span class='ocrx_word' id='word_1_491' title='bbox 2541 4616 2819 4682; x_wconf 24' lang='lat' dir='ltr'><strong>admitti.</strong></span> <span class='ocrx_word' id='word_1_492' title='bbox 2857 4616 3117 4701; x_wconf 88' lang='lat' dir='ltr'><strong>quidem</strong></span> <span class='ocrx_word' id='word_1_493' title='bbox 3176 4636 3365 4698; x_wconf 90' lang='lat' dir='ltr'><strong>posse</strong></span> <span class='ocrx_word' id='word_1_494' title='bbox 3419 4616 3578 4697; x_wconf 89' lang='lat' dir='ltr'><strong>quin</strong></span> <span class='ocrx_word' id='word_1_495' title='bbox 3632 4623 4113 4678; x_wconf 82' lang='lat' dir='ltr'><strong>sacramentum</strong></span> <span class='ocrx_word' id='word_1_496' title='bbox 4167 4614 4309 4697; x_wconf 92' lang='lat' dir='ltr'><strong>pol-</strong></span> 
     </span>
     <span class='ocr_line' id='line_1_101' title="bbox 2361 4700 3901 4784; baseline -0.002 -17"><span class='ocrx_word' id='word_1_497' title='bbox 2361 4703 2602 4782; x_wconf 86' lang='lat' dir='ltr'><strong>luatur,</strong></span> <span class='ocrx_word' id='word_1_498' title='bbox 2648 4722 2761 4768; x_wconf 89' lang='grc'><strong>666</strong></span> <span class='ocrx_word' id='word_1_499' title='bbox 2802 4725 2843 4769; x_wconf 90' lang='grc'><strong>6</strong></span> <span class='ocrx_word' id='word_1_500' title='bbox 2885 4700 3471 4769; x_wconf 85' lang='lat' dir='ltr'><strong>communicatione</strong></span> <span class='ocrx_word' id='word_1_501' title='bbox 3483 4702 3541 4784; x_wconf 82' lang='lat'><strong>⁸)</strong></span> <span class='ocrx_word' id='word_1_502' title='bbox 3587 4700 3901 4765; x_wconf 88' lang='lat' dir='ltr'><strong>reiiciant.</strong></span> 
     </span>
    </p>
   </div>
   <div class='ocr_carea' id='block_1_17' title="bbox 2635 4901 4312 4973">
    <p class='ocr_par' dir='ltr' id='par_1_54' title="bbox 2635 4901 4312 4973">
     <span class='ocr_line' id='line_1_102' title="bbox 2635 4901 4312 4973; baseline -0.001 -15"><span class='ocrx_word' id='word_1_503' title='bbox 2635 4905 2696 4971; x_wconf 82' lang='lat'><strong>2)</strong></span> <span class='ocrx_word' id='word_1_504' title='bbox 2732 4903 2924 4973; x_wconf 81' lang='lat' dir='ltr'><strong>Quoad</strong></span> <span class='ocrx_word' id='word_1_505' title='bbox 2967 4919 3151 4958; x_wconf 73' lang='lat' dir='ltr'><strong>omnes</strong></span> <span class='ocrx_word' id='word_1_506' title='bbox 3192 4909 3410 4972; x_wconf 76' lang='lat' dir='ltr'><strong>praeter</strong></span> <span class='ocrx_word' id='word_1_507' title='bbox 3450 4904 3774 4972; x_wconf 72' lang='lat' dir='ltr'><strong>principem.</strong></span> <span class='ocrx_word' id='word_1_508' title='bbox 4074 4901 4131 4970; x_wconf 81' lang='lat'><strong>3)</strong></span> <span class='ocrx_word' id='word_1_509' title='bbox 4165 4917 4312 4958; x_wconf 85' lang='lat' dir='ltr'><strong>com-</strong></span> 
     </span>
    </p>
   </div>
   <div class='ocr_carea' id='block_1_18' title="bbox 1795 5176 2800 5249">
    <p class='ocr_par' dir='ltr' id='par_1_55' title="bbox 1795 5176 2800 5249">
     <span class='ocr_line' id='line_1_103' title="bbox 1795 5176 2800 5249; baseline -0.004 -1"><span class='ocrx_word' id='word_1_510' title='bbox 1795 5182 1959 5248; x_wconf 81' lang='lat' dir='ltr'><strong>FIN</strong></span> <span class='ocrx_word' id='word_1_511' title='bbox 2003 5181 2135 5249; x_wconf 88' lang='lat' dir='ltr'><strong>DU</strong></span> <span class='ocrx_word' id='word_1_512' title='bbox 2180 5176 2800 5248; x_wconf 74' lang='lat' dir='ltr'><strong>GATEOHISME.</strong></span> 
     </span>
    </p>
   </div>
   <div class='ocr_carea' id='block_1_19' title="bbox 3828 5395 3898 5449">
    <p class='ocr_par' dir='ltr' id='par_1_56' title="bbox 3828 5395 3898 5449">
     <span class='ocr_line' id='line_1_104' title="bbox 3828 5395 3898 5449; baseline 0 -19"><span class='ocrx_word' id='word_1_513' title='bbox 3828 5395 3898 5449; x_wconf 53' lang='lat'><strong>9*</strong></span> 
     </span>
    </p>
   </div>
   <div class='ocr_carea' id='block_1_20' title="bbox 4889 3357 4912 5554">
    <p class='ocr_par' dir='ltr' id='par_1_57' title="bbox 4889 3357 4912 5554">
     <span class='ocr_line' id='line_1_105' title="bbox 4889 3357 4912 5554; baseline 0 0"><span class='ocrx_word' id='word_1_514' title='bbox 4889 3357 4912 5554; x_wconf 95' lang='lat' dir='ltr'><strong> </strong></span> 
     </span>
    </p>
   </div>
  </div>
 </body>
</html>
