4967 5992
2330 0 2679 20 ...Γ
4388 0 4428 46 ,
4633 0 4895 160 Ἴ

588 351 837 420 XXIV
1768 341 2317 414 TRAOTATUS
2359 340 2951 411 THEOLOGIOI
2988 341 3435 412 MINORES.

590 540 817 625 Pighii
872 539 1113 605 librum
1170 558 1255 602 66
1300 533 1672 602 Pontificiis
1731 531 1998 617 quidem
2043 531 2205 618 ipsis
2270 532 2432 597 satis
2486 531 2746 611 fecisse,
2799 532 2919 598 sed
2975 529 3314 616 Hispanos
3354 530 3739 619 Pelagiam's
3739 531 3858 597 mi
3876 553 4029 598 eum
4073 539 4454 617 suspectum
4493 534 4614 599 ha-

590 654 813 721 buisse
854 659 921 750 61
963 649 1242 735 dignum
1283 648 1398 732 qui
1439 647 1514 711 111
1551 644 1852 711 Indicem
1894 645 2272 712 referretur.

899 786 1114 854 Unica
1153 784 1370 869 operis
1414 783 1633 860 edific,
1679 781 1765 847 ad
1807 781 1995 847 cuius
2037 778 2238 846 fidem
2278 788 2545 845 textum
2588 778 3038 847 recudendum
3080 781 3475 860 curabimus,
3521 781 3700 848 hunc
3736 780 3939 846 habet
3979 781 4277 846 titulum:

902 915 1521 1004 DEFENSIO
1592 921 1604 1025 Ι
1675 926 1985 993 SANAE
2040 924 2161 991 ΕΤ
2214 924 2873 992 ΟΒΤΗΟΒΟΧΑΕ
2923 926 2932 1008 1
2985 935 3414 991 1166166116
3469 935 3572 990 DE
3625 933 4040 991 snamv'rn
4089 926 4099 1010 Ι
4150 929 4241 1000 et
4306 917 4618 1002 libera..

593 1051 826 1138 tione
900 1047 1250 1132 humani
1333 1043 1697 1151 arbitrii,
1790 1042 2195 1125 adversus
2289 1072 2427 1126 ca-
2445 1039 2840 1153 1166111166
2963 1039 3294 1150 Α11161-11
3382 1042 3683 1153 Pighii
3768 1040 4285 1154 Campensis.
4357 1049 4370 1155 Ι
4454 1039 4613 1134 Au.

591 1183 814 1278 tlwre
870 1181 1164 1277 Ioanne
1224 1176 1549 1273 Caluino
1618 1178 1630 1282 Ι
1712 1201 2013 1270 ‹Emblema
2046 1197 2412 1270 typographi.)
2473 1199 2484 1266 ι
2547 1199 2919 1268 GENEVAE,
2969 1189 2980 1265 ι
3041 1178 3219 1261 Per
3281 1179 3695 1262 Ioannem
3747 1177 4232 1289 gerardum.
4304 1186 4317 1291 Ι
4383 1183 4616 1290 1643.
4687 1241 4698 1248 .

905 1350 1257 1418 Emblema
1300 1346 1587 1415 Gerardi
1640 1345 1994 1412 lectoribus
2052 1345 2293 1411 nostris
2336 1345 2756 1410 notissimum
2806 1343 2916 1410 hic
2961 1342 3046 1409 ad
3097 1364 3244 1410 eam
3281 1344 3574 1410 formam*
3611 1365 4001 1428 expressum
4046 1353 4148 1411 est
4189 1366 4391 1427 quam
4434 1347 4615 1414 Tem.

594 1464 725 1530 ΠΙ.
780 1463 951 1547 Opp.
995 1461 1283 1541 Calvini,
1326 1480 1474 1543 pag.
1520 1456 1734 1522 XXX
1778 1478 1862 1522 ex
1906 1454 2004 1522 ed.
2051 1453 2342 1522 secunda
2384 1454 2835 1521 Institutionis
2880 1455 3153 1539 gallicae
3207 1456 3688 1539 descripsimus.
3791 1456 4038 1521 Forma
4077 1453 4229 1521 libri
4273 1463 4619 1540 quaterna-

594 1577 696 1642 ria
749 1576 985 1640 minor.
1063 1573 1258 1638 Folia
1297 1578 1578 1654 quatuor
1621 1575 1785 1635 sunt
1820 1567 2317 1652 praeliminaria
2358 1586 2491 1632 non
2535 1567 2795 1651 signata
2839 1587 2990 1633 cum
3033 1567 3224 1632 titulo
3267 1574 3336 1632 et
3369 1567 3647 1652 epistola
3695 1567 4115 1636 dedicatoria.
4186 1569 4437 1636 'sextus
4477 1571 4620 1653 ipse

592 1688 969 1754 continetur
1007 1684 1281 1769 triginta
1314 1682 1528 1768 plagis
1563 1680 1728 1766 (non
1768 1679 2338 1765 quaternionibus)
2373 1685 2846 1762 quaternorum
2876 1677 3186 1745 foliorum
3230 1680 3441 1763 (a—-z.
3485 1679 3756 1764 A—G)‚
3799 1679 4059 1764 paginis
4091 1681 4452 1747 numeratis
4475 1684 4619 1748 239.

593 1799 852 1867 Ultima
884 1803 986 1862 est
1026 1815 1252 1862 vacua.
1324 1793 1451 1860 Usi
1493 1813 1722 1859 sumus
1766 1790 2127 1875 exemplari
2172 1791 2492 1856 turicensi
2534 1812 2740 1874 quum
2779 1790 2970 1857 nobis
3001 1789 3174 1874 'ipsis
3220 1789 3484 1856 eme’ndi
3525 1789 3805 1857 alicuius
3844 1792 4030 1875 copia
4071 1790 4366 1857 nondum
4405 1789 4617 1860 fuerit.

594 1909 953 1977 Praeterea
1002 1907 1246 1992 legitur
1299 1905 1476 1970 idem
1529 1910 1851 1970 tractatus
1916 1901 2093 1987 apud
2152 1902 2525 1969 Gallasium
2582 1923 2730 1988 pag.
2797 1906 2921 1968 216
2945 1906 3196 1982 —3513
3256 1901 3435 1986 apud
3487 1902 3738 1969 Bezam
3791 1921 3940 1986 pag.
3995 1904 4383 1983 les—286,
4442 1912 4510 1971 et
4549 1907 4620 1971 in

596 2020 887 2087 editione
929 2018 1139 2085 altera
1178 2039 1327 2101 pag.
1377 2019 1740 2097 155-2383
1785 2015 1858 2081 in
1900 2014 2188 2081 editione
2232 2011 2580 2080 Stoeriana
2620 2034 2770 2098 pag.
2815 2017 3179 2092 134—2043
3224 2014 3299 2078 in
3342 2012 3940 2084 Amstelodamensi
3979 2035 4128 2099 pag.
4179 2018 4538 2084 116-177.

911 2156 1236 2224 Gallicam
1280 2155 1650 2221 versionem
1695 2152 1854 2219 olim
1890 2152 2245 2237 separatim
2287 2149 2608 2235 prodiisse
2646 2149 2960 2218 discimus
3003 2173 3087 2217 ex
3130 2150 3444 2237 catalogis
3477 2150 3913 2217 bibliothecae
3938 2151 4352 2220 Genevensis
4393 2161 4463 2218 et
4493 2154 4624 2219 Pa-

598 2269 893 2337 risiensis
957 2266 1333 2351 imperialis.
1424 2265 1689 2332 Titulus
1731 2271 1859 2331 est:
1926 2263 2350 2349 Response
2404 2262 2500 2327 de
2553 2261 2749 2328 Iean
2816 2261 3111 2331 Calvin
3192 2286 3349 2329 aux
3416 2263 3862 2331 calomnies
3920 2262 4181 2330 d’Alb.
4237 2265 4621 2350 Pighius,

598 2387 1058 2449 contenant
1110 2379 1188 2444 la
1242 2378 1583 2444 defense
1637 2375 1730 2441 de
1784 2374 1861 2442 la
1918 2375 2142 2441 saine
2183 2383 2263 2440 et
2321 2353 2649 2440 saincte
2706 2372 3089 2440 doctrine
3137 2383 3423 2441 contre
3488 2375 3563 2442 le
3616 2376 3851 2441 franc
3904 2375 4221 2460 arbjtre
4276 2375 4417 2442 des
4470 2376 4624 2444 Pa-

600 2493 891 2578 pistes,
937 2511 1079 2574 par
1121 2488 1487 2573 laquelle
1530 2497 1659 2554 est
1701 2493 2064 2551 monstre
2107 2506 2258 2570 que
2300 2486 2378 2551 la
2421 2485 2757 2552 volente
2801 2485 2895 2552 de
2948 2486 3330 2552 l'homme
3390 2494 3517 2553 est
3573 2486 4222 2553 naturellement
4266 2508 4507 2553 serve
4545 2493 4627 2553 et

598 2604 928 2688 captive
971 2599 1075 2667 de
1130 2600 1421 2685 peche,
1485 2608 1566 2665 et
1608 2598 1827 2664 aussi
1884 2604 2009 2663 est
2059 2596 2358 2662 traicte
2409 2616 2555 2680 par
2610 2596 2799 2680 quel
2858 2618 3145 2684 moyen
3201 2597 3362 2663 elle
3415 2600 3600 2666 vint
3657 2604 3700 2664 a
3762 2606 3983 2664 estre
4035 2598 4498 2666 affranchie
4548 2606 4626 2665 et

595 2715 799 2781 mise
857 2735 958 2780 en
1014 2712 1345 2778 liberte.
1417 2709 1773 2776 Geneve.
1831 2708 2352 2793 Imprimerie
2398 2708 2495 2774 (16
2545 2708 2625 2773 F.
2684 2706 3131 2776 Davodeau
3196 2715 3276 2775 et
3329 2709 3438 2795 Iq.
3498 2708 3981 2795 Bourgeois.
4069 2714 4251 2777 1560.
4319 2714 4380 2776 8.
4480 2710 4624 2776 Hoc

598 2827 911 2894 volumen
975 2824 1165 2890 nobis
1220 2822 1305 2888 ad
1362 2842 1601 2886 manus
1665 2840 1800 2886 666
1854 2820 2011 2899 fuit,
2068 2820 2231 2885 satis
2287 2819 2685 2886 habentibus
2738 2826 2998 2886 textum
3052 2819 3333 2888 latinum
3377 2844 3530 2889 cum
3584 2821 3949 2905 exemplari
3991 2819 4227 2908 gallico
4269 2821 4623 2888 contulisse

599 2936 775 3024 quod
813 2938 887 3003 in
922 2935 1213 3018 Corpore
1253 2939 1660 3001 tractatuum
1702 2952 1759 2998 a.
1805 2936 1968 2996 1566
2011 2930 2256 3016 legitur
2297 2909 2445 3016 p‘ag.
2495 2934 2854 3010 257—438‚
2901 2939 2971 2997 et
3012 2954 3069 3000 a.
3114 2935 3269 2997 1611
3320 2954 3469 3020 pag.
3517 2937 3876 2998 287-494.

912 3073 1268 3140 Caeterum
1311 3092 1475 3154 opus
1517 3091 1710 3136 suum
1754 3069 2073 3136 Calvinus
2116 3089 2250 3135 non
2292 3069 2516 3135 statim
2557 3061 2864 3150 absolvit,
2923 3070 3040 3136 sed
3080 3092 3200 3154 pro
3242 3079 3536 3155 tempore
3578 3071 4034 3156 imperfectum
4077 3069 4311 3150 edidit,
4367 3059 4445 3137 ut
4484 3072 4626 3155 ipse

600 3189 677 3253 in
719 3187 853 3252 fine
896 3185 1129 3263 refert,
1185 3183 1293 3249 1116
1335 3181 1554 3249 verbis
1597 3199 1787 3247 usus:
1841 3179 2092 3246 Decem
2145 3179 2332 3247 libris
2386 3187 2646 3247 constat
2686 3201 2852 3265 opus
2893 3181 3118 3266 Pighii
3138 3234 3155 3260 ,
3217 3203 3498 3267 quorum
3554 3204 3673 3250 sex
3714 3184 3944 3268 primis
3986 3182 4069 3248 de
4109 3181 4313 3249 libero
4356 3182 4627 3248 arbitrio

601 3296 933 3386 disputat,
998 3293 1269 3379 reliquis
1319 3301 1602 3379 quatuor
1654 3291 2324 3377 praedestinationem
2379 3314 2456 3359 ac
2510 3292 3000 3376 providentiam
3038 3294 3168 3360 Dei
3221 3301 3480 3361 tractat.
3567 3294 3793 3377 Quum
3845 3294 4054 3380 igitur
4103 3291 4450 3360 distinctae
4490 3293 4626 3361 sint

540 3467 547 3474 .
599 3408 1033 3495 quaestiones,
1078 3408 1367 3489 priorem
1409 3405 1594 3471 illam
1636 3405 1974 3483 hactenns,
2020 3412 2100 3469 ut
2140 3404 2455 3487 temporis
2499 3405 2791 3472 brevitas
2833 3405 3106 3485 sinebat,
3152 3427 3300 3471 sum
3335 3413 3752 3491 exsequutus.
3839 3406 4137 3474 Alterius
4178 3428 4339 3474 vero
4379 3414 4626 3475 tracta-

600 3523 848 3587 tionem
890 3518 974 3585 ad
1016 3518 1350 3602 proximas
1409 3537 1619 3602 usque
1669 3516 2001 3582 nundinas
2057 3515 2494 3583 differendam
2535 3516 2765 3584 censui
2779 3568 2797 3596 ,
2851 3518 3006 3599 quia
3045 3523 3115 3583 et
3166 3517 3339 3583 nihil
3379 3525 3483 3585 est
3522 3519 3598 3583 in
3638 3538 3826 3585 16616
3864 3517 4142 3603 periculi
4182 3526 4252 3585 et
4291 3525 4453 3586 tunc
4494 3518 4627 3583 uti-

598 3631 747 3710 lior,
790 3630 1054 3697 volente
1096 3630 1385 3695 Domino
1398 3680 1417 3709 ,
1474 3628 1777 3712 prodibit.
1869 3626 2202 3710 Quoniam
2243 3634 2492 3702 tamen,
2513 3625 2790 3693 verebar
2830 3649 2916 3694 116
2930 3679 2948 3707 ,
3002 3629 3060 3693 61
3116 3628 3365 3695 (1161166
3417 3637 3734 3710 16661616,
3791 3629 4204 3716 quorundam
4245 3628 4468 3696 oculos
4510 3629 4626 3696 Pi-

600 3743 801 3829 ghius
841 3762 966 3807 sua
998 3739 1116 3805 illa
1158 3739 1593 3805 ostentatione
1633 3739 2140 3824 perstringeret,
2195 3737 2322 3805 hoc
2363 3739 2621 3804 interea
2679 3737 2855 3805 edito
2910 3740 3267 3824 specimine
3315 3749 3384 3807 et
3433 3741 3613 3807 illius
3666 3742 4087 3820 insolentiam
4126 3740 4474 3826 paululum
4517 3761 4626 3806 re-

598 3855 913 3939 primere,
971 3858 1043 3917 et
1081 3849 1403 3915 bonorum
1447 3869 1522 3915 ac
1565 3851 1825 3934 piorum
1865 3851 2297 3916 attentionem
2342 3849 2633 3917 excitare
2673 3850 2894 3917 visum
2935 3859 3065 3933 est,
3124 3859 3315 3919 caett.
3402 3852 3658 3920 Verum
3703 3874 3901 3937 quam
3950 3853 4058 3921 hic
4099 3852 4426 3938 promittit
4467 3851 4625 3918 reli-

598 3986 799 4051 quam
845 3961 1306 4047 disputationis
1354 3969 1612 4043 partem
1667 3961 1988 4046 proximis
2045 3961 2362 4027 nundinis
2404 3959 2761 4041 611611ᾶ6111,
2818 3985 2964 4029 6616
3007 3963 3153 4030 61116
3196 3965 3529 4050 variisque
3571 3967 3746 4032 curis
3789 3973 3857 4031 61
3899 3965 4228 4032 laboribus
4271 3963 4626 4032 distractus

600 4077 683 4144 de
727 4075 832 4142 die
874 4076 948 4141 in
991 4072 1169 4139 diem
1210 4069 1469 4137 distulit
1524 4079 1593 4139 et
1643 4072 1914 4157 longum
1958 4072 2223 4139 demum
2263 4079 2414 4156 post
2455 4074 2772 4156 temporis
2814 4075 3272 4157 intervallum,
3318 4082 3396 4142 ut
3450 4075 3587 4143 iam
3638 4098 3842 4161 supra
3897 4074 4218 4157 diximus,
4274 4076 4495 4161 aliqua
4536 4098 4624 4172 ex

597 4197 785 4274 parte
829 4185 1175 4272 promissis
1223 4184 1425 4251 stetit.

909 4314 1192 4381 Librum
1235 4334 1431 4380 suum
1472 4311 1835 4396 praemissa
1885 4311 2163 4396 epistola
2203 4311 2519 4396 Philippo
2561 4313 3064 4381 Melanchthoni
3119 4316 3455 4410 inscripsit
3506 4325 3727 4400 autor,
3783 4338 3949 4403 quae
3991 4318 4065 4382 in
4108 4317 4394 4384 editione
4435 4319 4626 4401 prin·

599 4426 748 4509 cipe
789 4424 1051 4508 quidem
1094 4426 1239 4491 sine
1281 4424 1388 4490 (116
1428 4434 1495 4490 61
1537 4423 1805 4491 6666616
1847 4423 2052 4501 venit,
2096 4422 2275 4505 apud
2317 4423 2691 4490 Gallasium
2739 4447 3086 4510 perperam
3127 4425 3213 4493 ad
3255 4447 3504 4494 annum
3553 4434 3718 4495 1544
3773 4430 3984 4496 relata
4029 4431 4304 4515 legitur,
4360 4450 4401 4495 a
4441 4429 4629 4496 Beza

599 4535 873 4602 tandem
912 4537 1127 4601 mensi
1167 4537 1532 4603 Februario
1589 4540 1754 4600 1543
1814 4535 2120 4601 restituta
2163 4542 2295 4614 est,
2363 4557 2558 4620 quem
2602 4555 2837 4602 verum
2878 4538 3019 4603 eius
3066 4538 3358 4606 natalem
3409 4541 3608 4607 fuisse
3650 4541 3994 4609 credimus.
4081 4539 4626 4609 Melanchthonis

599 4648 804 4716 etiam
846 4665 1255 4728 responsum,
1302 4646 1408 4713 die
1456 4651 1486 4710 1
1499 4651 1554 4712 1.
1600 4647 1767 4713 Maii
1810 4646 2107 4713 eiusdem
2159 4648 2319 4711 anni
2374 4646 2608 4714 datum
2621 4699 2639 4728 ,
2680 4647 2750 4713 id
2793 4649 3186 4715 confirmare
3228 4650 3505 4718 videtur.
3593 4649 3838 4719 Exstat
3887 4653 4012 4721 hoc
4069 4654 4245 4719 inter
4286 4649 4627 4736 Epistulas

601 4758 868 4827 calvini
909 4756 1337 4841 impressum,
1393 4757 1492 4823 ed.
1540 4759 1755 4825 Bezae
1797 4779 1947 4845 pag.
1995 4762 2150 4835 279,
2205 4757 2306 4824 6(1.
2351 4758 2689 4826 Lausann.
2729 4780 2878 4844 pag.
2926 4764 3038 4840 89,
3097 4761 3195 4829 ed.
3240 4763 3506 4831 Hanov.
3546 4786 3695 4850 pag.
3747 4769 3901 4847 100,
3955 4764 4057 4832 ed.
4101 4765 4316 4831 Amet.
4358 4786 4420 4848 p.
4473 4768 4627 4831 174.

600 4869 707 4936 Ibi
762 4869 857 4935 M.
915 4866 1272 4951 Philippus
1334 4874 1640 4934 mutuum
1700 4871 1773 4935 in
1822 4869 2180 4937 Calvinum
2236 4890 2528 4936 amorem
2582 4869 2857 4938 candide
2912 4876 3272 4956 professus,
3330 4875 3511 4942 haud
3567 4878 3842 4944 obscure
3898 4876 4228 4963 significat
4281 4896 4355 4942 66
4420 4877 4626 4943 enixe

598 4987 827 5086 potare
869 4986 946 5046 ut
984 4978 1098 5044 1116
1141 4977 1583 5062 eloquentiam
1625 5001 1817 5046 suam
1853 4988 1920 5048 et
1960 4982 2211 5067 ingenii
2254 4982 2434 5049 vires
2488 4982 2574 5047 ad
2615 4981 3041 5051 illustrandas
3083 5007 3196 5052 eas
3239 4988 3650 5070 quaestiones
3692 4988 3976 5074 applicet
4009 5009 4114 5055 -ex
4164 4988 4401 5073 quibus
4441 4996 4625 5055 trac-

599 5092 758 5158 tatis
799 5097 868 5157 et
921 5089 1224 5176 religioni
1266 5096 1334 5155 et
1386 5089 1695 5157 ecclesiae
1752 5092 2144 5159 cumulatior
2196 5092 2450 5164 fructus
2494 5092 2984 5161 redundaturus
3028 5097 3145 5176 sit,
3199 5096 3517 5182 neglectis
3569 5099 3822 5168 scilicet
3875 5101 3958 5167 iis
3999 5098 4081 5166 (16
4124 5098 4361 5184 quibus
4403 5099 4624 5167 subti-

596 5202 729 5270 lius
772 5200 1040 5286 quidem
1082 5199 1417 5285 disputare
1460 5200 1695 5285 aliquis
1735 5203 1958 5286 possit,
2002 5224 2202 5287 quam
2243 5204 2329 5269 ad
2370 5203 2696 5287 regendos
2737 5205 3080 5275 hominum
3123 5210 3379 5277 animos
3430 5210 3994 5284 accommodatum
4030 5211 4354 5279 videatur.
4443 5212 4626 5279 ‘Dum
