4967 5992
351 342 465 407 341

349 529 694 627 obscurum
745 523 903 603 erit,
962 524 1121 606 quid
1136 574 1152 602 ,
1209 530 1325 588 aut
1368 529 1690 607 quantum
1733 523 1939 590 libero
1981 523 2295 592 concedat

347 612 872 778 mmlx-{gaqum
909 702 1130 761 autem
1164 692 1277 758 diu
1326 702 1519 760 extra
1555 693 1734 760 oleas
1757 696 1807 777 ¹)
1851 702 2134 779 vagatus
2171 703 2290 772 est,

348 784 429 850 ad
481 803 624 847 rem
669 781 936 847 demum
987 781 1361 847 revertitur.
1452 779 1650 845 Iubet
1691 800 1797 845 me
1853 781 2175 863 proferre,
2235 780 2307 846 si‘

346 869 606 954 possim,
650 866 783 944 ubi,
826 865 1102 948 quando,
1140 871 1257 930 aut
1300 886 1341 930 a
1388 865 1627 949 quibus
1673 866 2050 949 Augustino
2093 866 2294 931 fuerit

346 952 690 1037 0110000ᾶο
735 951 1077 1031 obiectum,
1123 951 1372 1017 frustra
1404 949 1580 1015 tradi
1621 958 1997 1035 praecepta,
2044 953 2294 1017 frustra

347 1039 831 1106 exhortationes
874 1038 1136 1120 suscipi,
1183 1036 1242 1100 si
1283 1035 1452 1101 nihil
1488 1036 1572 1101 ad
1608 1037 1773 1101 bene
1808 1036 2141 1121 agendum
2176 1058 2291 1103 va·

343 1127 477 1190 leat
520 1123 804 1189 hominis
860 1123 1154 1189 facultas.
1244 1120 1452 1202 Quasi
1506 1141 1661 1188 vero
1718 1140 1851 1185 non
1895 1123 2017 1187 hoc
2062 1122 2291 1188 clami-

346 1218 438 1276 tet
459 1217 640 1274 totus
675 1207 860 1273 liber.
917 1205 1055 1274 Sed
1084 1229 1169 1272 ne
1191 1207 1557 1290 longiorem
1590 1205 2043 1290 probationem
2065 1216 2291 1274 texere

344 1295 506 1361 mihi
558 1314 827 1360 necesse
867 1294 980 1371 sit,
1041 1299 1243 1359 testes
1286 1294 1425 1358 sint
1462 1291 1613 1356 illae
1659 1292 1836 1375 ipsae
1879 1291 2288 1373 obiectiones,

344 1402 506 1464 quas
539 1380 774 1445 refert:
813 1400 1093 1462 quarum
1138 1379 1352 1461 prima
1383 1384 1514 1443 est:
1560 1377 1655 1444 Ut
1679 1377 1835 1460 quid
1869 1376 2061 1444 nobis
2101 1399 2288 1461 prae-

344 1466 600 1532 dicatur
641 1472 838 1548 atque
881 1463 1301 1547 praecipitur,
1346 1469 1420 1527 ut
1463 1461 1864 1528 declinemus
1903 1485 1943 1528 a
1981 1464 2174 1542 malo,
2221 1472 2291 1528 et

342 1551 655 1617 faciamus
706 1549 983 1627 bonum,
1044 1551 1101 1616 si
1142 1549 1266 1614 hoc
1308 1569 1441 1615 non
1500 1549 1784 1631 agimus,
1843 1548 1960 1613 sed
2003 1548 2071 1613 id
2117 1549 2289 1615 velle

344 1647 414 1701 et
456 1642 604 1715 [pag.
647 1641 793 1712 151]
831 1656 1026 1720 agere
1063 1636 1247 1701 Deus
1282 1643 1591 1717 operatur
1625 1634 1697 1697 in
1731 1633 1958 1700 nobis?
2027 1634 2285 1699 Altera:

342 1724 489 1806 Age
543 1732 795 1800 tamen,
851 1721 1262 1804 praecipiant
1318 1721 1429 1802 qui
1482 1719 1672 1785 nobis
1729 1727 2075 1802 praesunt,
2131 1719 2290 1801 quid

342 1808 555 1874 facere
599 1805 952 1871 debeamus
968 1830 984 1886 ;
1041 1814 1107 1871 et
1148 1812 1224 1870 ut
1266 1805 1610 1883 faciamus,
1668 1812 1860 1869 orent
1915 1825 2034 1887 pro
2078 1805 2288 1885 nobis,

341 1914 474 1958 non
518 1899 739 1957 autem
783 1891 1140 1974 corripiant
1182 1901 1250 1954 et
1293 1897 1603 1973 arguant,
1651 1890 1708 1954 si
1743 1910 1876 1954 non
1920 1890 2288 1957 fecerimus.

337 1978 510 2043 Nam
567 1979 622 2044 si
688 1983 1122 2060 praeparatur
1173 1974 1478 2042 voluntas
1545 1997 1585 2040 a
1640 1975 1955 2053 Domino,
2024 1997 2143 2042 cur
2185 1998 2290 2042 me

338 2064 630 2146 corripis,
668 2083 870 2145 quum
898 2060 1082 2128 vides
1116 2082 1221 2127 me
1258 2061 1401 2125 eius
1436 2068 1785 2143 praecepta
1818 2061 2030 2127 facere
2066 2061 2286 2126 nolle?

336 2157 402 2215 et
454 2170 589 2213 non
643 2147 860 2231 potius
913 2145 1135 2212 Deum
1194 2165 1414 2230 rogas,
1474 2154 1551 2209 ut
1604 2145 1672 2208 in
1720 2166 1825 2210 me
1870 2155 2179 2229 operetur
2222 2154 2291 2212 et

337 2233 551 2300 velle?
627 2234 876 2299 Tertia:
923 2254 1130 2315 quum
1171 2252 1310 2297 non
1350 2230 1653 2296 omnibus
1696 2229 1921 2309 detur,
1954 2231 2112 2313 quid
2147 2253 2286 2297 cor·

333 2321 631 2470 2333?
660 2314 2073 2487 ζ’ἱὶξωζξὲἓὲἔὲἒζῗέἰὲῗωὲξΐῗὲζίἒῗέἷ
2106 2316 2289 2468 {ffl

334 2490 437 2555 les
483 2489 878 2566 calumniae,
935 2509 1095 2570 quas
1152 2487 1290 2554 illic
1347 2493 1619 2564 tractat,
1675 2484 1832 2568 quid
1877 2486 2056 2552 aliud
2110 2497 2286 2565 sunt,

333 2596 540 2657 quam
584 2573 669 2639 ad
710 2574 1054 2640 ridendam
1098 2594 1174 2639 ac
1219 2570 1692 2637 traducendam
1735 2573 1987 2655 gratiae
2030 2573 2288 2656 praedi-

333 2659 693 2736 cationem,
752 2660 1026 2742 profana
1079 2657 1438 2740 impiorum
1493 2656 1818 2722 ludibria?
1925 2657 2061 2723 Sed
2105 2659 2286 2737 haec,

331 2752 570 2810 autore
620 2745 887 2829 Pighio,
943 2753 1022 2809 ut
1076 2746 1148 2808 in
1203 2743 1654 2827 Augustinum
1712 2763 2083 2834 perperam·
2112 2744 2292 2810 dicta

331 2839 510 2909 sunt,
554 2831 649 2894 ita
685 2831 755 2895 in
797 2849 920 2896 nos
965 2836 1143 2896 recte
1187 2829 1576 2895 dicerentur.
1636 2828 1777 2894 Fac
1811 2828 1906 2894 ita
1948 2850 2108 2895 0880.
2177 2832 2290 2895 An

327 2914 485 2981 ideo
526 2917 844 2981 mentitus
887 2937 1037 2982 sum
1080 2935 1283 2999 quum
1319 2914 1621 2992 dicerem,
1666 2912 1858 2979 illum
1898 2915 2098 2980 fuisse
2140 2915 2291 2980 tali-

330 3000 460 3066 bus
517 3001 861 3067 calumniis
913 3000 1272 3066 vexatum?
1374 3000 1613 3078 Fuerit
1664 3000 2008 3065 immerite.
2111 2999 2291 3081 Quid

329 3086 459 3152 hoc
505 3085 589 3152 ad
631 3086 781 3152 me?
871 3088 978 3152 De
1020 3086 1192 3153 facto
1235 3092 1496 3150 tantum
1546 3084 1794 3166 loquor.
1882 3085 2164 3170 Pighius
2209 3084 2290 3152 de

327 3173 478 3237 iure
520 3172 687 3237 mihi
727 3173 884 3237 facit
926 3172 1325 3238 molestiam:
1383 3178 1451 3236 et
1492 3177 1721 3254 postea
1763 3170 1929 3236 altos
1972 3170 2290 3238 clamores

327 3266 584 3336 movet,
641 3259 829 3341 quasi
882 3279 989 3323 me
1041 3257 1113 3323 10
1167 3257 1507 3324 mendacio
1564 3254 2085 3339 deprehenderit.
2175 3255 2307 3323 Sic·

326 3352 492 3409 sunt
547 3365 775 3410 omnes
844 3344 1222 3409 meritoriae
1286 3343 1581 3426 linguae:
1661 3342 1852 3407 modo
1917 3344 2291 3408 meretricia

326 3428 754 3513 improbitate
798 3452 874 3495 ac
916 3430 1253 3514 protervia
1295 3428 1643 3505 exsultent,
1690 3427 2035 3494 victoriam
2078 3428 2288 3494 tribus

324 3515 690 3598 triumphis
759 3515 1026 3599 dignam
1091 3534 1504 3596 comparasse
1568 3533 1639 3577 se
1703 3521 1959 3596 putant.
2059 3514 2288 3596 Neque

323 3622 624 3684 unquam
674 3601 943 3683 pudoris
997 3609 1117 3666 aut
1170 3599 1604 3684 ingenuitatis
1655 3599 1893 3665 micam
1945 3600 2018 3663 in
2063 3620 2139 3664 eo
2182 3620 2287 3663 re-

318 3687 548 3768 perias
564 3737 581 3764 ,
626 3687 739 3769 qui
783 3707 867 3751 ex
910 3686 1305 3770 loquacitate
1345 3692 1689 3768 quaestum
1743 3685 1914 3751 facit.
2005 3683 2140 3750 Sed
2184 3687 2287 3750 vi-

319 3771 603 3837 deamus
645 3773 807 3850 iam,
866 3793 994 3855 quo
1038 3769 1416 3838 discrimine
1458 3792 1579 3835 nos
1634 3770 1716 3835 ab
1760 3770 2138 3855 Augustino
2183 3792 2286 3836 se-

316 3865 539 3941 paret.
630 3858 713 3922 In
760 3877 903 3936 vos,
946 3857 1188 3939 inquit,
1244 3857 1359 3938 qui
1401 3858 1599 3921 unius
1643 3855 1852 3921 divini
1895 3856 2288 3939 beneplaciti

317 3963 480 4009 0880
519 3944 831 4020 asseritis,
877 3950 953 4007 ut
986 3943 1139 4026 pari
1154 3940 1385 4007 morbo
1428 3941 1878 4007 laborantibus
1914 3943 2103 4008 nobis
2144 3963 2285 4008 om·

318 4029 544 4105 111ὴο8,
582 4029 663 4094 118
705 4029 969 4111 quidem
1013 4028 1336 4094 medicam
1379 4047 1653 4092 manum
1698 4027 2073 4106 admoveat,
2121 4028 2283 4094 alios

318 4115 849 4196 praetermittat,
915 4115 1219 4196 sinatque
1284 4114 1358 4177 in
1435 4134 1556 4179 sua
1634 4113 1980 4195 putredine
2058 4123 2283 4180 conta-

317 4200 631 4278 bescere,
687 4200 812 4265 hoc
866 4206 1043 4265 recte
1100 4199 1453 4266 diceretur:
1506 4197 1783 4264 stultum
1828 4221 1973 4266 esse
2032 4198 2280 4278 docere,

316 4284 619 4363 hortari,
675 4285 1177 4369 reprehendere.
1278 4284 1360 4349 In
1415 4286 1865 4369 Augustinum
1925 4305 2062 4350 non
2105 4286 2282 4364 item,

315 4371 444 4453 qni
503 4390 779 4453 prorsus
833 4371 1170 4437 diversum
1232 4371 1451 4436 sentit.
1556 4370 1737 4451 Quid
1782 4378 2004 4436 autem
2046 4372 2282 4455 Augu·

315 4456 548 4521 stinus
592 4457 861 4522 contra?
952 4458 1308 4540 Postquam
1368 4455 1766 4539 pravitatem
1819 4458 2123 4523 omnibus
2178 4457 2282 4522 in-

317 4542 626 4625 genitam
668 4561 814 4607 esse
857 4563 898 4606 a
939 4549 1177 4608 natura
1219 4541 1469 4619 docuit,
1516 4543 1923 4625 corripiatur,
1970 4544 2204 4626 inquit,
2222 4544 2281 4621 ⁸)

316 4627 522 4710 origo
566 4625 957 4692 damnabilis
972 4679 987 4706 ,
1046 4636 1125 4692 ut
1162 4648 1248 4692 ex
1303 4626 1526 4692 dolore
1571 4628 2005 4711 correptionis
2047 4630 2282 4696 volun-

312 4721 431 4777 tas
477 4714 998 4796 regenerationis
1039 4715 1318 4779 oriatur:
1381 4713 1437 4778 si
1492 4721 1718 4778 tamen
1761 4715 1873 4796 qui
1917 4714 2284 4798 corripitur,

314 4798 513 4864 filius
557 4805 660 4864 est
713 4799 1194 4881 promissionis,
1253 4804 1329 4864 ut
1375 4799 1655 4881 strepitu
1716 4800 2144 4882 correptionis
2189 4801 2284 4864 fo-

307 4884 630 4950 rinsecus
672 4885 1021 4951 insonante
1057 4891 1253 4969 atque
1285 4884 1678 4969 flagellante,
1716 4888 1868 4964 [pag.
1912 4891 2060 4963 152]
2095 4886 2283 4951 Deus

308 4969 392 5035 in
458 4968 575 5035 1110
629 4971 1021 5037 intrinsecus
1082 4970 1338 5038 occulta
1379 4969 1812 5052 inspiratione
1868 4977 2175 5053 operetur
2218 4977 2287 5036 et

475 5243 534 5309 1)
572 5243 727 5302 Bona
762 5244 978 5299 soruba.-
1013 5243 1181 5300 alcas.
1384 5244 1447 5311 2)
1485 5244 1614 5314 Cap.
1651 5244 1700 5300 6.
1735 5244 1976 5300 eiusdem
2011 5245 2149 5300 libri.

1728 324 1737 334 ’
1832 337 1960 407 DE
2001 334 2357 404 LIBERO
2398 333 2873 409 ARBI'I'BIO.

4230 349 4358 413 342
4392 363 4399 370 ·

2397 522 2587 590 velle.
2679 523 2919 605 Audis,
2962 525 3296 593 hominem
3339 527 3506 593 nihil
3549 528 3768 595 verbis
3813 538 3930 596 aut
3972 531 4350 600 monitioni-

2397 609 2522 674 bus
2565 629 2753 691 posse
2797 612 3077 692 moveri,
3126 613 3253 678 nisi
3297 613 3482 679 intus
3524 636 3642 698 per
3763 615 3996 681 iritum
4042 617 4348 684 volunta-

2397 700 2534 759 tem
2587 695 2826 761 formet
2869 698 3071 763 Deus.
3161 695 3375 764 Audis
3433 721 3568 765 non
3623 701 3693 764 in
3746 702 4078 768 ‘fferenter
4137 707 4347 769 omni-

2396 777 2550 858 bus,
2595 781 2713 846 sed
2752 789 3018 846 tantum
3059 782 3214 848 filiis
3257 785 3714 865 promissionis
3758 787 3882 853 hoc
3929 786 4089 853 dari.
4169 789 4349 853 Rur-

2397 885 2573 929 sum:
2613 865 2660 948 ¹)
2728 868 2793 932 A
2857 887 3075 936 massa
3130 868 3546 951 perditionis,
3627 892 3794 954 quae
3848 873 4021 938 facta
4073 880 4175 940 est
4228 893 4350 956 per

2397 950 2688 1033 primum
2725 950 2964 1033 Adam,
3010 952 3321 1020 debemus
3357 955 3744 1040 intelligere,
3782 958 4117 1023 neminem
4159 978 4349 1042 posse

2396 1033 2706 1115 discerni,
2767 1037 2896 1103 nisi
2952 1038 3127 1120 quod
3184 1038 3307 1106 hoc
3351 1040 3595 1107 donum
3649 1041 3847 1108 habet
3888 1044 4180 1127 quisquis
4225 1044 4346 1109 ha-

2395 1118 2538 1200 bet,
2596 1120 2769 1202 quod
2825 1122 2957 1187 Dei
3014 1122 3230 1206 gratia
3288 1128 3552 1210 accepit.
3636 1126 3819 1208 Quos
3877 1128 4076 1213 elegit
4130 1150 4346 1212 porro,

2394 1226 2505 1271 eos
2548 1212 2616 1270 et
2671 1207 2948 1273 vocavit.
3036 1208 3148 1273 Ex
3187 1210 3332 1275 istis
3376 1212 3599 1277 nullus
3655 1213 3855 1295 perit:
3922 1215 4077 1297 quia
4118 1235 4347 1281 omnes

2393 1290 2586 1357 electi
2654 1299 2827 1357 sunt.
2930 1290 3150 1359 Electi
3214 1301 3434 1362 autem
3499 1303 3685 1376 sunt,
3767 1299 3922 1381 quia
3984 1299 4347 1365 secundum

2392 1377 2803 1459 propositum
2856 1379 3098 1444 vocati:
3154 1381 3563 1463 propositum
3615 1389 3832 1447 autem
3847 1434 3863 1461 ,
3933 1405 4065 1451 000
4129 1406 4343 1456 suum.

2391 1462 2509 1559 sed
2563 1462 2711 1526 Dei.
2814 1462 2989 1527 Item
3042 1464 3241 1546 paulo
3296 1472 3475 1549 post:
3534 1465 3748 1534 Scivit
3804 1469 4016 1548 Deus,
4072 1470 4187 1553 qui
4241 1471 4345 1536 sui

2391 1553 2543 1611 smt.
2635 1546 2894 1612 Horum
2939 1546 3104 1613 fides
3156 1569 3276 1632 per
3330 1552 3674 1617 caritatem
3730 1553 3962 1620 efficax
4015 1563 4130 1620 aut
4173 1575 4344 1621 nun-

2390 1651 2592 1713 quam
2636 1629 2887 1712 deficit,
2936 1640 3051 1698 aut
3094 1635 3149 1699 si
3194 1637 3305 1717 qui
3346 1644 3505 1702 sunt
3546 1658 3827 1719 quorum
3872 1638 4110 1718 deficit,
4157 1661 4345 1723 repa-

2392 1723 2582 1781 ratur
2633 1726 2989 1800 antequam
3038 1719 3180 1784 vita
3234 1721 3363 1786 ista
3417 1723 3716 1801 finiatur,
3778 1730 3845 1788 et
3888 1723 4131 1803 deleta,
4178 1747 4345 1809 quae

2391 1803 2894 1882 intercurrerat,
2949 1803 3327 1888 iniquitate,
3385 1829 3589 1891 usque
3644 1807 3728 1873 ad
3786 1809 3987 1874 finem
4040 1829 4345 1892 perseve-

2393 1888 2612 1953 rantia
2656 1887 3027 1971 deputatur.
3096 1888 3233 1970 Qui
3277 1913 3437 1958 vero
3480 1895 3964 1976 perseveraturi
3998 1913 4133 1960 non
4168 1907 4341 1974 sunt,

2394 1994 2470 2039 ac
2515 1973 2608 2038 sic
2651 1993 2691 2036 a
2735 1972 2863 2037 fide
2906 1973 3189 2056 lapsuri,
3246 1998 3380 2042 non
3425 1987 3583 2043 sunt
3627 2001 3667 2043 a
3709 2000 3930 2045 massa
3970 1979 4086 2045 illa
4128 1980 4345 2063 perdi-

2394 2059 2596 2122 tionis
2647 2059 3080 2140 praescientia
3122 2059 3254 2124 Dei
3295 2070 3364 2126 et
3418 2063 4018 2145 praedestinatione
4058 2065 4345 2144 discreti,

2393 2150 2462 2206 et
2516 2142 2663 2206 ideo
2717 2163 2838 2208 nec
2903 2145 3264 2211 secundum
3311 2150 3733 2230 propositum
3787 2151 4023 2215 vocati:
4088 2172 4165 2218 ac
4228 2172 4349 2235 per

2393 2227 2517 2293 hoc
2559 2249 2682 2294 nec
2723 2228 2932 2295 electi.
3005 2228 3345 2310 Quantum
3390 2254 3548 2298 vero
3589 2233 3674 2298 ad
3717 2255 3836 2299 nos
3881 2236 4188 2317 pertinet,
4238 2237 4344 2301 in·

2392 2315 2550 2395 quit,
2569 2316 2628 2398 2)
2680 2315 2793 2396 qui
2837 2314 3355 2397 praedestinatos
3399 2340 3439 2383 a
3483 2338 3615 2383 non
3662 2318 4163 2401 praedestinatis
4208 2320 4345 2386 dis-

2392 2418 2662 2463 cernere
2706 2420 2839 2463 non
2882 2399 3210 2480 valemus,
3256 2411 3322 2467 et
3362 2405 3443 2470 ob
3490 2404 3615 2470 hoc
3659 2425 3886 2469 omnes
3929 2405 4148 2470 salvos
4195 2407 4340 2470 fieri

2394 2483 2563 2550 velle
2621 2483 2960 2563 debemus,
3019 2488 3322 2553 omnibus
3375 2511 3458 2554 ne
3511 2498 3816 2571 pereant,
3879 2488 3981 2554 vel
4035 2511 4120 2555 ne
4179 2489 4342 2556 alios

2392 2568 2690 2652 perdant,
2738 2570 3112 2636 adhibenda
3146 2581 3250 2637 est
3285 2593 3326 2636 a
3369 2574 3557 2640 nobis
3592 2574 4072 2639 medicinaliter
4110 2596 4344 2641 severa

2394 2657 2744 2737 correptio:
2802 2656 2932 2721 Dei
2975 2670 3208 2722 autem
3261 2666 3391 2736 est,
3451 2659 3587 2723 illis
3630 2680 3772 2724 eam
3833 2659 4047 2725 facere
4090 2660 4341 2739 utilem,

2393 2761 2555 2822 quos
2605 2742 2625 2803 i
2673 2762 2746 2807 se
2794 2742 3149 2826 praescivit
3189 2750 3257 2808 et
3309 2742 3836 2827 praedestinavit.
3927 2745 4164 2812 Nonne
4208 2747 4342 2812 iam

2392 2826 2466 2890 in
2509 2762 2747 2910 Pigfiio
2806 2835 3087 2893 cernunt
3130 2848 3389 2908 omnes,
3446 2830 3620 2912 quod
3664 2850 3877 2913 nuper
3912 2830 4088 2896 dixi?
4176 2832 4342 2897 Pro-

2394 2911 2662 2977 stitutae
2735 2912 3004 2998 linguae
3079 2914 3380 2981 homines
3457 2936 3698 2999 susque
3778 2915 3988 2999 deque
4083 2918 4346 2997 habere,

2393 2997 2587 3080 quale
2640 2997 2808 3064 illud
2852 2999 2941 3065 sit
2982 2999 3157 3082 quod
3201 3000 3454 3080 dicunt,
3508 3000 3701 3066 modo
3743 3022 3878 3068 non
3933 3023 4202 3086 prorsus
4244 3009 4346 3068 ta-

2394 3091 2605 3148 ceant.
2694 3084 2878 3165 Illae,
2923 3085 3155 3168 inquit,
3201 3084 3597 3152 obiectiones
3639 3087 3875 3152 merito
3918 3088 3992 3152 in
4035 3109 4148 3154 eos
4191 3109 4346 3154 000-

2393 3168 2725 3249 feruntur,
2782 3171 2895 3253 qui
2939 3169 3170 3236 dicunt
3211 3171 3348 3238 8010
3391 3173 3523 3238 Dei
3569 3173 3733 3238 bene
3776 3172 4016 3256 placito
4064 3174 4347 3240 discerni

2391 3253 2693 3342 homines
2709 3305 2725 3333 ,
2772 3264 2841 3320 et
2884 3255 3045 3323 alios
3084 3256 3352 3339 quidem
3394 3257 3625 3323 donari
3668 3259 3898 3342 gratia,
3948 3258 4109 3323 alios
4153 3280 4343 3342 prae-

2395 3339 2578 3440 teriri
2623 3361 2699 3406 ac
2744 3341 3012 3407 destitui
3030 3392 3069 3442 ,⁶
3089 3349 3287 3440 prout
3342 3344 3485 3408 Deo
3531 3343 3750 3408 visum
3789 3343 4014 3408 fuerit:
4075 3343 4160 3408 ad
4202 3345 4345 3408 Au-

2391 3433 2755 3576 51:52⁰&
2795 3447 2965 3577 {222
2999 3427 3879 3597 ἓΐέηεῗὲᾞθζὲωέἒέῗῗ
3936 3428 4346 3594 ῢξῗῑωῗεθῷῗ

2389 3597 2561 3678 quit,
2621 3598 2715 3663 sic
2772 3596 3059 3679 loquitur
3113 3600 3545 3684 Augustinus.
3636 3596 3698 3664 Ο
3744 3598 3970 3680 homo,
4028 3600 4096 3664 in
4155 3619 4346 3683 prae-

2390 3683 2690 3764 ceptione
2749 3702 3094 3767 cognosce,
3163 3684 3320 3767 quid
3373 3705 3570 3769 agere
3633 3683 3872 3750 debeas
3882 3708 3898 3764 ;
3959 3686 4029 3750 in
4084 3706 4344 3769 correp-

2389 3768 2569 3833 tione
2615 3772 2763 3848 [pag.
2816 3775 2961 3848 153]
3009 3789 3354 3854 cognosce,
3411 3777 3528 3836 tuo
3577 3777 3642 3835 te
3687 3769 3850 3836 vitio
3895 3791 4031 3836 non
4074 3770 4342 3846 habere:

2388 3854 2461 3917 in
2508 3856 2804 3921 oratione
2846 3875 3184 3940 cognosce,
3229 3856 3407 3923 unde
3446 3856 3743 3938 accipias.
3804 3853 3940 3922 Sed
3983 3876 4113 3940 quo
4155 3865 4345 3939 pacto

2389 3939 2515 4006 hoc
2557 3939 2735 4006 dicat
2778 3939 3122 4020 Calvinus,
3181 3943 3295 4025 qui
3336 3948 3538 4027 negat
3591 3942 3662 4006 in
3706 3941 3996 4008 hominis
4042 3963 4184 4008 esse
4228 3963 4344 4025 po-

2387 4032 2628 4091 testate
2693 4035 2850 4091 ante
2906 4034 3286 4111 perceptam
3340 4029 3624 4113 gratiam
3673 4048 3821 4093 eam
3871 4049 4187 4112 quaerere
4229 4039 4346 4093 aut

2388 4111 2740 4262 ἓξὲιοωτοῖ
2800 4112 2946 4178 1100
2989 4135 3109 4180 cur
3150 4114 3302 4197 plus
3338 4115 3712 4198 Augustino
3756 4135 3952 4197 quam
3986 4114 4151 4178 mihi
4188 4133 4344 4179 con-

2513 4198 2578 4276 ·t,
2625 4198 2741 4281 qui
2786 4198 2995 4265 nihilo
3031 4200 3254 4265 minus
3297 4221 3500 4282 quam
3544 4220 3664 4284 ego
3720 4199 3885 4265 illud
3927 4201 4145 4283 ipsum
4188 4199 4345 4264 sub-

2388 4283 2542 4349 inde
2586 4284 2656 4348 in
2700 4304 2814 4348 ore
2860 4284 3104 4351 habet?

2388 4367 2794 4438 Convertine
2850 4391 3102 4453 posses,
3162 4372 3291 4436 nisi
3337 4369 3710 4436 vocareris?
3800 4371 4036 4435 Nonne
4079 4369 4188 4435 ille
4229 4371 4344 4452 qui

2386 4461 2451 4521 te
2497 4457 2757 4522 vocavit
2789 4477 3117 4536 aversum,
3154 4458 3295 4539 ipse
3340 4456 3669 4538 praestitit
3707 4462 3783 4519 ut
3816 4455 4340 4522 convertereris?

2386 4539 2541 4606 Noli
2600 4562 2759 4625 ergo
2815 4542 2939 4607 tibi
2994 4562 3303 4625 arrogare
3377 4541 3873 4607 conversionem
3923 4545 4133 4606 tuam:
4191 4542 4346 4624 quia

2389 4626 2516 4691 nisi
2560 4627 2674 4692 ille
2717 4635 2785 4691 te
2824 4634 3095 4694 vocaret
3135 4628 3529 4711 fugientem,
3586 4648 3718 4692 non
3762 4647 3986 4709 posses
4030 4627 4343 4692 converti.

2387 4710 2569 4792 Quid
2612 4713 2774 4777 item
2817 4713 3053 4779 altera:
3100 4712 3314 4778 Vocat
3350 4734 3471 4778 nos
3516 4713 3660 4778 sine
3705 4710 3935 4778 nobis?
3993 4710 4174 4793 Quid
4214 4720 4346 4778 ter-

2383 4797 2509 4862 tia:
2585 4795 2650 4862 N
2651 4818 2740 4861 00
2806 4805 3064 4864 tantum
3119 4804 3196 4863 ut
3262 4819 3348 4864 ex
3414 4798 3788 4864 nolentibus
3855 4797 4052 4863 faciat
4117 4797 4343 4863 volen-

2389 4888 2508 4961 tes,
2552 4881 2669 4948 sed
2712 4904 2796 4947 ex
2839 4885 3363 4968 repugnantibus
3407 4885 3603 4950 etiam
3647 4884 4098 4966 obsequentes.
4114 4884 4174 4964 3)
4252 4883 4347 4947 Et

3193 4285 3374 4367 Quid
3417 4285 3595 4351 enim
3641 4305 3768 4351 vox
3822 4285 3936 4349 illa
3985 4284 4340 4369 significat:

2531 5174 2589 5241 1)
2626 5174 2800 5245 Caput
2840 5173 2889 5231 7.
3095 5174 3158 5242 2)
3197 5176 3374 5246 Caput
3411 5175 3492 5231 16.

2530 5243 2592 5310 3)
2629 5244 2692 5301 In
2726 5245 2863 5315 psal.
2899 5242 2986 5299 84.
3018 5243 3100 5301 De
3134 5247 3311 5315 gratis
3346 5253 3401 5301 et
3433 5246 3606 5302 libero
3644 5242 3934 5378 arbitr-ig&
