4967 5992
556 330 644 395 35
1868 322 1994 390 LE
2039 318 2645 389 OATEOHISJOE
2686 321 2814 387 DE
2860 319 3262 388 GENEVE.
4485 324 4566 387 36

735 583 906 649 Non.
996 581 1133 649 Gar
1186 581 1235 646 il
1290 602 1331 646 a
1385 512 1672 646 (1161ηέ
1693 581 2032 646 oontraire.
2123 579 2304 647 G'est
2355 578 2516 663 qu’il

559 688 711 736 6616
766 689 922 752 9166
965 666 1047 734 (16
1091 688 1256 734 6666
1304 667 1535 749 iusque
1580 673 1622 731 6
1662 665 1732 731 16
1771 666 1864 732 fin
1925 665 2197 751 (Matth.
2237 667 2341 744 28,
2380 665 2513 750 20).

732 839 993 906 Est-ee
1048 838 1131 904 (16
1193 786 1927 922 91666ι1116ΐωοῗ1ἷο16116
1986 835 2141 920 (16’11
2207 835 2517 904 domeure

562 944 724 994 aveo
763 924 972 992 nous?

1407 1025 1676 1081 n’nnrnr.

734 1095 903 1164 Non.
992 1094 1127 1162 Oar
1170 1099 1328 1162 o'est
1370 1102 1562 1161 autre
1604 1095 1800 1161 611666
1843 1094 1924 1160 (16
1967 1116 2086 1161 666
2130 1115 2350 1178 66196,
2402 1092 2517 1178 (161

565 1201 608 1244 6
660 1189 798 1247 este
853 1180 1075 1246 661666
1129 1201 1214 1246 66
1267 1182 1432 1247 haut
1489 1181 1667 1265 (Luo
1700 1183 1803 1259 24,
1846 1183 1962 1261 51;
2007 1179 2155 1246 Aet.
2200 1186 2255 1262 1,
2294 1182 2396 1264 9):
2451 1187 2519 1246 et

566 1263 657 1341 (16,
688 1288 762 1332 66
804 1274 1019 1347 vertu,
1063 1266 1341 1350 laquelle
1384 1274 1486 1332 est
1526 1287 1648 1350 par
1688 1273 1835 1331 tout
1878 1264 2228 1350 espandue.

740 1442 856 1515 [fol.
896 1443 1001 1516 16]
1047 1388 1422 1504 Commentt1¹⁵²
1441 1388 1781 1504 ffl'tu
1821 1431 1978 1521 ‹ju’il
2020 1445 2123 1502 est
2164 1439 2328 1504 assis
2372 1445 2414 1504 a
2451 1437 2519 1503 la

564 1519 798 1588 dextre
843 1521 926 1587 de
966 1523 1144 1588 Dieu
1188 1544 1307 1589 son
1344 1523 1560 1590 Pero?

1416 1625 1684 1680 n’mur.

737 1691 916 1759 G’est
957 1668 1115 1775 qu⁴il
1158 1713 1198 1758 6
1238 1670 1432 1760 166611
1473 1695 1542 1761 la
1575 1693 1969 1780 Seigneurie
2012 1694 2101 1760 du
2136 1693 2281 1760 Oiel
2325 1701 2395 1760 et
2436 1663 2559 1761 de·

562 1776 651 1929 1211,8
684 1782 887 1947 11ῗέ1561
941 1779 1074 1843 afin
1128 1776 1210 1843 (16
1266 1781 1445 1864 regir
1498 1788 1568 1845 et
1622 1801 1992 1865 gouverner
2044 1786 2192 1845 tout
2240 1781 2517 1863 (Matth.

651 1913 671 1944 ,
837 1913 852 1928 .

736 2032 914 2134 11616
959 2052 1084 2116 (166
1141 1987 1431 2184 ειξωῇἓ,
1450 1988 1814 2104 ffirenxtre
1829 2089 1847 2119 ,
1907 2042 1975 2104 et
2031 2006 2208 2103 oeste
2261 2037 2518 2119 assiete,

566 2116 728 2185 dont
767 2118 820 2184 11
853 2125 956 2185 est
993 2119 1178 2203 96116

1413 2240 1681 2297 duran-r.

735 2307 918 2375 O’est
957 2329 1090 2375 une
1129 2310 1484 2377 similitude
1539 2313 1704 2379 tiree
1747 2312 1862 2380 des
1909 2313 2173 2396 91111666
2214 2313 2517 2393 terriens,

563 2394 675 2542 361
721 2394 865 2460 font
911 2395 1082 2460 66611
1130 2401 1172 2460 a
1225 2395 1372 2462 leur
1414 2404 1592 2463 ooste
1651 2396 1881 2464 dextre
1939 2419 2109 2464 66611
2162 2398 2355 2481 qu’ilz
2410 2420 2515 2465 or-

607 2488 860 2545 onnent
900 2480 1309 2548 Lieutenans
1324 2533 1342 2561 ,
1386 2503 1559 2566 pour
1599 2503 1974 2567 gouverner
2017 2505 2104 2549 en
2145 2483 2292 2548 leur
2333 2504 2512 2550 nom.

1363 2602 1430 2636 LE
1464 2603 1719 2639 mmm·

736 2649 840 2713 Tu
881 2650 1177 2715 n’entens
1222 2651 1389 2717 dono
1429 2653 1618 2718 sinon
1661 2675 1735 2719 oe
1776 2675 1904 2737 que
1949 2651 2045 2719 dit
2087 2655 2298 2721 sainot
2320 2656 2514 2722 Paul.

565 2731 762 2814 O’est,
808 2734 964 2817 qu'il
1006 2756 1047 2800 a
1089 2743 1226 2801 este
1269 2739 1591 2803 constitue
1617 2738 1796 2805 Ohef
1819 2738 1901 2804 (16
1923 2740 2201 2824 l'Eglise
2234 2740 2512 2825 (Ephes.

573 2822 626 2895 l,
669 2819 799 2903 11),
846 2829 913 2884 et
957 2819 1175 2886 exalte
1217 2820 1446 2888 (166666
1488 2831 1672 2890 toute
1690 2825 2120 2910 principante,
2166 2833 2234 2891 et
2276 2827 2436 2910 qu’il
2477 2848 2519 2892 a

566 2924 761 2969 reoeu
809 2926 901 2969 un
944 2905 1117 2971 Nom
1157 2928 1281 2991 par
1320 2908 1547 2975 dessus
1589 2917 1734 2977 tout
1776 2932 1931 2976 nom
1975 2910 2180 2996 (Phil.
2220 2915 2280 2992 2,
2319 2911 2407 2996 9).

1414 3009 1680 3067 dmm-r.

735 3074 956 3141 Voire.

1000 3246 1014 3260 ⁸
1330 3201 1397 3235 u:
1432 3203 1689 3239 umsrnz.
1707 3185 1754 3254 ¹)

732 3244 1053 3314 Poursms
1086 3255 1291 3316 outre.

1408 3354 1675 3411 n’nurm.

733 3416 840 3484 De
881 3418 952 3484 16
993 3420 1270 3488 viendra
1309 3425 1499 3508 inger
1530 3424 1628 3492 les
1666 3425 1798 3493 vifz
1843 3433 1913 3491 et
1952 3426 2050 3492 les
2091 3434 2315 3494 morts.
2381 3427 2519 3510 Qui

567 3508 667 3569 est
711 3510 753 3568 6
792 3501 974 3603 dire&
992 3506 1145 3588 qu'il
1188 3512 1593 3593 apparoistra
1633 3532 1766 3577 une
1809 3512 1930 3578 fois
1974 3510 2064 3577 du
2106 3514 2229 3580 6161
2272 3534 2356 3579 66
2397 3514 2514 3580 Iu-

569 3597 866 3673 gement:
914 3593 1087 3658 amsi
1121 3596 1318 3676 qu’on
1357 3596 1450 3680 l’y
1494 3617 1533 3661 a
1568 3619 1699 3663 veu
1732 3606 1992 3664 monter
2026 3599 2202 3683 (Aet.
2246 3604 2301 3681 l,
2345 3601 2472 3683 ll).

1362 3804 1430 3837 u:
1462 3804 1720 3839 mmm·

735 3844 902 3911 Puis
944 3867 1070 3930 que
1110 3849 1173 3915 le
1219 3852 1571 3937 Ingement
1612 3875 1759 3920 sera
1796 3876 1880 3920 66
1921 3854 1988 3920 16
2028 3857 2123 3921 fin
2167 3855 2257 3921 du
2302 3857 2517 3938 616616,

564 3937 896 3996 oomment
958 3931 1166 4000 dis-tu
1221 3958 1345 4020 que
1399 3939 1495 4005 les
1565 3962 1692 4006 uns
1748 3942 2018 4008 vivront
2076 3941 2243 4022 1616,
2300 3949 2368 4008 et
2420 3942 2518 4009 les

565 4026 788 4082 autres
834 4030 1057 4084 seront
1111 4031 1350 4088 mortz:
1398 4045 1526 4090 veu
1579 4025 1739 4109 qu'il
1790 4034 1891 4092 est
1937 4025 2228 4093 ordonne
2274 4035 2316 4093 6
2367 4037 2519 4095 tous

564 4101 861 4169 hommes
902 4103 984 4171 de
1018 4110 1267 4174 mourir
1310 4132 1439 4176 une
1481 4111 1604 4177 fois
1639 4111 1873 4195 (Hebr.
1908 4113 1968 4193 9,
2016 4112 2174 4193 27)?

1406 4211 1674 4268 n’nrm.

735 4273 967 4343 Sainot
1017 4279 1192 4345 Paul
1235 4282 1520 4365 respond
1578 4290 1620 4348 6
1672 4288 1849 4347 66616
1892 4282 2233 4368 (1666111661
2277 4282 2515 4364 disant,

564 4380 689 4442 que
742 4381 911 4427 oeux
964 4366 1075 4447 qui
1119 4375 1342 4433 seront
1394 4368 1528 4434 1616
1574 4368 1953 4447 survivans,
2001 4377 2222 4434 661661
2269 4369 2517 4435 subite-

564 4453 749 4509 ment
789 4447 1104 4534 changez:
1163 4455 1296 4519 afin
1340 4475 1467 4537 que
1505 4455 1652 4520 16111·
1695 4454 2073 4538 corruption
2117 4455 2245 4520 soit
2286 4454 2516 4535 abolie,

563 4538 631 4594 et
670 4551 797 4613 que
849 4531 993 4598 1661·
1035 4557 1225 4621 66196
1269 4541 1398 4606 soit
1436 4540 1818 4620 renouvele,
1874 4561 2040 4623 pour
2082 4546 2258 4606 estre
2300 4541 2517 4608 16661-

564 4615 848 4697 ruptible
886 4621 949 4702 (1
991 4620 1138 4687 Cor.
1186 4630 1281 4702 15,
1322 4630 1434 4701 52;
1480 4631 1507 4690 l
1556 4626 1785 4693 Thess.
1823 4631 1884 4706 4,
1929 4626 2057 4711 17).

1297 4776 1303 4781 .
1358 4746 1426 4781 u:
1458 4748 1716 4783 mm

739 4794 843 4859 'Pu
897 4801 1129 4860 entens
1183 4792 1348 4859 (16116
1401 4817 1529 4879 que
1583 4806 1759 4865 eeste
1805 4798 2126 4864 mutation
2178 4797 2325 4863 leur
2368 4819 2517 4864 sera

566 4899 816 4946 oomme
841 4901 974 4947 une
1004 4888 1192 4957 mort,
1226 4900 1467 4962 pouroe
1491 4882 1724 4964 qu’elle
1759 4884 2007 4951 abolira
2028 4884 2173 4949 leur
2193 4885 2517 4967 premiere

567 4974 818 5045 nature,
866 4987 1035 5050 pour
1077 4966 1173 5031 166
1214 4965 1379 5030 faire
1423 4970 1803 5034 ressusciter
1845 4990 1929 5034 en
1975 4980 2160 5036 autre
2203 4977 2389 5038 estat.

879 5223 939 5290 1)
974 5221 1054 5277 Le
1094 5220 1177 5275 13.
1217 5221 1512 5276 (1116666116.
1548 5250 1615 5260 -
1650 5220 1833 5277 Christ
1864 5230 2046 5279 nostre
2081 5225 2211 5294 luge
2248 5235 2303 5282 et
2337 5225 2600 5282 Advocat.

2792 577 3089 644 Minime.
3178 576 3425 643 Contra
3489 528 3669 644 effi
3735 579 3984 662 1666911
3999 630 4016 658 ,
4080 600 4151 645 66
4226 576 4570 645 nobiseum

2617 664 2758 730 fore
2803 684 3012 747 usque
3057 661 3143 730 ad
3183 665 3384 729 finem
3429 664 3687 731 saeouli.

2792 833 2986 918 Quod
3020 841 3242 900 autem
3277 785 3925 915 nobisouummnhnabitat,
3969 835 4124 902 idne
4169 834 4249 901 de
4283 836 4572 920 eorporis

2620 922 2992 1006 praesentia
3033 919 3580 1005 intelligendum?

2791 1093 2963 1158 Non.
3051 1091 3208 1157 Alia
3260 1092 3436 1157 enim
3502 1043 3672 1159 {2⁰32
3727 1101 3830 1160 est
3885 1093 4170 1177 eorporis
4184 1144 4202 1173 ,
4273 1092 4444 1176 quod
4497 1094 4572 1157 in

2620 1179 2875 1246 eoelum
2917 1186 3254 1262 reoeptum
3296 1183 3427 1243 est:
3475 1178 3606 1245 alia
3646 1178 3934 1258 virtutis,
3980 1199 4147 1263 quae
4187 1177 4430 1262 ubique
4472 1185 4573 1245 est

2622 1263 2875 1331 diffusa.
3839 1266 3864 1277 “

2794 1434 2943 1517 Quo
2977 1456 3174 1503 66666
3196 1457 3349 1502 eum
3383 1387 3808 1504 dioffgendaere
3843 1437 3929 1504 ad
3956 1438 4164 1522 patris
4187 1434 4570 1502 dexteram?

2794 1691 2982 1757 Haeo
3024 1692 3226 1759 verba
3260 1645 3675 1777 61ς611166ιῃζῗ
3695 1702 3950 1777 patrem
3983 1694 4084 1759 illi
4126 1695 4288 1762 66611
4331 1701 4400 1761 et
4439 1704 4574 1761 ter-

2619 1798 2735 1843 rae
2776 1777 3129 1861 imperium
3172 1778 3530 1846 eontulisse
3545 1831 3561 1860 ,
3606 1788 3684 1844 ut
3727 1781 3948 1846 omnia
3989 1781 4329 1866 gubernet.

2768 2032 2976 2183 ‘Q‘Pffid
3012 2042 3233 2102 autem
3268 2036 3387 2102 tibi
3422 1986 3751 2121 sfflffoat
3785 2036 4075 2117 dextera,
4120 2044 4189 2103 et
4222 2036 4382 2120 quid
4413 2036 4573 2103 haee

2625 2138 2825 2185 666616

2797 2313 2917 2388 [fol.
2968 2314 3074 2390 22]
3135 2305 3512 2376 Similitudo
3522 2260 3673 2376 ΙΙἾἔζη-11
3725 2331 3767 2376 6
3825 2309 4232 2394 principibus
4291 2263 4570 2397 sumpta,

2620 2395 2774 2547 (813⁸
2775 2393 3248 2547 ffixffi
3248 2416 3459 2546 tsuam
3500 2396 3818 2463 oollooare
3852 2396 4083 2473 solent,
4128 2398 4366 2482 quibus
4401 2399 4574 2466 vioes

3470 2602 3729 2637 mm

2793 2652 2947 2716 Non
3003 2672 3158 2737 ergo
3213 2651 3392 2717 aliud
3448 2651 3793 2737 intellig-is,
3862 2673 4060 2736 quam
4127 2652 4299 2737 quod
4370 2653 4573 2719 tradit

2619 2734 2899 2804 Paulus:
2958 2758 3225 2821 nempe,
3293 2738 3722 2804 constitutum
3778 2760 3920 2805 6666
3974 2738 4320 2805 Christum
4376 2746 4572 2824 eaput

2623 2822 2929 2889 eeclesiae
2943 2874 2962 2903 ,
3007 2830 3074 2890 et
3116 2845 3317 2907 supra
3360 2844 3585 2889 omnes
3629 2823 4033 2908 principatus
4076 2833 4380 2892 evectum
4394 2877 4413 2906 ,
4456 2846 4574 2891 no-

2622 2929 2772 2975 men
2819 2908 3130 2993 adeptum
3171 2930 3333 2989 esse,
3379 2910 3551 2993 quod
3596 2911 3683 2974 sit
3726 2930 3927 2994 supra
3970 2928 4163 2976 omne
4210 2930 4474 2977 nomen.

3527 3032 3679 3068 PUER-

2791 3080 2898 3146 Ita
2939 3088 3017 3146 ut
3057 3080 3236 3149 (11616.

3463 3203 3722 3238 mm.

2795 3254 3242 3320 Transeamus
3282 3253 3368 3318 ad
3410 3252 3556 3318 alia.

3520 3374 3673 3410 PUER-

2792 3424 2960 3491 Inde
3005 3432 3324 3491 venturus
3359 3434 3459 3491 est
3501 3425 3585 3491 ad
3619 3423 4039 3491 iudicandum
4075 3425 4263 3493 vivos
4298 3433 4370 3491 et
4399 3447 4572 3493 mor·

2620 3519 2787 3577 tuos.
2879 3509 3182 3593 Quorum
3223 3511 3580 3578 verborum
3622 3532 3855 3578 666666
3898 3518 4017 3592 661,
4061 3510 4283 3597 961616
4327 3533 4367 3576 6
4399 3512 4571 3578 66616

2618 3605 2978 3664 venturum
3043 3597 3127 3662 ad
3195 3597 3620 3664 iudicandum
3675 3598 3897 3664 orbem
3911 3649 3929 3677 ,
3998 3599 4170 3665 siout
4222 3598 4570 3665 asoendere

2616 3684 2805 3751 visus
2847 3691 2963 3749 est,

3468 3804 3724 3840 mmm

2794 3852 3018 3935 Quum
3069 3854 3298 3922 iudicii
3352 3855 3490 3921 dies
3530 3856 3792 3920 futurus
3845 3877 3982 3921 non
4025 3857 4113 3922 sit
4167 3864 4323 3922 ante
4371 3858 4572 3922 finem

2622 3940 2900 4019 saeouli,
2955 3941 3280 4024 quomodo
3333 3950 3490 4007 tuno
3557 3963 3641 4006 ex
3695 3940 4069 4008 hominibus
4125 3942 4261 4007 fore
4320 3940 4568 4026 aliquos

2621 4028 3005 4110 superstites
3059 4027 3222 4094 diois
3236 4079 3252 4107 ,
3310 4025 3834 4110 quandoquidem
3892 4027 4196 4094 omnibus
4253 4028 4571 4094 eonstitu-

2619 4118 2764 4177 tum
2809 4120 2912 4178 est
2953 4113 3153 4180 semel
3196 4112 3405 4178 mori?

2791 4282 2989 4349 Hane
3024 4283 3469 4365 quaestionem
3507 4234 3704 4350 661111ιῆ
3736 4284 4006 4363 Ρ66166,
4043 4305 4247 4369 quum
4280 4305 4413 4366 eos,
4456 4285 4572 4369 qui

2622 4378 2783 4434 tuno
2840 4376 3264 4452 supererunt,
3331 4368 3547 4435 subita
3614 4371 3977 4436 mutatione
4046 4370 4436 4436 innovatum
4488 4370 4574 4436 iri

2621 4452 2992 4622 ffigzngiss
3028 4454 3267 4520 abolita
3324 4456 3542 4521 earnis
3585 4457 3996 4540 eorruptione
4037 4455 4317 4521 induant
4357 4457 4576 4523 inoor-

2792 4799 2894 4864 'I'u
2948 4820 3105 4884 ergo
3160 4799 3330 4866 hano
3385 4752 3820 4865 mffiffiem
3885 4800 4114 4865 mortis
4170 4801 4382 4865 instar
4437 4801 4571 4866 illis

2619 4884 2758 4949 fore
2800 4885 3145 4970 intelligis:
3192 4884 3363 4968 quod
3402 4888 3653 4970 primae
3698 4893 3973 4952 naturae
4015 4886 4241 4951 futura
4284 4887 4374 4951 sit
4417 4887 4571 4952 abo-

2617 4969 2776 5049 litio,
2823 4979 2890 5036 et
2932 4971 3199 5035 alterius
3242 4991 3451 5037 novae
3494 4971 3778 5037 initium.
