4967 5992
2049 318 2793 390 PROLEGOMENA.
4225 326 4438 394 XXV

397 506 621 591 paucis
665 527 787 572 sua
840 503 921 570 de
977 507 1268 574 humano
1322 508 1592 575 arbitrio
1647 512 1975 576 sententia
2017 510 2252 576 Basilii
2299 512 2521 579 verbis
2567 513 2929 597 proposita,
2991 511 3205 578 Μόνον
3253 516 3532 593 θέλησον,
3577 516 3681 592 κᾳὶ
3723 512 3874 587 θεὸς
3910 516 4288 602 προαπαντᾷ,
4333 513 4435 581 di-

398 618 635 697 centis,
691 619 855 684 satis
906 618 1219 685 audacter
1272 619 1456 686 addit
1510 640 1582 686 se
1637 621 1806 688 scire
1824 674 1838 698 ,
1896 622 2057 689 haee
2101 644 2250 690 cum
2293 624 2671 690 calviniana
2714 624 2997 692 formula
3040 645 3434 710 congruere,
3493 622 3608 691 sed
3652 645 3844 691 suam
3886 645 4030 692 esse
4073 617 4437 711 παχὺτέραν.

399 728 594 812 Quod
634 729 993 797 modestius
1038 738 1106 797 et
1147 730 1516 818 elegantius
1562 754 1695 797 non
1737 734 1984 817 potuit:
2031 754 2118 799 an
2162 736 2403 815 verius,
2448 757 2651 819 penes
2695 744 2761 802 te
2803 735 3121 803 iudicium
3166 744 3323 803 esto.

2069 1111 2480 1199 CAPUT
2558 1113 2756 1196 XV.

1405 1287 1980 1413 TRAIOTE
2034 1315 2291 1414 ‚ons
2345 1315 3044 1419 RELIQUES.
3130 1308 3423 1409 1543.

708 1516 838 1583 Hic
883 1537 1135 1599 quoque
1179 1516 1438 1583 libellus
1483 1517 1804 1584 adversus
1847 1519 2213 1601 pontificios
2269 1518 2553 1601 scriptus
2597 1526 2727 1597 est,
2783 1539 3018 1584 verum
3072 1520 3267 1603 plane
3314 1520 3443 1585 alia
3486 1527 3587 1585 est
3630 1520 3770 1587 eius
3812 1519 4065 1592 indoles
4108 1541 4183 1587 ao
4226 1542 4420 1605 prae-

393 1627 717 1706 cedentis,
774 1627 876 1693 vel
938 1629 1237 1710 proxime
1290 1630 1722 1711 sequentium.
1813 1630 2086 1698 Tractat
2139 1629 2319 1696 enim
2362 1641 2829 1714 argumentum
2868 1629 2940 1696 in
2983 1651 3143 1713 quo,
3187 1639 3264 1696 ut
3306 1631 3399 1696 ait
3441 1631 3581 1711 ille,
3644 1630 3908 1698 difficile
3953 1638 4095 1698 erat
4156 1634 4425 1708 satiram

393 1759 534 1804 non
575 1739 893 1818 scribere,
952 1745 1020 1804 et
1074 1738 1283 1822 plebis
1340 1739 1800 1806 credulitatem
1856 1741 2125 1824 piasque
2178 1740 2563 1807 clericorum
2619 1739 2882 1807 fraudes
2939 1739 3207 1807 deridet.
3297 1740 3453 1824 Ipse
3497 1742 3735 1809 titulus
3779 1743 4028 1810 autoris
4074 1744 4417 1811 consilium

388 1850 626 1934 prodit,
675 1850 1190 1926 admonitionem
1248 1851 1640 1933 promittens
1684 1872 1814 1936 qua
1869 1850 2252 1918 ostendatur
2296 1872 2494 1934 quam
2551 1872 2585 1918 e
2641 1874 2713 1918 re
2757 1851 3155 1919 christianae
3211 1852 3610 1937 reipublicae
3655 1854 3823 1919 foret
3864 1861 4237 1922 sanctorum
4283 1877 4425 1921 eor-

390 1982 555 2046 pora
598 1967 666 2027 et
710 1960 1017 2046 reliquias
1063 1961 1245 2027 velut
1286 1961 1357 2027 in
1402 1961 1855 2030 inventarium·
1902 1961 2143 2047 redigi,
2189 1983 2356 2046 quae
2400 1968 2537 2026 tam
2581 1963 2651 2027 in
2697 1962 2923 2042 Italia,
2982 1983 3177 2045 quam
3219 1965 3292 2029 in
3338 1964 3585 2046 Gallia,
3647 1965 4041 2044 Germania,
4099 1965 4427 2051 Hispania

390 2072 795 2156 caeterisque
843 2073 1220 2157 regionibus
1265 2073 1651 2139 habeantur.
1744 2072 1938 2155 Quod
1985 2072 2232 2156 nemini
2277 2094 2414 2139 non
2456 2074 2668 2139 iocose
2713 2072 2962 2140 dictum
3008 2073 3216 2140 videri
3261 2082 3534 2159 poterat.
3602 2073 3966 2161 Adspergit
4004 2084 4224 2144 tamen
4271 2077 4426 2142 hino

389 2181 547 2248 inde
589 2183 782 2266 plura
827 2204 993 2267 quae
1036 2183 1233 2267 plane
1277 2183 1404 2249 alio
1447 2184 1602 2250 stilo
1648 2192 1921 2252 exarata
1963 2191 2120 2251 sunt
2160 2191 2227 2249 et
2268 2184 2565 2249 animum
2607 2185 2863 2267 spirant
2915 2204 3156 2267 pravas
3200 2193 3267 2250 et
3323 2185 3637 2252 ridiculas
3681 2186 3866 2277 vulgi
3921 2189 4423 2272 superstitiones

389 2315 470 2361 eo
528 2294 983 2362 vehementius
1051 2293 1585 2379 impugnantem,
1667 2294 1841 2378 quod
1908 2296 1989 2361 iis
2054 2295 2198 2378 ipsa
2264 2294 2590 2379 evangelii
2659 2294 3090 2359 fundamenta
3168 2295 3556 2363 labefactata
3624 2296 3917 2382 adeoque
3984 2319 4216 2365 eversa
4280 2320 4423 2365 esse

392 2403 738 2472 sentiebat.

702 2518 808 2584 De
852 2515 975 2584 hoc
1018 2517 1238 2584 libello
1283 2519 1461 2584 Beza
1503 2519 1573 2583 in
1616 2539 1736 2585 sua
1779 2518 1942 2584 Vita
1982 2518 2246 2585 Calvini
2290 2515 2496 2583 latine
2539 2517 2784 2600 scripta
2828 2516 3095 2582 omnino
3134 2523 3339 2597 taeet;
3385 2516 3784 2584 Colle-donus
3820 2525 4044 2584 autom
4079 2540 4230 2584 eum
4275 2541 4421 2614 per-

390 2647 621 2712 peram
681 2627 765 2693 ad
818 2650 1069 2694 annum
1130 2633 1291 2694 1546
1360 2627 1578 2697 refert.
1671 2628 1878 2696 Ouius
1950 2628 2151 2696 verba
2204 2635 2457 2708 tamen,
2512 2648 2715 2710 quum
2771 2626 3095 2694 nonnulla
3147 2628 3433 2694 habeant
3488 2649 3653 2712 quae
3710 2627 3794 2694 ad
3838 2630 4180 2698 historiam
4243 2630 4420 2698 illius

390 2739 709 2823 temporis
750 2740 1019 2819 faciunt,
1064 2740 1433 2807 adscribere
1476 2721 1665 2807 libet:
1714 2741 1950 2807 Audict
2008 2762 2095 2807 an
2140 2741 2190 2807 il
2232 2759 2518 2821 composa
2564 2759 2640 2805 en
2687 2738 2984 2823 francoys
3037 2758 3124 2803 un
3165 2739 3325 2820 petit
3377 2740 3534 2805 livre
3584 2741 4156 2808 d'advertissement
4198 2762 4314 2826 que
4357 2762 4420 2808 ce

387 2851 582 2917 serait
633 2872 721 2917 tm
772 2853 982 2935 yrand
1022 2852 1218 2934 profit
1270 2853 1346 2920 de
1394 2853 1565 2935 faire
1624 2874 1715 2918 un
1775 2854 2115 2920 inventoire
2157 2854 2232 2919 de
2274 2856 2472 2918 tontes
2517 2851 2607 2917 les
2659 2851 2931 2932 reliques
2969 2850 3308 2932 desquelles
3363 2851 3452 2917 les
3495 2852 3783 2935 papistes
3820 2853 3956 2934 font
3995 2871 4119 2934 cas,
4164 2858 4298 2920 tant
4342 2874 4419 2919 en

391 2959 660 3041 Franco,
704 2962 1027 3044 qu’Italie,
1071 2962 1454 3049 Allemaqm,
1498 2963 1796 3050 Espayne
1838 2969 1894 3031 et
1937 2968 2149 3030 autres
2179 2965 2354 3047 pais.
2444 2961 2546 3027 L&
2588 2961 2639 3027 il
2680 2962 3009 3028 descouvre
3051 2981 3175 3027 non
3216 2963 3553 3029 seulement
3595 2962 3797 3028 l’abus
3828 2968 3889 3029 et
3930 2963 4270 3030 l'idolatrie
4311 2966 4426 3048 qui
4495 3043 4502 3050 .

386 3072 491 3156 s'y
532 3079 813 3154 commet,
869 3076 1037 3139 mois
1080 3075 1262 3141 aussi
1305 3077 1391 3141 les
1434 3096 1793 3161 mensonqes
1847 3081 1978 3143 tout
2032 3076 2281 3142 ,widem
2321 3075 2432 3141 des
2474 3078 2789 3155 prestres,
2846 3073 3061 3157 quand
3104 3094 3178 3139 en
3231 3075 3442 3140 divers
3495 3074 3744 3157 temples
3758 3126 3774 3155 ,
3829 3075 4008 3140 villes
4051 3080 4106 3140 et
4136 3076 4294 3158 pais
4334 3076 4423 3141 les

388 3204 521 3250 uns
561 3188 618 3249 et
658 3185 746 3251 les
789 3191 1004 3252 autres
1045 3206 1112 3252 se
1152 3186 1355 3254 disent
1398 3188 1578 3253 avoir
1619 3208 1740 3253 une
1780 3207 2005 3253 mesme
2038 3186 2226 3253 chose.
2334 3185 2424 3252 Or
2468 3185 2518 3250 il
2570 3185 2673 3251 n'a
2717 3205 2850 3268 pas
2907 3186 3225 3267 comprins
3279 3185 3334 3250 le
3386 3191 3545 3265 tout,
3599 3187 3770 3252 mais
3825 3186 4156 3253 seulement
4209 3186 4424 3252 ament5

387 3294 684 3378 quelques
727 3297 1049 3379 exemplos,
1096 3298 1364 3364 eombien
1407 3318 1523 3381 que
1566 3318 1630 3365 ce
1672 3299 1795 3363 soit
1829 3319 1906 3365 en
1948 3318 2126 3364 assez
2168 3299 2283 3364 bon
2327 3296 2576 3363 nombre
2619 3301 2676 3362 et
2717 3296 2828 3362 cles
2871 3294 3080 3362 choses
3120 3303 3304 3379 qu’on
3346 3317 3423 3362 ne
3455 3303 3613 3380 peut
3656 3298 3811 3364 nier.
3907 3295 4265 3379 Cependant
4306 3318 4416 3363 son

386 3406 693 3472 intention
748 3409 922 3474 estoit
979 3410 1400 3494 dauqmenter
1452 3410 1635 3475 ledict
1687 3410 1844 3476 livre
1897 3411 1959 3475 si
2013 3409 2286 3476 desdicts
2331 3409 2488 3491 pais
2545 3408 2593 3474 il
2636 3413 2772 3475 eust
2810 3428 2942 3490 peu
2983 3413 3141 3473 estre
3182 3409 3438 3492 advevty
3478 3409 3761 3474 cl’autres
3803 3408 4164 3475 semblables
4192 3409 4418 3492 pieac-s,

384 3536 619 3583 cmnme
660 3519 714 3584 il
752 3541 795 3602 y
829 3539 902 3585 en
947 3542 991 3585 a
1034 3520 1288 3602 infinies
1329 3520 1525 3588 oultre
1558 3521 1737 3589 celles
1778 3522 1925 3588 dont
1965 3522 2018 3588 il
2055 3521 2182 3605 fait
2223 3522 2513 3587 mention.
2586 3518 2674 3585 Et
2714 3519 2789 3586 de
2827 3518 3009 3600 fatet,
3052 3524 3305 3585 souvent
3345 3538 3423 3584 en
3465 3538 3532 3584 se
3573 3520 3751 3584 rimzt
3792 3519 3844 3584 il
3886 3520 4115 3587 tansoit
4169 3540 4420 3604 ,aucuns

385 3629 470 3694 de
507 3648 610 3695 ses
646 3629 964 3712 familiers
1005 3637 1063 3697 et
1104 3633 1273 3698 amis
1325 3633 1403 3699 de
1457 3653 1520 3697 ce
1571 3633 1763 3715 qu’ilz
1815 3638 2139 3716 n’avoyent
2182 3631 2455 3716 procare
2512 3632 2589 3699 cle
2637 3650 2962 3698 recouvrer
3002 3630 3161 3711 plus
3212 3631 3450 3713 amples
3493 3630 3816 3696 memoires
3859 3631 3934 3696 de
3978 3630 4147 3698 telles
4192 3631 4416 3699 choses.

394 3740 746 3823 Toutesfois
784 3748 980 3824 quant
1023 3744 1066 3808 ὰ
1110 3744 1175 3810 la
1222 3742 1485 3824 France,
1528 3744 1578 3810 il
1621 3749 1727 3828 n’y
1769 3766 1812 3810 a
1846 3766 1975 3828 pas
2007 3745 2163 3827 plus
2200 3764 2422 3828 queres
2466 3743 2509 3808 ἅ
2551 3743 2845 3809 cralndre
2887 3761 2966 3806 en
3008 3746 3130 3808 rest
3181 3742 3457 3808 endroict
3497 3742 3590 3823 Ζὰ,
3647 3740 3823 3807 Dieu
3865 3762 4084 3826 mercy.
4181 3742 4309 3808 Car
4354 3743 4420 3809 la

380 3871 611 3937 quet-re
663 3872 706 3917 a
763 3853 889 3918 este
943 3854 1240 3922 tellement
1293 3856 1573 3921 occasion
1628 3856 1852 3923 ol’oster
1868 3908 1884 3937 ,
1940 3857 2239 3923 arracker
2294 3860 2351 3921 et
2403 3855 2606 3920 briser
2658 3857 2792 3918 tant
2833 3853 2911 3919 de
2951 3873 3048 3919 ces
3094 3854 3307 3935 fatras
3322 3905 3337 3935 ‚
3394 3854 3550 3936 qu’il
3602 3872 3681 3918 ne
3722 3859 3881 3919 reste
3912 3855 4068 3937 plus
4113 3855 4297 3921 sinon
4338 3855 4416 3921 de

372 3963 569 4045 prior
610 3962 800 4044 Dieuc,
844 3965 1001 4048 qu'il
1041 3966 1151 4051 luy
1199 3967 1403 4051 plaise
1444 3988 1582 4050 par
1620 3988 1709 4033 un
1764 3988 1978 4052 moyen
2011 3969 2165 4051 plus
2206 3968 2374 4033 doux
2414 3985 2551 4032 aux
2580 3964 2847 4047 peuples
2879 3965 2958 4030 de
2994 3965 3062 4031 la
3114 3969 3276 4030 terre
3318 3969 3481 4030 oster
3526 3985 3590 4032 ce
3631 3966 3745 4048 qui
3787 3986 3864 4032 en
3907 3971 3996 4031 est
4030 3985 4275 4033 encores
4316 3965 4410 4031 de·

385 4074 600 4139 meme
642 4095 722 4140 ou
766 4096 844 4142 en
888 4075 1138 4144 Franco
1180 4099 1260 4144 ou
1303 4100 1437 4145 aux
1479 4073 1689 4146 autres
1720 4081 1892 4162 pais.
1981 4078 2136 4166 (Ed.
2191 4082 2351 4143 1565
2398 4077 2506 4143 fol.
2552 4077 2702 4160 ciiij
2740 4097 2792 4141 r.
2862 4076 2987 4141 Ed.
3032 4074 3364 4141 Franklin
3411 4098 3470 4161 p.
3518 4075 3651 4159 62.)

701 4188 951 4272 Magno
1002 4190 1229 4256 favore
1271 4191 1518 4275 passim
1577 4198 1889 4275 exceptus
1946 4190 2150 4257 fuisse
2210 4190 2319 4256 hic
2371 4188 2539 4256 liber
2591 4187 2886 4267 videtur,
2945 4208 3148 4272 quum
3190 4186 3413 4271 plures
3457 4189 3596 4254 eius
3656 4186 3976 4254 editiones
3991 4237 4006 4264 ‚
4061 4188 4415 4269 superstite

383 4296 588 4363 etiam
632 4307 879 4380 autore,
923 4301 1084 4366 item
1130 4304 1462 4368 versiones
1505 4300 1786 4370 diversis
1842 4303 2088 4388 linguis
2144 4302 2426 4386 scriptae
2480 4301 2556 4365 in
2608 4300 2944 4384 publicum
2999 4299 3312 4379 exierint,
3370 4321 3537 4383 quae
3579 4306 3832 4378 tamen,
3889 4303 4114 4382 utpote
4157 4300 4414 4365 rarissi-

382 4428 554 4489 mae,
601 4432 738 4476 non
780 4434 1008 4479 omnes
1054 4413 1242 4479 nobis
1285 4414 1369 4480 ad
1413 4433 1651 4479 manus
1694 4415 1980 4481 fuerunt.

696 4522 1079 4609 Principem
1132 4526 1439 4610 gallicam
1491 4526 1843 4592 habuimus
1893 4548 1978 4591 ex
2032 4525 2428 4592 bibliotheca
2482 4522 2858 4602 Turieensi,
2914 4462 3032 4588 sed
3089 4542 3225 4588 non
3276 4523 3646 4606 integram.
3720 4521 4021 4588 Insertus
4076 4528 4178 4589 est
4237 4524 4415 4590 enim

385 4632 545 4699 huic
586 4634 952 4718 exemplari
1008 4657 1049 4702 a
1103 4637 1469 4722 bibliopego
1523 4637 1698 4702 malo
1754 4636 2019 4716 feriato,
2072 4637 2213 4703 loco
2259 4635 2712 4721 quaternionis
2756 4634 2973 4718 quarti
3014 4634 3141 4719 (D)
3187 4655 3238 4699 s.
3283 4653 3478 4717 pagg.
3524 4635 3812 4714 49—64‚
3857 4632 4031 4698 idem
4074 4637 4417 4718 quaternio

387 4751 665 4827 quartus
710 4745 880 4814 alius
922 4747 1131 4814 libelli
1173 4748 1533 4816 calviniani
1579 4747 1812 4813 eodem
1854 4768 2029 4812 anno
2074 4746 2235 4813 editi
2279 4747 2387 4814 eui
2431 4747 2665 4813 titulus
2709 4752 2838 4812 est:
2895 4744 3121 4811 Petit
3164 4745 3473 4811 traicte
3513 4752 3974 4812 monstrant
4017 4766 4166 4828 que
4210 4751 4418 4815 e'est

384 4875 540 4939 que
585 4855 758 4923 doit
798 4859 1002 4925 faire
1047 4883 1154 4927 un
1197 4857 1801 4926 homme‘fidele
1845 4865 2037 4926 caett.
2081 4879 2248 4942 quae
2292 4865 2396 4924 est
2438 4880 2594 4941 pars
2639 4858 2853 4940 prima
2897 4856 3040 4922 eius
3086 4856 3240 4924 libri
3283 4856 3395 4942 qui
3439 4857 3641 4943 vulgo
3676 4856 4085 4925 inscribitur:
4130 4858 4249 4923 De
4295 4861 4416 4926 vi-

383 4966 666 5035 tandis
710 4971 1486 5055 superstitionibus.
1590 4973 1743 5038 Duo
1797 4969 2063 5054 quidem
2118 4970 2248 5037 alia
2304 4969 2711 5053 exemplaria
2766 4973 3025 5052 praeter
3077 4966 3246 5034 illud
3296 4970 3627 5036 turicense
3686 4975 3949 5037 exstare
4005 4969 4414 5052 rescivimus,

379 5078 638 5147 scilicet
678 5081 1111 5151 Vindobonae
1154 5091 1222 5151 et
1262 5083 1658 5169 Hamburgi‚
1702 5104 1938 5151 verum
1978 5082 2110 5149 illis
2154 5082 2471 5168 neglectis
2516 5080 2825 5148 lacunam
2867 5101 2952 5146 ex
2986 5078 3270 5147 editione
3312 5082 3611 5166 proxime
3646 5082 3945 5167 sequenti
3985 5081 4416 5165 explevimus,

380 5192 628 5278 quippe
672 5216 873 5279 quam
916 5216 1066 5264 cum
1110 5202 1337 5264 nostra
1375 5196 1501 5264 hac
1542 5196 1808 5263 omnino
1848 5196 2218 5263 consentire
2261 5194 2642 5263 viderimus.
2733 5190 3087 5261 Caeterum
3124 5193 3360 5261 titulus
3405 5194 3512 5261 hic
3556 5199 3686 5260 est:

602 5296 824 5356 Calvino·
855 5315 1037 5372 opera.
1119 5300 1233 5358 Vol.
1282 5298 1377 5356 VI.
3957 5294 4005 5348 D
