4967 5992
381 326 511 390 285

382 510 572 594 quasi
617 516 805 594 parta
849 509 1156 588 victoria,
1204 510 1494 577 exsultat
1536 510 1841 595 Pighius,
1930 510 2078 595 Ego
2124 519 2345 578 autem

384 597 468 663 de
523 595 859 679 praesenti
912 604 1134 662 nostro
1191 603 1372 662 statu
1440 596 1874 681 intelligenda
1928 596 2092 663 haec
2144 599 2350 665 verba

379 701 581 767 nego:
618 679 733 748 sed
768 681 980 764 qualis
1013 682 1230 764 prima
1254 704 1375 748 sua
1397 683 1652 767 origine
1685 683 1897 749 factus
1917 683 2116 747 fuerit
2151 683 2347 749 homo

381 774 644 834 tantum
699 767 1065 833 ostendere.
1155 766 1442 834 Disertis
1496 768 1716 835 verbis
1762 768 2079 852 explicat,
2135 769 2346 852 qualis

381 861 643 921 creatus
677 853 879 919 fuerit
909 852 1136 919 homo:
1173 853 1659 938 corruptionem
1694 875 1861 937 quae
1896 854 2152 937 lapsum
2188 873 2345 920 con-

383 949 663 1023 sequuta
702 943 852 1019 [pag.
893 944 1001 1019 73]
1048 947 1163 1020 est,
1199 961 1335 1005 non
1382 948 1878 1006 commemorat:
1925 938 2040 1004 sed
2086 947 2347 1006 tantum

381 1047 592 1108 quum
633 1025 928 1091 malitiae
972 1044 1241 1091 causam
1284 1026 1623 1109 assignare
1666 1024 1843 1104 vult,
1890 1025 1984 1091 810
2020 1024 2343 1108 loquitur:

380 1110 579 1177 Unde
632 1111 848 1176 malus
912 1110 1150 1176 homo?
1218 1132 1302 1177 ex
1369 1112 1632 1195 propria
1704 1111 1914 1194 ipsius
1982 1110 2340 1176 voluntate.

379 1196 577 1279 Unde
630 1196 847 1261 malus
903 1195 1245 1262 diabolus?
1334 1216 1420 1261 ex
1472 1196 1701 1263 eadem
1756 1216 1970 1262 causa.
2058 1196 2232 1261 Nam
2278 1202 2343 1261 et

375 1283 535 1370 1118οὗ
575 1302 696 1366 1101
753 1304 823 1347 80
864 1281 1136 1347 liberam
1190 1281 1389 1348 habet
1432 1282 1641 1348 vitam
1660 1333 1677 1362 ,
1733 1288 1800 1348 et
1837 1280 2122 1347 liberum
2167 1281 2340 1347 arbi-

377 1369 585 1433 trium
626 1368 699 1432 in
754 1389 827 1434 se
869 1368 1099 1446 situm,
1151 1375 1267 1433 aut
1308 1366 1621 1434 manendi
1679 1389 1831 1433 cum
1872 1367 2050 1445 Dee,
2112 1373 2229 1432 aut
2266 1388 2339 1433 se

378 1454 462 1520 ab
508 1475 584 1520 eo
628 1452 977 1519 alienandi.
1068 1451 1247 1535 Quid
1300 1473 1480 1518 0000
1521 1451 1949 1520 iudicandum
1992 1452 2136 1517 est?
2227 1453 2340 1517 An

374 1540 602 1624 ipsum
656 1539 934 1617 latebat,
989 1538 1182 1621 quale
1250 1550 1316 1604 et
1371 1547 1690 1621 quantum
1754 1537 1999 1605 vulnus
2057 1543 2338 1604 naturae

373 1632 643 1692 nostrae
686 1646 770 1690 ex
810 1631 1078 1707 peccato
1113 1624 1440 1691 inflictum
1473 1624 1692 1690 esset?
1764 1624 1860 1688 At
1894 1644 1965 1689 se
2005 1624 2147 1706 ipse
2184 1622 2340 1688 alibi

376 1711 460 1778 ab
504 1710 629 1776 1100
672 1710 1044 1792 suspicione
1082 1709 1347 1789 liberat,
1392 1709 1550 1775 dum
1592 1709 1868 1775 humani
1910 1709 2170 1792 generis
2213 1709 2337 1774 mi-

374 1797 618 1863 seriam
673 1795 780 1862 his
830 1796 1056 1879 paucis
1112 1795 1403 1879 quidem,
1448 1795 1564 1862 sed
1617 1795 1888 1860 minime
1940 1802 2164 1860 tamen
2220 1795 2335 1860 ob-

377 1883 586 1948 scuris
637 1880 864 1948 verbis
906 1880 1206 1966 attingit:
1252 1880 1515 1948 Salutis-
1556 1881 1823 1964 quidem
1864 1879 2128 1959 debiles,
2171 1879 2334 1946 libe-

373 1968 649 2034 rationis
687 1989 849 2034 vero
889 1967 1211 2051 indigent,
1256 1968 1370 2051 qui
1402 1968 1473 2032 in
1508 1966 1891 2050 captivitate
1935 1965 2333 2031 detinentur.

376 2052 515 2136 Qui
556 2055 762 2139 igitur
806 2053 928 2119 sub
970 2061 1181 2118 morte
1224 2054 1475 2137 positus
1519 2060 1638 2131 est,
1685 2053 1899 2118 sciens
1942 2048 2116 2134 quod
2159 2072 2334 2116 unus

374 2146 477 2205 est
515 2141 628 2222 qui
666 2139 942 2218 liberat,
1000 2145 1067 2205 et
1108 2161 1280 2205 unus
1337 2140 1450 2222 qui
1505 2147 1761 2217 servat,
1816 2137 1904 2203 10
1944 2144 2040 2217 te,
2095 2136 2331 2220 inquit,

374 2247 407 2291 8
453 2227 654 2292 eravi.
747 2223 961 2292 Serva
1000 2245 1109 2290 me
1154 2247 1194 2290 a
1227 2222 1579 2304 debilitate,
1613 2221 1824 2290 libera
1858 2244 1898 2288 a
1932 2221 2329 2306 captivitate.

442 2311 513 2377 ui
556 2308 840 2377 debilem
885 2318 955 2376 ct
997 2311 1333 2395 captivum
1375 2309 1710 2376 hominem
1754 2308 1927 2388 facit,
1974 2316 2043 2373 et
2075 2328 2152 2373 00
2187 2307 2332 2390 qui-

375 2395 531 2463 dem
574 2397 912 2463 servitutis
964 2417 1206 2482 genere
1259 2394 1539 2462 detineri
1592 2395 2011 2479 pronunciat,
2059 2392 2237 2459 unde
2291 2414 2332 2458 a

376 2483 518 2548 8010
564 2481 727 2561 Deo,
771 2503 906 2547 000
953 2505 993 2548 0
1037 2483 1271 2567 8011180
1296 2481 1631 2560 liberetur,
1663 2487 1984 2564 quantum
2007 2478 2086 2544 de
2109 2480 2329 2564 priore

372 2568 494 2633 illa
536 2568 903 2633 conditione
955 2567 1290 2634 detrahit?
1381 2564 1518 2634 Sed
1550 2568 1621 2632 in
1664 2566 1789 2632 hac
1829 2585 2085 2649 quoque
2123 2565 2328 2649 capti-

373 2654 589 2720 vitate
640 2652 844 2719 libero
891 2653 1161 2719 arbitrio
1214 2653 1500 2718 multum
1558 2652 1870 2718 concedit.
1961 2649 2330 2716 Audiamus

373 2746 702 2823 quantum
754 2739 920 2805 illud
965 2741 1068 2806 sit.
1161 2737 1294 2821 Qui
1348 2739 1417 2803 in
1473 2739 1672 2805 verbo
1716 2736 1845 2802 Dei
1901 2735 2137 2801 eruditi
2198 2757 2329 2801 non

374 2833 557 2905 sunt,
614 2824 684 2889 hi
727 2826 975 2892 frustra
1027 2825 1243 2890 inflati
1300 2846 1420 2908 per
1460 2823 1742 2890 liberum
1787 2822 2134 2889 arbitrium
2178 2842 2329 2904 pec-

372 2911 503 2977 cati
553 2911 845 2978 insultus
889 2912 1148 2977 abolere
1184 2932 1254 2976 se
1298 2932 1491 2995 posse
1534 2908 1901 2987 confidunt,
1960 2928 2167 2991 quum
2210 2927 2329 2990 per

372 2996 588 3064 801001
631 2998 844 3063 010018
891 3019 958 3061 10
1007 2997 1281 3063 sterium
1325 3004 1664 3080 peccatum
1711 2994 2065 3062 aboleatur.
2155 2993 2331 3058 Nam

371 3082 547 3165 quod
600 3082 676 3147 in
732 3082 1020 3149 hominis
1073 3087 1399 3166 potestate
1462 3081 1664 3147 situm
1709 3088 1811 3146 est
1876 3079 2160 3146 liberum
2221 3101 2328 3144 ar-

370 3166 644 3233 bitrium
660 3220 678 3248 ,
758 3169 831 3234 in
894 3168 1225 3253 eligendo,
1292 3174 1407 3233 aut
1467 3187 1601 3232 non
1648 3165 1979 3250 eligendo,
2047 3172 2124 3229 ut
2194 3164 2329 3229 dia·

369 3252 521 3319 bolo
575 3254 872 3334 resistat,
949 3255 1151 3321 situm
1217 3261 1351 3333 est,
1422 3273 1558 3318 000
1630 3253 1703 3316 10
1768 3272 1864 3330 00,
1908 3248 2080 3333 quod
2119 3249 2329 3333 possit

369 3339 576 3405 robur
630 3340 876 3406 habere
920 3346 1153 3406 contra
1204 3339 1497 3405 affectus.
1578 3338 1673 3403 Et
1713 3335 1909 3420 paulo
1953 3342 2134 3419 post:
2179 3334 2328 3401 Nisi

368 3425 551 3490 enim
627 3447 748 3509 per
826 3426 1160 3509 potentius
1236 3424 1558 3491 auxilium
1636 3423 1743 3504 ab,
1792 3421 2022 3508 ignitis
2091 3420 2325 3486 adver-

364 3511 528 3577 sarii
572 3511 806 3578 iaculis
850 3511 1142 3592 liberati,
1219 3511 1468 3594 recepti
1519 3508 1841 3574 fuerimus
1903 3509 1978 3573 in
2026 3505 2325 3590 adoptio-

365 3617 556 3677 nem,
613 3598 862 3663 frustra
916 3598 1138 3664 omnia
1192 3598 1531 3674 molimur,
1587 3595 1775 3660 velut
1830 3592 2061 3677 procul
2114 3614 2154 3657 a
2207 3612 2323 3674 po-

363 3684 581 3749 tentia
632 3685 865 3750 crucis.
955 3682 1034 3751 Si
1091 3683 1442 3768 diligenter
1491 3682 1710 3747 omnia
1764 3678 2126 3763 expendas,
2190 3699 2324 3744 000

364 3767 554 3834 011011
596 3768 849 3835 11010101
892 3770 1233 3853 relinquit,
1287 3788 1485 3852 quam
1526 3768 1598 3832 in
1642 3764 1943 3849 eligendo
1985 3763 2321 3843 1011101010,

362 3853 541 4005 311011
596 3861 665 3921 01
703 3855 969 3939 11001108
1013 3856 1099 3921 811
1139 3855 1464 3934 inefficax,
1513 3860 1580 3920 et
1619 3851 1703 3918 ad
1738 3849 2098 3919 vincendas
2141 3849 2323 3931 cupi-

417 3939 610 4006 ‘tates
675 3940 843 4006 nihil
900 3962 1021 4024 per
1083 3962 1155 4006 se
1225 3940 1460 4007 valeat.
1552 3938 1850 4004 Tametsi
1912 3942 2136 4002 autem
2188 3956 2324 4000 non

358 4026 609 4106 omnia,
650 4047 815 4110 quae
859 4026 1138 4094 dicenda
1168 4028 1450 4105 fuerant,
1495 4025 1604 4091 1110
1648 4022 1825 4102 111011,
1869 4027 2188 4106 quantum
2224 4028 2322 4085 ta-

355 4132 522 4177 men
566 4131 607 4176 a
647 4113 1000 4197 magnifica
1049 4113 1166 4178 illa
1217 4112 1540 4179 libertatis
1593 4108 2079 4193 praedicatione
2124 4105 2322 4172 decli-

356 4203 501 4278 net,
547 4196 771 4265 videre
812 4198 983 4265 licet.
1071 4199 1157 4263 In
1200 4198 1407 4263 altero
1451 4196 1590 4263 1000
1633 4194 1801 4261 011111
1845 4190 2320 4271 animadverto,

354 4281 541 4367 quod
584 4284 776 4350 nobis
817 4284 925 4351 vel
958 4285 1308 4350 minimum
1352 4282 1755 4349 adversetur.
1830 4286 1977 4361 [pag.
2015 4283 2124 4357 74]
2158 4277 2323 4342 Par-

352 4375 500 4434 tem
535 4370 793 4435 animae
825 4370 1214 4436 rationalem
1254 4369 1598 4455 potestatis
1630 4375 1893 4434 nostrae
1934 4385 2078 4431 0880
2118 4363 2322 4429 110001.

352 4454 624 4521 verum
682 4462 759 4520 ut
815 4477 936 4542 ego
991 4464 1270 4537 taceam,
1339 4456 1499 4521 satis
1553 4456 1977 4538 perspicuum
2032 4457 2134 4516 est
2185 4449 2323 4548 illic

352 4543 624 4607 animae
666 4548 980 4607 naturam
1022 4544 1094 4607 in
1138 4565 1258 4609 sua
1299 4542 1680 4625 integritate
1724 4536 2149 4606 considerari:
2197 4555 2323 4599 810-

351 4634 439 4693 ut
493 4627 566 4693 in
602 4627 1090 4695 definitionibus
1136 4626 1368 4694 dandis
1413 4627 1559 4693 fieri
1594 4624 1775 4692 solet.
1863 4624 2003 4689 Nos
2047 4641 2320 4704 quoque,

352 4734 568 4798 quum
612 4712 694 4780 de
738 4715 959 4780 anima
1002 4714 1356 4798 disputatio
1402 4718 1529 4792 est,
1585 4712 1873 4796 primum
1918 4708 2059 4774 eius
2102 4715 2323 4789 partes

344 4799 433 4865 10
488 4797 782 4865 0101110111
837 4801 1189 4867 statuimus
1204 4852 1222 4880 ,
1277 4805 1569 4865 mentem
1623 4818 1699 4863 ac
1756 4794 2165 4891 voluntatem
2182 4843 2197 4874 ,
2255 4798 2325 4856 et

344 4887 604 4951 mentis
658 4886 929 4970 quidem
983 4887 1269 4953 officium
1314 4906 1458 4952 esse
1513 4884 1853 4962 docemus,
1907 4898 2163 4963 praeire
2208 4898 2321 4943 vo-

342 4971 605 5037 luntati
622 5023 639 5051 ,
698 4994 972 5056 eamque
1028 4973 1427 5057 gubernare:
1484 4969 1659 5038 unde
1716 4977 1784 5035 et
1837 4985 2079 5033 nomen
2119 4962 2323 5028 habet

341 5056 725 5138 ἢγεμονικὸνε
772 5060 1181 5124 voluntatem
1221 5081 1416 5144 porro
1469 5066 1629 5124 tunc
1662 5057 1831 5123 bene
1873 5052 2116 5118 habere
2160 5048 2320 5115 dici-

342 5163 529 5222 mus,
575 5164 781 5226 quum
825 5166 896 5210 se
940 5144 1408 5228 cupiditatibus
1451 5145 1584 5211 huc
1620 5143 1779 5210 illuc
1819 5134 2322 5207 distrahendam

342 5250 497 5296 non
540 5230 830 5314 exponit,
876 5229 993 5296 sed
1025 5233 1268 5298 mentis
1308 5233 1661 5314 imperium
1705 5228 2059 5296 auscultat:
2107 5229 2321 5287 totum

1871 321 2001 390 DE
2044 323 2402 393 LIBERO
2444 323 2922 394 ARBITRJO.

4282 338 4409 401 286

2452 514 2736 599 denique
2790 514 3127 581 hominem
3177 515 3309 580 rite
3365 522 3522 582 tunc
3577 537 3721 583 esse
3776 521 4206 603 compositum
4223 573 4240 602 ,
4296 522 4410 588 ubi

2449 607 2633 666 recta
2666 601 2738 664 in
2778 621 2854 665 eo
2890 599 3055 664 ratio
3094 601 3508 666 moderatur:
3548 622 3717 686 quae
3762 613 3830 669 et
3867 606 4273 672 voluntatem
4309 608 4409 673 di-

2450 687 2625 769 rigat
2668 705 2797 769 quo
2843 686 3047 764 decet,
3095 693 3164 751 et
3205 685 3525 767 libidines,
3573 704 3884 772 tanquam
3928 692 4160 775 auriga
4203 713 4407 778 equos

2449 771 2832 849 indomitos,
2889 771 3026 838 suis
3080 772 3325 838 fraenis
3364 784 3676 840 coerceat.
3765 774 4020 842 Verum
4064 777 4260 844 simul
4303 799 4407 845 os-

2449 856 2815 937 1001110108,
2868 877 3126 923 0000010
3173 879 3314 924 0880
3360 866 3653 925 00811001
3697 861 4055 943 rationem,
4110 864 4262 945 quia
4320 865 4409 929 sit

2448 963 2569 1025 per
2605 948 2946 1024 peccatum
2984 943 3116 1008 Dei
3170 942 3422 1009 lumine
3466 942 3798 1026 destituta,
3843 968 3967 1013 nec
4009 949 4193 1047 prius
4235 947 4406 1015 bene

2449 1048 2679 1111 regere
2723 1049 2946 1110 posse,
2993 1027 3207 1111 quoad
3252 1029 3512 1111 spiritui
3568 1032 3698 1097 Dei
3739 1033 3810 1096 in
3850 1032 4291 1100 obedientiam
4335 1055 4406 1100 se

2447 1110 2826 1178 tradiderit:
2885 1114 3017 1178 imo
3071 1135 3340 1197 prorsus
3402 1117 3472 1180 10
3531 1116 3673 1182 01118
3739 1116 4149 1217 obsequium,
4219 1118 4407 1186 velut

2448 1197 2719 1279 ancilla,
2779 1197 3044 1264 redacta
3108 1200 3323 1265 fucrit.
3412 1201 3714 1268 Dicimus
3779 1204 4114 1284 similiter,
4187 1206 4404 1271 carnis

2446 1283 2868 1366 cupiditates·
2895 1305 3177 1367 regnum
3232 1285 3305 1349 in
3350 1285 3614 1352 homine
3658 1308 4038 1373 occupasse,
4098 1311 4220 1357 nee
4264 1290 4403 1356 nlla

2445 1370 2704 1434 animae
2760 1370 3059 1452 potentia
3102 1370 3404 1454 impediri
3448 1392 3668 1455 posse,
3724 1374 3833 1440 vel
3887 1376 4185 1458 reprimi,
4242 1377 4404 1460 quin

2444 1475 2631 1528 suam
2687 1455 3113 1539 tyrannidem
3171 1466 3548 1523 exerceant:
3608 1458 4015 1526 voluntatem
4073 1461 4251 1526 enim
4308 1462 4403 1528 sic

2443 1540 2697 1606 malitia
2740 1561 3118 1690 Offimssam
3133 1592 3149 1620 ,
3206 1541 3300 1607 810
3346 1543 3505 1607 vitio
3550 1551 3618 1609 et
3659 1546 4078 1628 corruptione
4117 1546 4402 1631 implici-

2444 1632 2615 1705 tam,
2661 1634 2737 1690 ut
2908 1626 3259 1692 honestum
3303 1628 3595 1694 studium
3638 1651 4005 1715 emergere,
4048 1640 4163 1697 aut
4203 1654 4274 1699 se
4319 1632 4400 1698 ad

2442 1711 2902 1777 rectitudinem
2947 1712 3104 1777 dare
3147 1713 3333 1779 nullo
3377 1711 3572 1779 modo
3616 1723 3831 1799 queat.

2611 1847 2696 1912 In
2740 1848 3042 1914 omnibus
3084 1849 3484 1934 Hieronymi
3539 1854 3915 1932 8001001118,
3974 1875 4139 1937 111108
4194 1855 4401 1920 addu-

2440 1933 2560 2011 cit,
2628 1933 2911 1999 liberum
2969 1934 3319 2000 arbitrium
3373 1937 3734 2019 praedicari
3791 1959 3926 2004 non
3979 1960 4178 2024 nego:
4235 1943 4402 2007 scire

2439 2027 2663 2083 tamen
2708 2018 2939 2098 velim,
2995 2019 3153 2102 quid
3198 2021 3360 2087 certi
3414 2021 3569 2088 inde
3613 2025 3861 2091 referre
3904 2025 4083 2091 velit.
4172 2027 4399 2092 Dona-

2436 2109 2557 2181 tos,
2601 2104 2834 2186 inquit,
2879 2125 3000 2169 nos
3034 2103 3239 2171 libero
3282 2106 3573 2186 arbitrio,
3619 2117 3685 2174 et
3720 2131 4258 2195 unumquemque
4299 2114 4401 2178 vi-

2436 2209 2625 2268 vere,
2666 2210 2800 2254 non
2843 2211 2927 2254 ex
2967 2189 3096 2255 Dei
3139 2199 3308 2256 nutu
3350 2201 3417 2256 et
3450 2193 3540 2257 im
3591 2195 3759 2273 erio,
3815 2195 3930 2260 sed
3975 2199 4240 2280 proprio
4284 2196 4398 2263 ob-

2437 2276 2680 2356 sequie.
2771 2273 2907 2341 Sed
2995 2276 3154 2340 uid?
3243 2275 3321 2343 Si
3365 2299 3449 2343 ex
3494 2215 3770 2345 adverso
3814 2279 4170 2363 excipiam,
4227 2284 4401 2365 quod

2434 2380 2676 2425 verum
2705 2369 2834 2438 est,
2884 2383 2972 2428 vu
2996 2369 3298 2427 neratam
3339 2363 3522 2428 illam
3567 2366 3772 2431 fuisse
3807 2365 4206 2446 libertatem,
4263 2368 4398 2434 imo

2434 2447 2792 2512 confectam
2837 2455 2905 2512 et
2946 2449 3335 2513 exstinctam
3349 2501 3364 2528 ‚
3411 2449 3526 2514 ubi
3569 2450 3768 2515 homo
3812 2453 4064 2534 peccati
4102 2473 4282 2516 nexu
4325 2455 4398 2519 in

2434 2532 2838 2597 servitutem
2871 2531 3161 2599 Satanae
3204 2556 3274 2599 se
3327 2534 3623 2600 addixit?
3714 2538 3825 2602 An
3869 2544 4047 2602 certo
4091 2537 4398 2623 colligam

2432 2615 2591 2700 quid
2636 2616 2718 2683 de
2759 2625 2904 2706 tota
2955 2639 3028 2683 re
3084 2619 3503 2686 sentiendum
3548 2623 3664 2699 sit,
3719 2643 3921 2705 quum
3966 2623 4398 2706 praecipuum

2435 2711 2634 2786 caput
2656 2725 2791 2768 non
2837 2704 3166 2788 attingat?
3241 2706 3426 2790 Nego
3452 2726 3565 2771 008
3608 2727 3836 2772 010008
3879 2708 4122 2774 claram
4171 2716 4239 2773 et
4279 2711 4395 2774 fir-

2433 2809 2614 2854 mam
2658 2788 2739 2854 de
2782 2789 2986 2855 libero
3031 2790 3302 2856 arbitrio
3344 2791 3713 2858 doctrinam
3753 2794 4046 2873 tradere,
4104 2796 4216 2877 qui
4260 2815 4396 2860 non

2433 2874 2633 2940 simul
2675 2874 3024 2952 adiiciunt,
3080 2881 3228 2955 [pag.
3278 2883 3384 2956 75]
3473 2877 3583 2942 uid
3642 2876 3723 2943 de
3769 2880 3890 2945 hac
3934 2877 4233 2945 libertate
4277 2901 4397 2963 per

2434 2960 2622 3025 Adae
2665 2959 2923 3043 lapsum
2968 2962 3270 3044 perierit,
3314 2899 3473 3046 quid
3517 2984 3637 3047 per
3677 2965 4199 3048 regenerationis
4245 2988 4395 3050 gra-

2433 3047 2598 3110 tiam
2639 3045 2868 3110 fideles
2911 3055 3329 3129 recuperent:
3377 3058 3624 3131 quanta
3666 3049 3947 3133 denique
3992 3051 4080 3116 sit
4121 3053 4394 3117 vitiatae

2431 3139 2711 3196 naturae
2767 3133 3170 3214 perversitas
3214 3140 3284 3198 et
3325 3132 3595 3198 rebellio
3651 3134 3970 3201 adversus
4015 3137 4144 3201 Dei
4202 3138 4392 3202 iusti-

2430 3218 2615 3295 tiam,
2663 3224 2730 3279 et
2770 3237 2940 3299 quae
2975 3238 3243 3283 rursum
3279 3219 3552 3301 spiritus
3596 3223 3806 3285 sancti
3843 3222 3917 3284 in
3961 3221 4204 3301 electis,
4249 3233 4395 3287 tum

2432 3302 2517 3368 ad
2561 3300 3067 3367 illuminandam
3110 3313 3429 3384 mentem,
3476 3311 3620 3369 tum
3668 3306 3750 3370 ad
3794 3326 3908 3373 cor
3952 3305 4391 3390 dirigendum,

2429 3388 2740 3471 operati0.
2830 3385 2937 3453 De
2981 3386 3086 3452 his
3130 3390 3432 3455 omnibus
3477 3389 3685 3455 altum
3730 3399 3834 3457 est
3876 3392 3946 3455 in
3992 3391 4389 3476 Hieronymi

2428 3474 2649 3541 verbis
2691 3473 3040 3538 silentium.

2602 3590 3031 3659 Ambrosium
3065 3613 3225 3657 vero
3272 3601 3387 3658 aut
3422 3614 3556 3658 000
3594 3593 3916 3661 advocare
3949 3616 4236 3679 prorsus,
4279 3602 4393 3662 aut

2430 3678 2622 3744 aliter
2665 3678 3040 3761 loquentem
3083 3677 3396 3745 inducere
3441 3678 3771 3747 debuerat.
3855 3679 4038 3763 Quid
4080 3682 4261 3747 enim
4296 3681 4393 3746 af-

2427 3764 2598 3831 fert?
2689 3762 3156 3828 Voluntarium
3212 3785 3484 3831 servum
3528 3765 3655 3832 sibi
3710 3768 4125 3832 auctionatur
4170 3765 4392 3833 diabo—

2427 3851 2560 3917 lus:
2638 3850 2974 3915 neminem
3038 3850 3193 3934 iugo
3260 3850 3599 3918 servitutis
3663 3854 4008 3919 astrictum
4078 3853 4391 3935 possidet,

2426 3936 2557 4001 nisi
2603 3957 2673 4002 80
2717 3935 2901 4019 111108
2944 3942 3364 4018 peccatorum
3421 3958 3573 4003 aere
3629 3939 3690 4003 ei
3735 3936 4122 4006 vendiderit.
4214 3936 4390 4020 Quid

2427 4043 2696 4087 carnem
2738 4022 2924 4104 quasi
2967 4021 3299 4087 infirmam
3343 4023 3653 4090 accusas?
3723 4024 4025 4089 Affectus
4061 4029 4162 4089 est
4200 4031 4392 4088 autor

2427 4107 2688 4192 culpae:
2736 4127 2885 4173 caro
2931 4107 3290 4174 voluntatis
3333 4109 3655 4175 ministra.
3744 4110 3897 4176 Non
3941 4129 4102 4193 ergo
4147 4108 4393 4174 vendat

2427 4214 2549 4259 nos
2592 4194 2904 4261 voluntas
2946 4199 3192 4273 nostra,
3236 4215 3359 4277 per
3402 4216 3596 4278 quam
3635 4195 3842 4261 solam
3885 4195 3957 4259 in
4001 4193 4393 4260 servitutem

2425 4278 2767 4345 tradimur.
2867 4278 3122 4362 Nempe
3190 4298 3425 4345 vanam
3487 4301 3718 4346 eorum
3783 4281 4391 4365 tergiversationem

2426 4367 2698 4444 refutat,
2754 4365 2865 4448 qui
2918 4365 2989 4430 in
3035 4365 3252 4432 carnis
3305 4366 3761 4432 infirmitatem
3812 4367 4144 4444 reiiciunt,
4200 4364 4389 4450 quid-

2426 4451 2585 4535 quid
2626 4457 2919 4535 peccant.
2987 4450 3224 4518 Carnis
3268 4459 3490 4517 autem
3533 4453 3799 4517 nomine
3843 4450 3998 4535 quid
4042 4451 4387 4535 significet,

2430 4537 2655 4602 statim
2715 4538 3012 4620 exponit,
3081 4558 3282 4619 quum
3342 4536 3699 4604 voluntatis
3754 4537 4123 4603 ministram
4181 4544 4389 4604 vocat.

2426 4623 2713 4688 Inferior
2758 4641 2914 4707 ergo
2958 4643 3111 4706 pars
3156 4621 3462 4702 hominis,
3508 4630 3576 4688 et
3615 4623 3956 4703 sensualis,
4008 4630 4086 4687 ut
4127 4630 4387 4704 vocant,

2429 4729 2580 4774 cum
2615 4709 2901 4790 corporis
2935 4707 3221 4792 organis,
3258 4728 3378 4791 per
3411 4729 3680 4775 carnem
3717 4709 4113 4793 designatur.
4169 4709 4236 4774 Ν
4237 4730 4386 4788 unc,

2427 4795 2538 4877 qui
2582 4792 2909 4858 malorum
2962 4814 3230 4859 suorum
3282 4794 3546 4878 culpam
3599 4795 3757 4861 illuc
3815 4795 4098 4874 derivat,
4151 4795 4389 4859 merito

2426 4879 2511 4945 ad
2557 4879 2964 4946 voluntatem
3007 4878 3399 4945 retrahitur:
3457 4888 3535 4945 ut
3578 4880 3738 4946 dum
3782 4880 4125 4947 convictus
4166 4880 4385 4961 fuerit,

2424 4964 2563 5030 illic
2606 4963 2881 5030 haerere
2924 4964 3080 5030 mali
3136 4963 3455 5045 radicem,
3511 4967 3706 5032 simul
3762 4966 3998 5046 discat,
4056 4986 4126 5031 se
4176 4987 4388 5031 unum

2426 5072 2588 5130 esse,
2632 5051 2742 5117 cui
2782 5050 3109 5135 imputare
3154 5050 3418 5135 culpam
3462 5050 3711 5119 debeat.
3797 5053 3979 5119 Hinc
4024 5052 4080 5118 si
4123 5051 4389 5136 colligat

2424 5136 2736 5221 Pighius,
2783 5158 2952 5220 quae
2995 5138 3084 5204 sit
3128 5135 3317 5203 liberi
3359 5138 3615 5204 arbitrii
3658 5138 3965 5219 facultas,
4021 5146 4137 5203 aut
4178 5157 4387 5221 quan-

2426 5230 2571 5289 tum
2615 5244 2734 5307 per
2777 5244 2847 5289 se
2890 5223 3141 5303 valeat,
3202 5221 3396 5291 valde
3451 5232 3727 5309 argutus
3771 5225 3897 5290 erit
3938 5224 4383 5291 ratiocinator.
