4967 5992
372 337 446 398 97
1705 332 2364 403 osmomsmus
2411 332 3027 429 GENEvnNsffi.

1217 520 1481 575 n'unrm.

541 589 751 670 O’est,
850 610 933 654 116
977 587 1059 654 (16
1115 589 1261 654 16111
1304 611 1388 654 66
1431 590 1577 654 16111
1616 588 1680 654 16
1720 586 2050 672 Seigneur
2091 589 2320 654 multi-

370 677 497 778 plie
554 676 618 741 le
673 697 829 741 nom
873 694 945 740 re
1002 674 1082 740 de
1137 695 1241 741 ses
1293 675 1549 754 fideles,
1615 674 1773 760 qu'il
1838 683 2189 759 augmente
2240 673 2321 740 de

370 783 514 828 16111
568 783 651 828 66
705 762 853 827 iour
906 782 1009 826 ses
1063 782 1288 845 graces
1342 783 1458 827 sur
1500 783 1634 826 eux
1649 813 1665 839 ,
1724 762 1978 844 iusqu’a
2033 781 2106 827 ce
2162 760 2320 843 qu’il

368 848 462 914 les
517 849 611 912 ait
664 845 754 912 du
809 853 953 911 tout
1008 846 1304 929 remplis:
1365 847 1518 929 qu’il
1572 846 1946 913 esclarcisse
2004 847 2184 912 aussi
2238 845 2319 911 de

369 933 516 1018 plus
560 955 644 999 en
700 932 850 1016 plus
906 954 981 999 sa
1021 932 1260 998 verite:
1317 933 1475 1016 qu'il
1529 934 1874 998 manifeste
1929 954 2003 998 sa
2057 932 2317 998 iustice:

373 1019 533 1084 dont
590 1018 828 1097 Satan,
885 1025 953 1083 et
1004 1018 1100 1084 les
1159 1019 1460 1084 tenebres
1515 1018 1595 1083 de
1648 1040 1765 1083 son
1824 1040 2025 1102 regne
2081 1025 2322 1102 soyent

372 1104 748 1184 confonduz,
806 1112 873 1169 et
929 1125 1055 1187 que
1112 1111 1291 1169 toute
1347 1105 1621 1188 iniquite
1680 1105 1809 1169 soit
1853 1103 2207 1170 destruicte
2252 1111 2321 1168 et

372 1190 596 1257 abolie.

1162 1312 1228 1346 LE
1261 1311 1518 1346 lumenta.

546 1368 661 1442 [fol.
704 1366 812 1441 49]
854 1360 1014 1427 Gela
1056 1382 1142 1427 ne
1187 1383 1257 1425 se
1299 1361 1494 1425 fait-il
1533 1381 1653 1444 pas
1697 1361 1812 1427 des
1857 1368 1900 1427 a
1940 1360 2252 1444 present?

886 1484 897 1489 ’
1206 1464 1477 1517 L’rmrm.

543 1531 622 1599 Si
684 1534 805 1597 fait
867 1532 1019 1597 bien
1034 1584 1050 1611 ,
1119 1552 1203 1596 en
1259 1534 1485 1615 partie.
1576 1532 1750 1597 Mais
1806 1553 1972 1597 nous
2027 1529 2321 1598 desirons

371 1641 495 1705 que
550 1616 1127 1684 continuellement
1177 1618 1227 1682 11
1282 1619 1524 1682 6161666
1567 1623 1634 1682 66
1677 1618 1803 1682 6616
1846 1625 2125 1696 avance,
2184 1618 2319 1682 ius-

372 1727 498 1790 que
555 1713 597 1770 a
651 1726 723 1771 66
776 1703 929 1787 qu'il
983 1704 1223 1769 vienne
1272 1704 1655 1769 finalement
1711 1710 1753 1768 6
1814 1724 1888 1768 sa
1939 1704 2318 1787 perfection,

372 1792 485 1876 qui
537 1811 685 1856 sera
738 1811 824 1854 au
876 1790 1025 1855 iour
1068 1789 1156 1854 du
1211 1789 1591 1881 Iugement:
1650 1789 1891 1873 auquel
1945 1789 2120 1854 Dieu
2173 1809 2323 1855 sera

371 1878 587 1942 exalte
640 1875 810 1955 seul,
880 1883 945 1940 et
985 1882 1168 1940 toute
1208 1886 1506 1940 creature
1551 1896 1698 1940 sera
1751 1875 2066 1940 humilies
2121 1875 2321 1940 soubz

372 1984 442 2028 sa
605 1962 843 2027 ndeur:
904 1982 1152 2026 1666166
1206 1961 1255 2024 11
1311 1982 1459 2026 6616
1507 1966 1658 2025 tout
1701 1983 1785 2027 en
1831 1968 2047 2026 toutes
2091 1961 2320 2027 choses

372 2049 433 2133 (1
538 2070 630 2114 or.
676 2052 773 2127 15,
812 2046 946 2130 28).

1136 2169 1201 2202 uz
1236 2168 1490 2203 mmm.
1510 2150 1554 2214 ¹)

542 2218 893 2285 0616616116
947 2220 1280 2302 requiers-
1296 2227 1370 2282 tu
1415 2238 1541 2301 (1116
1596 2218 1663 2283 16
1706 2218 1975 2283 volunte
2020 2215 2100 2282 de
2143 2216 2321 2283 Dieu

366 2306 494 2371 soit
538 2303 773 2370 faicto?

1208 2406 1476 2459 n’mm.

544 2474 691 2557 Que
734 2482 948 2541 toutes
984 2480 1316 2540 creaturos
1347 2474 1466 2559 luy
1499 2481 1732 2557 soyent
1774 2474 2109 2553 subiettes,
2154 2495 2324 2557 pour

364 2563 486 2645 luy
532 2561 768 2627 rendre
814 2559 1209 2626 obeissance:
1258 2565 1327 2625 et
1370 2561 1538 2625 ainsi
1582 2581 1707 2642 que
1749 2567 1896 2625 tout
1938 2582 2008 2626 se
2042 2559 2184 2627 face
2220 2581 2321 2626 se-

364 2648 481 2713 lon
526 2669 645 2713 son
687 2648 820 2712 bon
861 2644 1105 2729 plaisir.

1167 2767 1233 2801 m
1265 2766 1523 2802 mmm.

540 2818 800 2883 Entens
846 2823 922 2881 tu
976 2828 1101 2899 que
1158 2816 1301 2881 rien
1358 2837 1428 2881 66
1491 2818 1708 2900 puisse
1760 2816 1922 2882 faire
1977 2826 2204 2883 contre
2247 2838 2322 2887 66

362 2902 683 2971 volunte?

1206 3004 1475 3059 n'nnrnvr.

537 3074 727 3141 Nous
793 3093 1153 3156 requerons
1230 3094 1363 3137 non
1435 3093 1553 3157 pas
1638 3073 2008 3138 seulement
2086 3095 2211 3156 que
2271 3074 2320 3138 il

362 3162 626 3227 ameine
677 3165 893 3225 6611666
945 3158 1179 3224 6116666
1236 3165 1277 3224 a
1333 3158 1424 3224 tel
1470 3161 1724 3242 poinct,
1779 3180 1904 3243 que
1960 3180 2033 3226 ce
2077 3160 2235 3242 qu'il
2281 3181 2322 3225 a

362 3246 731 3313 determine
774 3267 859 3309 en
903 3265 1023 3309 son
1065 3244 1307 3311 conseil
1350 3244 1700 3311 advienne:
1758 3244 1927 3310 mais
1974 3265 2099 3327 que
2142 3251 2321 3311 toute

363 3332 685 3400 rebellion
754 3330 1030 3396 abbatue
1047 3381 1062 3408 ,
1129 3329 1180 3394 il
1243 3350 1448 3414 renge
1512 3340 1726 3396 toutes
1782 3329 2092 3397 voluntez
2159 3338 2202 3397 a
2256 3330 2323 3397 la

362 3420 599 3484 sienne
635 3416 835 3483 seule.

1159 3536 1225 3571 m
1256 3536 1515 3571 mm.

540 3589 651 3653 En
708 3608 781 3652 ce
834 3588 1108 3664 faisant,
1166 3607 1250 3651 ne
1303 3606 1893 3670 renonqons-nous
1939 3608 2056 3670 pas
2113 3595 2155 3652 a
2196 3609 2320 3654 1166

360 3696 644 3759 propr-es
689 3673 1036 3739 voluntem?

1209 3775 1474 3829 L’Bnnnr.

541 3844 623 3911 Si
677 3846 949 3910 faisons:
1009 3855 1076 3909 et
1132 3864 1262 3908 non
1320 3843 1711 3923 seulement,
1769 3846 1903 3909 afin
1958 3844 2114 3927 qu’il
2169 3867 2318 3910 ren-

360 3952 561 3997 verse
625 3952 749 3996 noz
806 3930 1042 4009 desirs,
1109 3930 1219 4013 qui
1288 3930 1832 3995 contreviennent
1895 3937 1937 3995 6
2002 3952 2122 3996 666
2189 3931 2320 3996 1166

356 4017 626 4101 plaisir,
680 4017 777 4082 les
827 4015 1114 4081 rendans
1165 4014 1384 4091 mins,
1444 4023 1511 4080 et
1560 4014 1642 4080 de
1698 4014 1817 4080 nul
1869 4016 2091 4081 effect:
2149 4017 2318 4082 mais

356 4105 547 4169 aussi
589 4102 749 4185 qu'il
801 4110 945 4168 cree
992 4123 1079 4166 en
1130 4122 1295 4165 nous
1340 4121 1695 4167 nouveaux
1746 4101 1986 4184 espritz
2042 4108 2108 4167 et
2154 4124 2319 4168 nou-

353 4210 583 4254 veaux
624 4208 888 4276 cueurs:
931 4187 1270 4253 tellement
1311 4207 1436 4270 que
1467 4208 1633 4252 nous
1673 4208 1757 4252 ne
1783 4188 2132 4254 vueillions
2175 4189 2321 4254 rien

355 4273 437 4339 de
486 4295 663 4339 nous
705 4293 1017 4339 mesmes:
1075 4272 1240 4337 mais
1295 4293 1421 4355 que
1486 4293 1607 4337 son
1661 4273 1894 4358 Esprit
1948 4273 2190 4340 vueisse
2235 4297 2329 4365 0¹².

353 4380 553 4440 116116,
595 4380 765 4443 116111
798 4381 963 4425 116116
996 4359 1159 4424 faire
1197 4357 1603 4443 pleinement
1634 4360 1967 4424 consentir
1992 4381 2150 4427 avec
2186 4361 2316 4445 luy.

1165 4479 1233 4514 m
1265 4480 1522 4514 mm.

392 4616 406 4629 .
453 4532 897 4681 quourquoy
951 4529 1418 4608 adioustes-tu,
1475 4550 1556 4595 en
1612 4529 1679 4595 la
1721 4538 1895 4597 terre
1937 4552 2188 4598 comme
2233 4554 2319 4598 au

350 4637 451 4683 616

1207 4717 1474 4771 n'xnrm.

536 4785 865 4852 D'autant
917 4807 1041 4869 que
1098 4806 1203 4851 ses
1258 4793 1588 4851 6166611166
1642 4785 1940 4865 celestes,
1999 4788 2112 4869 qui
2169 4793 2319 4851 sont

350 4892 461 4939 ees
525 4874 792 4957 Auges,
851 4893 934 4936 66
986 4870 1344 4937 cherchent
1393 4875 1544 4955 qu'a
1597 4870 1717 4957 luy
1779 4870 1959 4937 obeir
2011 4872 2318 4955 paisible-

346 4966 575 5035 ment,
621 4978 773 5023 66116
825 4957 1101 5041 quelque
1154 4958 1539 5023 contrariete
1552 5007 1569 5037 ,
1625 4977 1793 5023 nous
1851 4956 2146 5024 desirons
2191 4979 2318 5041 que

4293 346 4380 408 98

3327 540 3480 578 runt..

2600 595 2718 671 [fol.
2765 595 2872 669 60]
2916 590 3012 659 Ut
3062 590 3355 657 fidelium
3408 614 3764 657 numerum
3817 590 3890 659 in
3948 595 4087 662 dies
4143 605 4384 683 augeat

2425 674 2784 755 Dominus,
2845 688 2924 741 ut
2976 678 3166 743 novis
3222 677 3500 743 subinde
3556 678 3829 761 spiritus
3877 682 3980 746 sui
4036 680 4226 748 donis
4271 705 4382 750 666

2425 760 2734 840 6116111166,
2758 762 2962 829 (16666
2990 784 3257 845 11161666
3286 763 3678 847 impleverit.
3725 765 3836 831 Ad
3877 767 4038 832 hacc
4070 775 4147 832 ut
4189 790 4380 834 suam

2425 849 2770 913 veritatem
2830 846 2912 913 ad
2969 848 3406 916 discutiendas
3461 847 3748 916 Satanae
3801 852 4107 919 tenebras
4163 856 4381 939 magis

2425 954 2501 999 ac
2535 934 2749 1017 magis
2792 933 3076 999 lucidam
3131 936 3673 1019 conspicuamque
3728 935 3992 1004 reddat:
4061 946 4139 1004 ut
4190 940 4381 1007 iusti-

2425 1019 2585 1083 tiam
2640 1041 2828 1093 suam
2874 1020 3262 1103 proferendo
3306 1021 3722 1104 iniquitatem
3766 1044 4029 1088 omnem
4070 1026 4346 1092 aboleat.

3273 1312 3531 1348 mm

2598 1361 2834 1427 Nonne
2877 1361 3164 1446 quotidie
3207 1364 3380 1428 fiunt
3417 1362 3580 1430 haec
3625 1366 3885 1430 omnia?

3323 1484 3475 1519 PUER-

2598 1532 2809 1597 Fiunt
2865 1554 2940 1597 eo
2983 1531 3206 1613 modo,
3260 1540 3335 1597 ut
3375 1535 3760 1600 inchoatum
3804 1536 3933 1603 (1161
3982 1539 4186 1620 1166616
4227 1560 4380 1625 reg-

2426 1639 2588 1682 num
2641 1618 2787 1683 Dei.
2879 1616 3203 1701 Optamus
3261 1640 3418 1703 ergo
3433 1671 3450 1700 ,
3524 1628 3600 1684 ut
3665 1620 3927 1687 assidue
3995 1631 4246 1690 crescat
4301 1647 4379 1692 ao

2425 1704 2849 1787 provehatur,
2884 1703 3086 1770 donec
3120 1703 3204 1769 ad
3241 1725 3570 1771 summum
3608 1706 3942 1791 &stigium
3973 1712 4379 1794 pervenerit:

2469 1789 2599 1854 uod
2655 1788 2888 1854 ultimo
2943 1789 3207 1854 demum
3276 1790 3382 1855 die
3447 1790 3743 1856 futurum
3805 1815 4177 1876 speramus,
4247 1819 4379 1880 quo

2496 1896 2613 1940 eus
2656 1874 2834 1941 solus
2851 1927 2867 1953 ,
2925 1875 3226 1942 omnibus
3283 1878 3600 1943 creaturis
3650 1879 3719 1943 in
3779 1879 4078 1945 ordinem
4120 1883 4380 1963 coactis,

2426 1960 2827 2111 ‘'Pffstssbimf
2864 1967 2931 2026 et
2972 1962 3314 2041 eminebit,
3362 1962 3653 2046 adeoque
3697 1965 3823 2029 erit
3865 1967 4086 2030 omnia
4127 1969 4198 2033 in
4240 1990 4382 2033 om-

2425 2069 2498 2110 m
2543 2068 2641 2111 us.
4421 2065 4431 2069 “

3271 2169 3528 2204 2111(ssssss-

2603 2215 2798 2297 Quod
2841 2218 3040 2300 petis,
3096 2224 3173 2282 ut
3214 2219 3343 2283 Dei
3387 2219 3690 2284 voluntas
3732 2222 3870 2302 fiat,
3915 2243 4109 2305 quem
4158 2223 4228 2289 id
4246 2216 4384 2291 ⁵ha-

2426 2302 2540 2368 bet
2582 2302 2893 2368 sensum?

3328 2425 3479 2461 tumr..

2600 2473 2693 2540 Ut
2734 2475 2809 2537 in
2852 2474 2993 2540 eius
3036 2474 3417 2557 obsequium
3453 2476 3846 2559 subigantur
3879 2486 4217 2546 creaturae
4239 2503 4382 2549 om-

2429 2580 2577 2639 nes,
2634 2558 3092 2643 pendeantque
3146 2561 3241 2626 ita
3295 2582 3379 2625 ex
3430 2561 3574 2627 eius
3634 2570 3835 2642 nutu,
3905 2584 3990 2629 ne
4041 2564 4200 2648 quid
4246 2569 4380 2635 nisi

2426 2646 2633 2729 ipsius
2677 2645 2948 2711 arbitrio
2990 2647 3125 2710 fiat.
3437 2664 3444 2673 ·

3272 2766 3530 2801 mIB'I'ER.

2596 2816 2868 2900 Ergone
2902 2817 3047 2883 fieri
3092 2815 3447 2900 quidquam
3480 2825 3740 2899 praeter
3783 2819 3924 2885 eius
3969 2820 4384 2889 voluntatem

2426 2923 2618 2985 posse
2661 2901 2908 2969 sentis?

3329 3023 3480 3059 Ptmn.
4015 3020 4022 3031 “

2599 3073 2665 3139 N
2665 3096 2752 3140 on
2806 3082 3109 3158 optamus
3161 3079 3452 3151 tantum,
3507 3081 3585 3139 ut
3636 3075 3812 3159 quod
3866 3075 4159 3144 decrevit
4201 3078 4381 3162 apud

2426 3180 2497 3225 se
2541 3159 2833 3225 eveniat:
2898 3158 3013 3225 66(1
3049 3160 3249 3224 6616111
3289 3166 3365 3225 116
3408 3157 3655 3226 domita
3699 3160 4176 3247 subiugataque
4197 3165 4383 3230 omni

2426 3245 2864 3323 contumacia,
2922 3266 3148 3310 omnes
3204 3246 3496 3310 omnium
3548 3247 3921 3313 voluntates
3977 3269 4136 3314 suae
4179 3250 4384 3316 subii-

2426 3330 2576 3409 ciat,
2615 3336 2684 3395 et
2725 3331 2795 3396 in
2830 3330 2972 3396 eius
3015 3329 3452 3396 obedientiam
3496 3339 3857 3415 componat.

2428 3674 2566 3739 dim
2600 3589 2711 3736 A?
2754 3608 2890 3654 non
2933 3587 3029 3652 ita
3071 3537 3737 3671 preoafflosssssopriis
3786 3588 4231 3655 voluntatibus
4276 3612 4386 3657 ce-

2569 3696 2644 3741 us

3327 3794 3477 3830 PUER-

2598 3844 2912 3912 Omnino:
2959 3866 3170 3928 neque
3201 3846 3269 3910 in
3304 3844 3483 3909 hunc
3519 3850 3781 3908 tantum
3812 3846 4030 3925 finem,
4075 3851 4153 3910 ut
4179 3866 4379 3929 quae-

2426 3953 2681 4016 cunque
2706 3951 2855 3997 cum
2890 3952 3010 3996 sua
3032 3931 3371 3997 voluntate
3393 3937 3693 4015 pugnant
3726 3931 3801 3994 in
3838 3931 4024 3996 nobis
4057 3930 4380 3997 desideria

2424 4018 2616 4083 irrita
2670 4017 2893 4083 faciat:
2951 4014 3069 4083 sed
3120 4018 3318 4081 etiam
3375 4021 3453 4080 ut
3504 4036 3711 4081 novas
3763 4017 3833 4080 in
3876 4015 4066 4082 nobis
4099 4025 4375 4098 mentes,

2424 4124 2728 4187 novaque
2791 4102 2990 4169 corda
3039 4102 3309 4167 formet:
3373 4123 3456 4167 ne
3523 4101 3679 4184 quid
3739 4101 4016 4166 velimus
4085 4106 4204 4180 [fol.
4266 4107 4376 4184 61]

2423 4191 2550 4274 ipsi
2591 4211 2631 4256 a
2673 4187 2892 4268 nobis,
2948 4188 3063 4254 sed
3107 4187 3378 4271 spiritus
3431 4188 3650 4271 potius
3705 4187 3846 4251 eius
3904 4187 4073 4251 votis
4129 4187 4376 4254 nostris

2423 4277 2688 4360 praesit,
2734 4281 2811 4340 ut
2847 4273 3111 4359 plenam
3159 4273 3448 4339 habeant
3490 4294 3637 4338 cum
3672 4270 3816 4336 Deo
3862 4274 4374 4341 consensionem.

2600 4531 2739 4597 Cur
2778 4530 2851 4595 id
2893 4532 2965 4595 in
3009 4536 3185 4595 terra
3228 4479 3617 4612 fiffimgffias,
3654 4529 3825 4594 sicut
3862 4529 3932 4592 16
3976 4527 4198 4594 coelo?

2597 4785 2930 4870 Quoniam
2982 4785 3107 4849 1166
3158 4733 3829 4867 111111111Ἳ161166161116
3873 4782 4119 4851 11611666
4161 4786 4375 4851 666661

2423 4873 2670 4958 angeli,
2729 4873 2840 4955 qui
2884 4870 3196 4937 coelestes
3239 4876 3395 4936 sunt
3436 4870 3580 4935 eius
3623 4876 3993 4950 creaturae,
4038 4878 4115 4934 ut
4155 4869 4258 4935 1111
4299 4871 4371 4937 in

2421 4959 2725 5025 omnibus
2770 4954 3235 5040 obsequantur,
3286 4957 3547 5040 sintque
3598 4976 3857 5039 semper
3913 4962 3981 5019 et
4036 4952 4208 5021 dicto
4252 4977 4370 5021 au-

682 5164 739 5224 l)
780 5164 857 5217 Le
890 5163 976 5217 40.
1011 5163 1305 5218 dimanche.
1344 5190 1410 5200 --
1446 5163 1529 5217 La
1563 5165 1859 5219 troisicsme
1894 5172 2172 5232 requeste:
2211 5169 2476 5219 comment
2511 5162 2565 5215 la
2599 5162 2821 5218 volante
2856 5161 2924 5217 de
2947 5160 3086 5216 Dieu
3122 5161 3235 5217 doit
3258 5168 3402 5218 estre
3425 5161 3738 5229 accomplie.
3772 5185 3840 5201 -·
3875 5159 4372 5215 Renouvellement.

345 5259 423 5275 —›
458 5232 709 5287 Volunt(-
746 5233 813 5286 de
849 5233 987 5287 Dieu
1022 5232 1286 5287 faicte‘au
1324 5233 1439 5286 ciel.

588 5315 808 5372 Calvina·
838 5333 1020 5386 opera.
1086 5317 1199 5372 Vol.
1246 5317 1342 5372 VI.

3917 5307 3955 5363 7
