4967 5992
423 314 543 374 377

421 509 1015 582 temperamentum
1031 551 1045 578 ,
1090 498 1293 566 donec
1335 500 1525 567 nobis
1567 500 1942 584 probaverit
1955 551 1970 578 ,
2017 522 2058 564 a
2100 499 2377 583 promis-

422 584 714 650 sionibus
755 586 1004 651 remitti
1060 607 1181 651 nos
1222 586 1302 651 ad
1347 586 1592 671 legem,
1651 594 1728 651 ut
1770 586 1860 651 ibi
1911 585 2228 651 iustitiam
2273 606 2378 649 re-

419 669 771 753 periamus,
817 671 988 737 sicut
1020 671 1130 737 lex
1174 672 1258 736 ad
1283 672 1750 756 promissiones
1785 693 1904 737 nos
1945 692 2150 735 manu
2178 669 2375 735 ducit.

422 753 616 836 Quod
644 758 1091 822 convertimur
1116 757 1199 822 ab
1230 758 1578 842 iniquitate
1613 756 1696 823 ad
1738 757 2078 836 iustitiam,
2124 777 2259 821 non
2294 776 2379 821 ex

420 849 702 907 naturae
753 850 1019 908 nostrae
1076 844 1400 926 potentia,
1470 842 1585 909 sed
1654 843 1904 928 gratiae
1973 863 2133 907 suae
2188 841 2375 919 dono,

418 927 640 1011 palam
679 928 864 993 Deus
895 936 1192 994 testatur.
1262 931 1458 995 Nunc
1499 929 1667 994 illud
1702 936 2043 995 convertat
2077 925 2375 1011 Pighius,

420 1014 478 1079 si
520 1021 762 1096 potest,
818 1035 895 1079 ac
949 1016 1352 1096 reciprocum
1402 1016 1626 1082 faciat:
1683 1035 1820 1079 non
1875 1035 1957 1079 ex
2015 1035 2181 1097 puro
2235 1033 2377 1077 6886

421 1098 673 1184 gratiae
727 1097 925 1180 dono,
982 1100 1095 1166 sed
1162 1109 1439 1166 naturae
1484 1102 1746 1167 virtute.
1835 1100 1982 1164 Imo
2036 1119 2240 1182 quum
2297 1098 2377 1163 de

417 1182 609 1250 nobis
637 1184 929 1268 loquitur
962 1184 1310 1265 Dominus,
1356 1207 1442 1252 ne
1476 1194 1729 1271 guttam
1777 1186 2042 1269 quidem
2072 1184 2228 1249 boni
2260 1206 2377 1248 no-

417 1270 520 1336 bis
575 1269 922 1353 relinquit;
981 1293 1192 1355 neque
1243 1293 1364 1338 nos
1416 1273 1823 1337 infirmitatis
1881 1279 2140 1336 tantum
2191 1269 2376 1335 dam-

411 1365 565 1433 nat,
624 1355 740 1421 sed
796 1362 1002 1422 totam
1055 1359 1321 1424 virtutis
1376 1367 1637 1424 nostrae
1681 1358 2053 1441 opinionem
2087 1355 2157 1420 in
2203 1354 2379 1419 nihi-

416 1441 557 1505 lum
611 1441 872 1525 redigit.
963 1440 1248 1509 Desinat
1302 1464 1458 1529 ergo
1502 1443 1817 1528 Pighius,
1879 1443 2148 1507 noxiam
2209 1441 2381 1505 hanc

416 1536 485 1592 et
517 1534 906 1593 venenatam
941 1548 1129 1593 suam
1165 1531 1524 1595 mixturam
1563 1530 1751 1595 nobis
1784 1539 2152 1612 temperare
2159 1551 2178 1607 ;
2213 1548 2380 1610 (11166

415 1633 551 1677 606
586 1612 713 1677 6110
753 1620 1022 1696 81166161,
1070 1615 1198 1680 6181
1232 1624 1307 1681 ut
1349 1616 1680 1680 hominem
1723 1616 1795 1679 in
1833 1616 1960 1680 Dei
2005 1614 2378 1679 societatem

415 1697 730 1781 erigendo
785 1721 868 1764 ex
933 1699 1166 1766 altiore
1220 1701 1360 1768 1060
1426 1723 1580 1767 61116
1640 1701 1910 1785 gravius
1974 1699 2376 1783 praecipitet.

415 1781 596 1864 Quid
642 1784 821 1850 enim
865 1784 988 1850 sibi
1033 1786 1211 1852 aliud
1261 1788 1497 1853 volunt
1539 1788 1681 1852 61118
1725 1787 1959 1865 verba,
2015 1786 2142 1851 nisi
2187 1792 2266 1848 ut
2306 1785 2378 1848 16

412 1889 614 1951 opere
670 1871 965 1936 omnium
1018 1872 1596 1951 excellentissime,
1654 1873 1777 1938 hoc
1816 1881 1946 1950 est,
2000 1873 2073 1935 in
2119 1872 2379 1936 animae

409 1956 924 2037 resurrectione,
989 1959 1296 2041 aequales
1364 1958 1604 2024 habeat
1667 1965 1890 2041 partes
1964 1957 2160 2021 homo
2227 1975 2380 2020 cum

408 2040 603 2105 Deo?
692 2041 1157 2118 Convertitur,
1206 2048 1354 2125 [pag.
1394 2047 1546 2123 201]
1590 2043 1838 2126 inquit,
1877 2042 2076 2107 homo
2118 2062 2160 2106 a
2199 2041 2376 2106 Deo:

412 2124 533 2191 sed
568 2127 710 2211 ipse
744 2128 1178 2194 nihilominus
1206 2151 1278 2195 se
1319 2131 1670 2196 convertit:
1719 2129 2041 2212 crucifigit
2082 2135 2375 2192 veterem

408 2211 780 2293 hominem,
839 2233 1105 2279 earnem
1156 2235 1342 2280 suam
1394 2216 1744 2280 mortificat
1760 2266 1775 2292 ,
1831 2222 2112 2279 renovat
2151 2233 2252 2290 se,
2309 2221 2377 2277 et

405 2295 637 2361 induit
677 2319 925 2363 novum
971 2300 1330 2381 hominem,
1376 2308 1711 2383 utcunque
1755 2321 1796 2365 a
1839 2301 1983 2365 Deo
2026 2298 2226 2364 simul
2270 2320 2402 2363 re-.

404 2390 716 2447 novetur.
781 2384 1290 2451 Circumciditur
1333 2408 1373 2451 a
1414 2386 1578 2464 Deo,
1624 2385 1832 2450 nihilo
1877 2394 2106 2450 tamen
2147 2385 2371 2449 minus

402 2466 826 2533 circumcidit
899 2491 971 2535 se
1036 2471 1270 2553 ipsum.
1361 2473 1453 2537 Et
1515 2492 1642 2553 quo
1716 2468 2137 2536 fundamento
2198 2468 2373 2534 hanc

402 2552 881 2635 aequalitatem
923 2554 1149 2621 fulcit?
1219 2556 1414 2638 Quod
1459 2558 1633 2623 sicut
1674 2556 1839 2622 haec
1862 2557 2100 2621 omnia·
2126 2577 2196 2621 se
2238 2556 2371 2621 fac-

404 2645 644 2702 turum
685 2639 760 2703 in
799 2640 1062 2706 homine
1101 2645 1427 2726 promittit
1461 2644 1662 2722 Deus,
1707 2643 1804 2708 ita
1835 2641 1918 2707 ab
1959 2640 2226 2706 homine
2266 2661 2371 2705 re-

405 2724 643 2806 quirit,
700 2733 775 2789 ut
829 2727 1040 2791 faciat.
1130 2729 1225 2793 At
1277 2730 1739 2812 promissiones
1792 2750 1928 2793 non
1980 2726 2172 2792 modo
2216 2726 2373 2809 quid

404 2811 644 2893 possit,
699 2810 813 2876 sed
857 2810 1014 2894 quid
1069 2814 1268 2879 faciat
1309 2814 1529 2895 Deus,
1587 2821 1766 2880 certo
1810 2813 2255 2897 pronunciant
2297 2833 2373 2878 ac

407 2894 757 2960 definiunt.
847 2897 996 2963 Lex
1052 2907 1273 2964 autem
1318 2920 1451 2965 non
1509 2900 1592 2965 ad
1637 2897 2115 2965 testificandam
2161 2898 2371 2962 homi-

405 2982 516 3047 nis
561 2982 896 3062 virtutem,
943 2983 1057 3049 sed
1096 2984 1181 3049 ad
1211 2985 1671 3051 infirmitatem
1711 2987 1930 3069 potius
1965 2983 2371 3069 arguendam

406 3064 570 3132 data
611 3074 728 3146 est,
774 3077 850 3133 ut
890 3072 1258 3154 praeceptis
1303 3071 1676 3137 admonitus
1720 3093 1792 3137 se
1834 3071 2003 3136 nihil
2045 3090 2253 3153 posse,
2298 3071 2370 3134 in

404 3151 541 3218 Dei
584 3152 985 3236 fortitudine,
1029 3176 1165 3221 non
1211 3178 1333 3223 sna
1375 3158 1729 3223 recumbat.

585 3239 794 3305 Porro
848 3238 1022 3323 quod
1076 3241 1317 3326 lapidei
1374 3242 1588 3309 cordis
1631 3241 2068 3326 appellatione
2113 3239 2371 3307 ostendi

405 3325 736 3404 existimo,
784 3325 954 3391 nihil
998 3349 1290 3410 unquam
1334 3328 1487 3394 boni
1531 3349 1918 3411 expressum
1960 3328 2044 3392 iri
2089 3350 2129 3392 a
2173 3325 2369 3392 corde

404 3419 671 3489 nostre,
727 3413 856 3476 nisi
901 3414 1164 3495 penitus
1208 3413 1384 3479 aliud
1429 3416 1574 3492 fiat,
1622 3414 1951 3479 exclamat
1989 3412 2225 3479 similis
2269 3420 2368 3475 at-

403 3498 641 3574 tonite,
687 3518 757 3563 se
790 3519 926 3563 non
958 3519 1193 3583 capere
1226 3501 1444 3583 qualia
1473 3501 1611 3566 sint
1642 3499 1802 3565 haec
1835 3506 2153 3581 portenta.
2220 3498 2369 3581 Ego

401 3604 570 3648 vero
584 3635 600 3661 ,
657 3584 783 3649 nisi
837 3586 1072 3650 scirem
1110 3585 1447 3664 hominem
1501 3585 1682 3651 rabie
1737 3593 2156 3651 excaecatum
2204 3581 2370 3647 nihil

400 3689 698 3749 cernere,
740 3667 1017 3753 ideoque
1061 3672 1325 3737 arbores
1341 3724 1357 3752 ,
1397 3692 1652 3755 pecora,
1696 3679 1960 3749 terram,
2005 3689 2224 3735 aerem
2267 3669 2369 3752 ip·

403 3777 558 3820 sum
573 3806 589 3832 ,
636 3764 752 3820 aut
794 3755 1112 3841 quidquid
1156 3756 1421 3822 obvium
1465 3759 1681 3836 fuerit,
1726 3777 1846 3841 pro
1887 3755 2078 3822 hoste
2123 3764 2368 3820 temere

401 3841 628 3918 ferire,
673 3842 954 3907 mirarer
996 3843 1171 3908 unde
1216 3853 1439 3909 tantus
1483 3843 1581 3908 illi
1627 3851 1873 3927 stupor,
1918 3852 1994 3907 ut
2036 3850 2173 3907 tam
2216 3862 2368 3925 pro-

399 3927 730 4012 digiosam
786 3928 995 3994 facilis
1055 3929 1497 4014 simplicisque
1550 3930 1914 3995 sententiae
1974 3930 2368 4011 interpreta-

399 4015 659 4078 tionem
739 4014 1156 4098 confingeret.
1244 4016 1549 4100 Longam
1618 4017 1796 4080 enim
1861 4012 2368 4097 disputationem

399 4098 695 4178 orditur,
741 4109 816 4163 ut
859 4100 1073 4165 cordis
1116 4100 1554 4166 substantiam
1594 4121 1729 4165 non
1775 4099 1948 4179 tolli,
1995 4099 2109 4165 sed
2156 4099 2365 4183 quali·

397 4193 615 4250 tatem
677 4186 922 4250 mutari
979 4205 1055 4251 ac
1118 4186 1360 4251 vitium
1417 4188 1656 4271 corrigi
1722 4185 1968 4270 probet.
2059 4184 2254 4266 Quod
2309 4185 2364 4249 si

398 4270 699 4336 rationes
740 4292 874 4336 non
917 4272 1253 4338 sufficiant
1267 4323 1282 4350 ,
1336 4273 1669 4339 Ambrosii
1713 4271 2092 4339 testimonio
2130 4272 2366 4337 confir-

395 4366 565 4436 mat,
612 4376 749 4421 non
791 4357 938 4422 fieri
980 4380 1225 4424 novum
1264 4359 1655 4442 figmentum
1670 4410 1685 4435 ,
1742 4368 1857 4425 aut
1900 4377 2142 4424 novam
2184 4378 2365 4422 crea·

395 4455 660 4519 turam,
719 4443 835 4507 sed
891 4444 1124 4508 vitium
1183 4450 1446 4508 tantum
1500 4444 1745 4509 auferri
1843 4444 1973 4509 uod
2030 4464 2070 4507 a
2124 4453 2365 4508 natura

397 4548 544 4592 non
578 4536 736 4593 erat.
807 4527 955 4609 Quo
997 4531 1285 4612 praemio
1318 4529 1596 4613 dignum
1629 4551 1773 4595 esse
1851 4549 2023 4609 ucas,
2069 4530 2182 4612 qui
2227 4538 2362 4594 tam

395 4613 780 4679 abstrusam
861 4616 1307 4698 quaestionem
1384 4616 1477 4681 sic
1557 4614 1977 4680 enucleavit?
2066 4618 2162 4679 At
2240 4636 2276 4679 e

399 4698 554 4765 dico
571 4751 587 4776 ,
639 4700 786 4765 fieri
819 4722 1067 4766 novum
1107 4720 1248 4766 cor:
1283 4701 1674 4766 Ambrosius
1710 4699 2062 4783 quidquam
2097 4700 2167 4765 in
2205 4721 2282 4765 su

396 4786 657 4851 stantia
699 4787 941 4851 mutari
989 4794 1209 4871 negat.
1301 4785 1510 4867 Quasi
1553 4807 1710 4852 vero
1753 4785 2061 4852 credibile
2104 4786 2209 4864 sit,
2254 4807 2361 4852 me

392 4870 850 4937 substantiam
915 4872 1129 4939 cordis
1191 4872 1516 4957 lapideam
1570 4872 1919 4956 imaginari
1971 4872 2043 4936 in
2095 4871 2360 4936 homine

391 4955 704 5022 nondum
754 4966 1003 5023 renato.
1095 4958 1226 5024 Cor
1275 4980 1358 5023 ex
1412 4956 1668 5043 lapideo
1722 4979 1922 5043 quum
1992 4958 2148 5023 dicit
2209 4978 2358 5040 pro-

389 5043 614 5126 pheta
661 5063 974 5108 carneum
1016 5044 1187 5124 fieri,
1247 5053 1440 5111 extra
1494 5045 1764 5111 dubium
1808 5051 1909 5109 est
1945 5043 2188 5128 Pighio
2203 5095 2220 5123 ,
2279 5041 2359 5108 de

389 5127 725 5212 qualitate
764 5126 833 5193 id
876 5149 1019 5195 esse
1059 5129 1581 5215 intc'ligendum.
1661 5128 1884 5213 Quum
1930 5130 2076 5197 dico
2119 5130 2358 5194 mutari

391 5221 524 5280 aut
559 5214 705 5279 fieri
747 5214 945 5295 aliud,
990 5214 1071 5281 de
1108 5217 1478 5300 subs-tantia
1518 5237 1626 5283 me
1659 5217 1834 5300 loqui
1865 5217 2356 5301 interpretatur.

1815 315 1826 326 '
1904 310 2035 377 DE
2078 311 2435 378 LIBERO
2478 311 2953 379 ARBI'PRIO.

4319 325 4445 388 378

2484 504 2634 578 [pag.
2685 506 2837 581 202]
2894 502 3077 585 Ergo
3135 524 3337 587 quum
3404 504 3571 586 petit
3625 503 3846 571 David
3905 507 4111 592 (Psal.
4168 514 4271 585 51,
4316 511 4441 593 12),

2483 604 2597 650 cor
2640 584 2964 651 mundum
2998 591 3207 654 creari
3248 591 3317 654 in
3365 610 3454 670 86,
3502 599 3570 654 61
3613 592 3923 673 spiritum
3958 603 4216 659 rectum
4250 595 4443 661 inno·

2482 672 2630 737 vari
2674 673 2743 735 in
2788 673 3154 740 visceribus
3198 675 3364 754 suis,
3419 677 3571 758 quis
3623 676 3863 742 horum
3917 679 4271 745 verborum
4314 682 4444 745 erit

2483 757 2758 822 sensus?
2850 757 2983 823 Cor
3026 781 3275 825 novum
3317 763 3542 840 creari,
3589 784 3673 827 an
3719 783 3847 827 non
3897 764 4076 829 valet
4121 777 4443 848 quantum

2484 841 2664 906 aliud
2702 843 2896 907 fieri?
2965 842 3026 909 O
3068 846 3365 911 ieiunum
3409 846 3969 927 calumniatorem,
4013 851 4125 933 qui
4168 857 4306 916 tam
4349 851 4444 916 le-

2482 949 2600 993 ves
2643 949 2720 994 ac
2761 929 2955 994 nihili
2996 929 3278 1015 ineptias
3310 930 3394 997 ad
3439 932 3965 1000 maledicendum
3993 937 4238 1020 captat!
4308 935 4444 1003 Sed

2480 1013 2891 1096 ingeniosam
2957 1017 3391 1100 muscipulam
3458 1019 3789 1103 excogitat
3806 1019 3844 1098 ,⁴
3890 1041 4086 1103 (111616
4152 1022 4444 1107 effugere

2482 1119 2589 1162 me
2643 1099 2826 1163 nullo
2880 1100 3074 1166 modo
3132 1122 3321 1185 posse
3378 1104 3500 1169 sibi
3556 1104 3924 1187 persuadet.
4013 1107 4189 1172 Nam
4241 1130 4443 1192 quum

2480 1204 2592 1249 me
2634 1204 2887 1268 quoque
2932 1193 3127 1264 teste,
3181 1210 3291 1253 cor
3336 1190 3743 1255 voluntatem
3786 1192 4130 1275 significet,
4167 1193 4248 1258 (16
4292 1203 4444 1260 actu

2480 1270 2849 1336 voluntatis
2906 1273 3112 1355 accipi
3170 1295 3299 1338 non
3371 1284 3588 1357 potest
3627 1276 3799 1358 quod
3844 1276 4006 1343 dico.
4098 1276 4441 1361 Siquidem

2481 1356 2551 1419 in
2596 1377 2842 1421 vanum
2901 1356 3103 1422 verba
3145 1359 3637 1442 profunderem,
3695 1363 3749 1427 81
3794 1371 4053 1428 tantum
4110 1364 4285 1429 mala
4329 1364 4442 1431 de-

2484 1440 2724 1506 sideria
2778 1453 3077 1525 oportere
3121 1444 3364 1510 aboleri
3409 1445 3710 1511 dicerem.
3802 1448 4037 1513 Restat
4077 1449 4311 1533 igitur,
4368 1459 4442 1516 ut

2486 1525 2568 1590 de
2628 1529 2921 1610 potentia
2974 1527 3121 1608 illa,
3185 1551 3315 1614 (1116
3369 1531 3705 1611 volumus,
3760 1532 4097 1613 nolumus,
4164 1534 4438 1615 odimus,

2485 1632 2815 1692 amamus,
2872 1616 3170 1680 sentiam.
3259 1615 3494 1698 Nuper
3537 1617 3619 1681 de
3663 1616 4032 1684 substantia
4070 1642 4438 1687 sermonem

2484 1696 2794 1778 habebat,
2872 1720 3050 1766 nunc
3115 1701 3436 1767 transsilit
3509 1701 3592 1767 ad
3656 1705 4037 1786 potentiam.
4129 1704 4326 1786 Quod
4382 1709 4440 1773 si

2481 1804 2626 1848 rem
2670 1804 2873 1848 unam
2916 1805 2987 1850 se
3032 1785 3377 1871 designare
3415 1788 3519 1853 his
3563 1787 3817 1855 duobus
3856 1790 4079 1856 verbis
4114 1799 4435 1870 causetur,

2482 1889 2829 1952 perperam
2861 1891 3018 1954 ergo
3051 1872 3473 1937 Ambrosium
3522 1871 3791 1940 adducit
3821 1875 3932 1958 (1111
3980 1878 4100 1942 sub
4137 1878 4437 1961 figmenti

2484 1963 2552 2018 et
2605 1965 2946 2020 creaturae
3006 1955 3224 2022 verbis
3331 1958 3435 2023 1118
3496 1959 3742 2042 aliquid
3810 1982 4008 2043 quam
4077 1965 4439 2046 potentiam

2482 2039 3095 2123 comprehendebat.
3187 1979 3330 2108 863
3375 2043 3601 2110 valeat
3657 2045 3853 2111 illud:
3909 2051 4438 2131 consequentiam

2482 2134 2735 2206 autem,
2809 2148 2938 2209 qua
2994 2149 3101 2192 me
3154 2128 3398 2212 absque
3463 2129 3598 2194 ullo
3653 2131 3897 2215 effugio
3952 2136 4163 2199 teneri
4222 2136 4437 2215 iactat,

2479 2210 2703 2276 valere
2746 2231 2931 2295 nego.
3020 2215 3134 2278 An
3179 2222 3317 2279 tam
3371 2212 3553 2280 rudis
3598 2215 3813 2282 adhuc
3858 2227 3961 2282 est
3998 2218 4310 2303 Pighius,
4366 2228 4440 2285 ut

2475 2296 2652 2362 inter
2695 2297 3053 2365 voluntatis
3089 2299 3543 2380 substantiam,
3590 2308 3706 2366 aut
3745 2302 4006 2368 volendi
4037 2304 4434 2383 facultatem,

2477 2391 2547 2448 et
2590 2392 2794 2462 actus,
2844 2384 2945 2448 vel
2990 2385 3262 2450 effectus
3304 2386 3496 2468 ipsos,
3543 2386 3713 2451 nihil
3746 2387 4036 2453 medium
4079 2391 4434 2474 agnoscat?

2478 2467 2677 2533 Certe
2722 2468 3154 2535 vehementer
3193 2492 3300 2535 me
3341 2470 3611 2555 decepit.
3689 2472 4014 2539 Putabam
4060 2476 4254 2553 enim,
4301 2478 4436 2559 pri-

2475 2555 2605 2619 mis
2636 2553 2868 2619 saltem
2912 2553 3287 2622 dialecticae
3318 2556 3712 2623 rudimentis
3754 2559 4169 2625 instructum.
4237 2559 4434 2627 Nunc

2472 2637 2686 2719 video,
2715 2647 2783 2704 et
2800 2640 3122 2706 bonarum
3145 2642 3407 2720 artium,
3433 2652 3499 2707 et
3518 2645 3884 2710 communis
3907 2665 4139 2711 sensus
4161 2667 4433 2729 prorsus

2476 2734 2833 2809 expertem.
2924 2724 3265 2810 Siquidem
3323 2750 3516 2793 nemo
3573 2738 3708 2794 tam
3763 2740 3864 2795 est
3926 2730 4226 2797 indoctus
4241 2783 4257 2810 ,
4321 2734 4433 2816 qui

2474 2833 2608 2875 non
2706 2811 3007 2877 habitum
3093 2812 3310 2878 medio
3402 2814 3541 2879 loco
3629 2816 4008 2882 constituat.
4098 2816 4433 2898 Quorsum

2476 2898 2657 2961 enim
2712 2896 2878 2962 istae
2942 2898 3253 2982 loquendi
3309 2900 3655 2979 formulae,
3724 2901 3835 2966 vir
3891 2903 4044 2967 boni
4099 2915 4214 2968 aut
4278 2903 4431 2968 mali

2475 2983 2699 3061 animi,
2740 2983 2869 3047 nisi
2914 2983 2997 3048 ad
3086 2984 3431 3050 ualitatem
3474 2984 3935 3052 indicandam?
4002 2988 4233 3072 Neque
4276 3011 4432 3055 vero

2473 3067 2546 3132 id
2598 3075 2951 3133 tacueram.
3108 3092 3215 3134 am
3271 3078 3597 3154 quantum
3646 3072 3731 3137 ad
3774 3082 4190 3156 praesentem
4233 3096 4431 3159 quae—

2474 3155 2786 3234 stionem,
2859 3154 3277 3220 Bernardum
3358 3165 3675 3239 sequutus
3752 3161 3879 3222 tria
3959 3157 4431 3226 consideranda

2473 3259 2966 3321 proposueram:
3026 3240 3200 3306 velle
3239 3262 3358 3323 per
3410 3262 3509 3320 86,
3568 3252 3681 3309 aut
3723 3243 4109 3327 simpliciter
4117 3270 4135 3324 3
4195 3245 4431 3310 deinde

2472 3324 2645 3389 male
2699 3334 2766 3389 et
2818 3325 2985 3390 bene
3042 3325 3226 3391 velle.
3316 3327 3619 3392 Primum
3660 3327 3826 3393 illud
3880 3339 3982 3394 est
4024 3330 4287 3395 volendi
4330 3332 4429 3395 fa-

2474 3410 2707 3488 cultas,
2753 3418 2887 3489 aut,
2932 3412 2989 3476 si
3031 3412 3126 3475 ita
3165 3410 3394 3494 placet,
3441 3413 3827 3478 substantia.
3917 3414 4105 3480 Bene
4147 3424 4213 3479 et
4256 3415 4429 3480 male

2473 3495 2646 3561 velle
2664 3546 2680 3572 ,
2737 3508 2895 3561 sunt
2935 3497 3311 3578 qualitates,
3367 3497 3477 3563 vel
3518 3496 3782 3564 habitus
3824 3502 4163 3580 contrarii,
4205 3501 4316 3584 qui
4358 3502 4429 3566 in

2473 3583 2836 3666 potentiam
2908 3583 3117 3665 ipsam
3199 3581 3459 3648 cadunt.
3552 3586 3760 3649 Actus
3837 3588 4424 3668 praetermiseram

2473 3666 2646 3751 quod
2690 3666 2860 3731 611111
2905 3667 2988 3731 6(1
3028 3690 3167 3733 rem
3204 3669 3511 3735 facerent.
3586 3668 3716 3735 His
3765 3671 3977 3736 tribus
4020 3673 4273 3755 11081118,
4313 3694 4428 3738 vo-

2469 3753 2800 3819 luntatem
2877 3750 3221 3820 docueram
3286 3763 3604 3838 perpetuo
3679 3755 3966 3821 insidere
4032 3758 4101 3822 16
4168 3771 4425 3838 natura,

2472 3845 2621 3919 [pag.
2660 3844 2811 3919 203]
2865 3839 3187 3905 malitiam
3247 3841 3604 3906 voluntatis
3647 3862 3790 3906 6886
3833 3864 3918 3907 ex
3961 3851 4238 3908 naturae
4282 3865 4425 3910 cor-

2469 3926 2806 4009 ruptione;
2887 3924 3159 4008 spiritus
3234 3933 3455 3991 autem
3532 3928 4031 4011 regeneratione
4105 3929 4427 3994 malitiam

2470 4012 2731 4094 corrigi,
2774 4021 2842 4076 et
2871 4011 3281 4077 voluntatem
3313 4033 3389 4077 60
3425 4012 3618 4078 160ἀο
3660 4033 3744 4078 ex
3776 4014 3952 4078 mala
3984 4015 4129 4080 fieri
4162 4014 4421 4079 bonam.

2468 4097 2751 4163 Iactavit
2791 4095 3096 4182 Pighius,
3157 4100 3212 4163 si
3268 4097 3448 4163 hune
3491 4098 3740 4163 nodum
3793 4120 4049 4182 possem
4092 4099 4421 4183 expedire,

2468 4182 2731 4267 quidvis
2795 4204 2867 4248 86
2921 4205 2961 4248 6
3013 4203 3121 4247 me
3176 4205 3543 4266 passurum.
3635 4183 3813 4265 Quid
3878 4187 3933 4250 si
4001 4207 4178 4251 nunc
4223 4205 4421 4268 spon-

2467 4268 2719 4335 sionem
2786 4267 2959 4333 hanc
3001 4268 3408 4352 reciperem?
3499 4267 3634 4335 Sed
3678 4269 3826 4335 ideo
3879 4271 4199 4348 abstineo,
4268 4273 4425 4354 quia

2467 4353 2714 4420 nodum
2752 4375 2859 4418 me
2905 4354 3160 4420 nullum
3204 4353 3478 4420 solvisse
3520 4355 3759 4433 fateor,
3813 4377 4020 4439 quum
4060 4356 4284 4422 nullus
4325 4357 4422 4421 fo-

2466 4447 2588 4508 ret.
2680 4438 2847 4520 Quis
2911 4439 3087 4505 enim
3143 4462 3310 4524 puer
3362 4439 3474 4506 hic
3529 4439 3929 4506 haesitaret?
4018 4441 4163 4506 Imo
4219 4464 4421 4525 quum

2467 4526 2851 4611 qualitatem
2894 4527 3154 4608 saepius
3199 4526 3607 4591 nominasset
3635 4526 3916 4610 Pighius
3961 4547 4037 4593 ac
4079 4526 4421 4593 distinxis-

2465 4621 2567 4680 set
2606 4631 2647 4675 a
2688 4609 3058 4676 substantia
3097 4611 3491 4688 voluntatis,
3533 4612 3645 4695 qui
3687 4613 3782 4692 fit,
3828 4620 3905 4678 ut
3945 4635 4150 4696 quum
4193 4615 4277 4679 ad
4322 4612 4420 4679 di-

2462 4698 2782 4765 visionem
2829 4695 3000 4761 hanc
3040 4704 3317 4763 ventum
3361 4704 3480 4775 est,
3526 4698 3895 4763 membrum
3940 4698 4107 4764 illud
4151 4699 4416 4765 silentio

2461 4781 2915 4850 transmittat?
3003 4783 3115 4846 An
3191 4802 3348 4866 ergo
3413 4803 3675 4866 compos
3748 4787 3991 4850 mentis
4052 4784 4418 4850 credendus

2464 4883 2582 4949 est,
2629 4866 2739 4949 qui
2773 4866 2884 4931 ubi
2919 4873 3092 4933 totas
3134 4868 3306 4933 fores
3339 4867 3506 4932 mihi
3539 4869 3622 4933 ad
3659 4871 3913 4936 exitum
3947 4872 4222 4955 aperuit,
4267 4870 4418 4936 nul-

2459 4958 2604 5023 lum
2648 4951 2972 5036 effugium
3013 4961 3239 5036 patere
3281 4954 3631 5020 existimat.

2632 5036 2733 5103 Ne
2776 5036 3038 5123 longior
3081 5040 3204 5105 sim
3223 5091 3238 5118 ,
3294 5037 3438 5106 dico
3481 5039 3923 5121 voluntatem,
3985 5060 4117 5106 non
4158 5051 4414 5118 natura,

2460 5128 2587 5194 hoc
2640 5131 2771 5201 est,
2834 5124 2965 5190 Dei
3018 5125 3377 5205 creatione,
3450 5125 3565 5192 86(1
3616 5134 3895 5192 naturae
3948 5125 4416 5210 depravatione

2461 5233 2606 5281 esse
2649 5209 2919 5290 malam3
2975 5232 3096 5277 nec
3148 5211 3341 5278 aliter
3383 5211 3626 5279 habere
3670 5232 3861 5296 posse
3904 5211 4108 5277 donec
4147 5212 4415 5294 spiritus
