4967 5992
506 306 629 371 εει
2120 289 2251 356 DE
2295 285 2936 356 NECESSITATE
3533 257 3545 276 “
4415 286 4535 349 532

505 486 1012 558 mansuetudine
1044 484 1373 553 tractandi
1406 493 1564 550 sunt
1595 480 1928 560 haeretici,
1966 480 2076 562 qui
2110 477 2469 558 ecclesiam,

509 598 630 644 sua
666 573 1073 657 intemperie,
1121 571 1306 636 nulla
1341 571 1518 636 iusta
1544 589 1743 634 eausa
1775 565 2189 650 perturbant,
2230 569 2307 628 ut
2328 582 2471 628 eas-

507 666 558 728 ti
648 662 894 727 tionem
946 679 1205 742 semper
1249 656 1549 723 doctrina
1601 650 1982 738 praecedat,
2037 655 2280 733 quanto
2323 649 2472 732 plus

510 770 548 814 a
597 748 823 813 hibere
868 745 938 810 in
996 745 1121 810 hac
1177 764 1374 809 causa
1441 739 1877 806 humanitatis
1933 735 2150 815 decet,
2215 736 2289 799 in
2344 755 2474 817 qua

510 833 732 899 Deum
778 837 848 897 et
890 831 1189 896 homines
1246 835 1598 903 testamur,
1658 824 1825 889 nihil
1885 843 2006 888 nos
2049 819 2232 885 aliud
2272 840 2472 904 quae-

510 941 675 998 rere,
719 917 850 982 nisi
897 924 974 981 ut
1013 916 1085 980 in
1129 935 1364 998 puram
1403 912 1536 977 Dei
1571 911 1936 976 doctrinam
1974 908 2285 990 utrinque
2319 927 2472 971 con-

512 1001 919 1072 sentiamus?
1007 999 1399 1067 Pontificem
1463 1017 1808 1063 romanum
1887 1014 2038 1061 cum
2103 992 2241 1058 suis
2306 990 2473 1056 nihil

513 1111 711 1174 quam
755 1088 1141 1172 sanguinem
1200 1093 1268 1150 et
1308 1082 1541 1150 caedes
1596 1082 1879 1166 spirare,
1939 1088 2013 1144 tu
2072 1078 2359 1161 optimus
2403 1098 2474 1142 es

515 1176 730 1256 testis,
786 1172 1049 1239 Caesar.
1143 1169 1336 1252 Quod
1404 1170 1461 1234 si
1531 1188 1759 1234 eorum
1828 1165 2229 1262 obseqtiutus
2297 1183 2475 1228 esses

514 1260 746 1338 furori,
808 1256 1198 1342 iampridem
1253 1277 1374 1322 suo
1428 1255 1749 1338 sanguine
1803 1251 2168 1316 Germania
2230 1248 2473 1313 redun-

516 1347 751 1412 dasset.
841 1345 1071 1427 Neque
1124 1342 1193 1407 id
1238 1363 1356 1408 vos
1408 1340 1588 1418 latet,
1635 1336 2063 1403 illustrissimi
2113 1335 2473 1416 Principes,

515 1430 623 1497 Ad
700 1436 954 1495 tantam
1018 1427 1471 1495 crudelitatem
1548 1423 1940 1509 praecipites
2012 1422 2190 1504 ipsos
2254 1426 2479 1504 ageret

515 1518 646 1583 Dei
700 1514 1017 1599 spiritus?
1110 1512 1246 1580 Sed
1303 1513 1427 1577 hoc
1482 1518 1584 1576 est
1648 1509 1923 1574 scilicet:
2014 1506 2243 1582 libide,
2311 1525 2477 1587 quae

518 1602 631 1667 diu
676 1606 977 1686 grassata
1020 1605 1123 1663 est
1166 1599 1308 1663 sine
1351 1596 1705 1675 obstaeuIO,
1750 1594 1808 1658 si
1849 1591 2139 1659 cohiberi
2185 1591 2474 1675 incipiat,

513 1687 818 1771 protinus
864 1685 948 1751 ad
990 1685 1319 1749 insaniam
1363 1681 1668 1765 erumpit.
1742 1677 1820 1744 Si
1863 1679 1974 1761 qui
2021 1684 2177 1743 sunt
2217 1684 2481 1760 praeter

519 1793 648 1851 eos,
695 1774 811 1855 qui
856 1790 1199 1854 oppressos
1243 1769 1312 1834 vi
1371 1775 1438 1832 et
1491 1768 1692 1832 armis
1738 1785 1856 1829 nos
1911 1762 2138 1832 videre
2193 1764 2477 1845 cupiant,

519 1866 638 1923 aut
682 1858 763 1923 ab
808 1856 940 1920 illis
984 1854 1259 1920 flabellis
1302 1854 1591 1931 accensi,
1649 1858 1764 1916 aut
1805 1848 2288 1915 inconsiderato
2337 1847 2477 1912 zelo

520 1950 753 2025 sponte
801 1941 1116 2023 instigati,
1180 1960 1444 2004 causam
1491 1936 1893 2021 incognitam
1939 1935 2236 2000 oderunt.
2304 1934 2478 1998 Nam

520 2027 695 2111 quod
738 2026 1036 2092 nascenti
1090 2026 1376 2109 primum
1420 2024 1728 2091 ecclesiae
1770 2021 2082 2088 accidisse
2127 2017 2480 2084 Tertullia-

523 2134 649 2178 nus
679 2114 727 2197 ¹)
781 2112 1102 2195 queritur,
1160 2110 1226 2175 id
1282 2110 1467 2175 nobis
1525 2107 1716 2174 hodie
1771 2127 2026 2191 quoque
2082 2127 2204 2170 usu
2267 2105 2476 2170 venit:

522 2207 599 2263 ut
652 2198 851 2263 solius
907 2195 1186 2262 nominis
1241 2195 1671 2279 praeiudicia,
1725 2195 1868 2260 sine
1922 2213 2159 2258 causae
2202 2191 2480 2273 inquisi-

521 2286 701 2349 tione
741 2283 1142 2348 damnemur.
1233 2283 1326 2346 Et
1360 2303 1536 2347 nune
1577 2278 1733 2363 quid
1777 2278 2238 2345 contendimus
2282 2275 2480 2355 aliud,

523 2369 651 2434 nisi
693 2376 771 2434 ut
814 2375 1117 2452 suscepta
1153 2368 1356 2433 semel
1401 2366 1697 2450 legitima
1736 2365 2140 2448 cognitione,
2197 2383 2281 2427 ex
2329 2383 2481 2428 vero

523 2454 789 2521 tandem
834 2462 901 2520 et
945 2474 1171 2536 aeque,
1218 2476 1346 2518 non
1384 2474 1467 2517 ex
1512 2457 1936 2535 praesumpta
1970 2449 2132 2514 falso
2174 2448 2482 2531 opinione

522 2540 894 2607 iudicetur?
960 2545 1108 2619 [pag.
1153 2544 1300 2618 137]
1339 2540 1557 2621 Atque
1591 2537 1714 2602 hoc
1750 2535 2012 2619 quidem
2047 2534 2480 2617 praeclarum,

525 2634 592 2690 et
634 2625 1070 2691 humanitatis
1127 2630 1313 2700 tuae,
1374 2631 1443 2687 et
1483 2622 1839 2706 singularis
1881 2620 2246 2704 sapientiae
2287 2619 2482 2685 docu-

523 2719 820 2776 mentum
885 2709 1176 2785 edidisti,
1242 2708 1519 2786 ansar,
1585 2706 1761 2791 quod
1826 2707 2143 2772 haetenus
2201 2707 2485 2770 furiosae

527 2798 823 2862 hostium
867 2803 1248 2860 nostrorum
1291 2791 1567 2870 libidini,
1614 2815 1698 2857 ne
1742 2798 1808 2857 te
1852 2791 1936 2856 ad
1981 2792 2298 2856 iniustam
2341 2811 2483 2855 sae-

526 2882 758 2948 vitiam
805 2881 1150 2963 abriperet,
1196 2886 1576 2945 constanter
1618 2877 1947 2944 obstitisti.
2039 2875 2174 2942 Sed
2217 2876 2343 2940 hoc
2383 2897 2484 2941 se-

529 2965 820 3030 cundum
888 2977 1211 3047 superest,
1292 2985 1378 3028 ne
1445 2963 1825 3047 perniciosis
1903 2983 2132 3028 eorum
2195 2961 2485 3026 consiliis

530 3072 780 3115 morem
823 3071 1032 3135 geras,
1077 3052 1188 3133 qui
1223 3051 1347 3116 sub
1391 3049 1725 3115 dilationis
1767 3050 1982 3132 specie
2017 3055 2320 3114 sanctum
2366 3047 2488 3113 hoc

530 3158 714 3219 opus,
764 3137 1293 3201 reformationem
1336 3136 1647 3202 eeclesiae
1691 3135 1851 3215 dice,
1896 3135 2028 3199 iam
2071 3133 2319 3197 dudum
2360 3134 2483 3197 im-

530 3222 824 3306 pediunt,
875 3229 959 3300 et,
1006 3221 1176 3305 quod
1220 3223 1406 3305 peius
1440 3231 1558 3300 est,
1606 3223 1996 3304 abrumpere
2035 3219 2415 3284 moliuntur.

705 3308 860 3374 Una
913 3309 1079 3373 forte
1136 3307 1515 3391 perficiendi
1571 3307 1787 3373 adhue
1859 3314 2065 3372 restat
2119 3305 2489 3384 difficultas,

527 3413 696 3476 quae
739 3415 858 3460 vos
914 3396 995 3460 ab
1053 3393 1419 3459 inchoando
1475 3393 1780 3458 nonnihil
1836 3394 2134 3457 retineat.
2225 3391 2488 3456 Pleros-

530 3489 658 3562 que
692 3480 888 3558 enim,
935 3501 1064 3544 non
1098 3479 1271 3544 male
1306 3479 1546 3561 alioqui
1577 3480 1916 3558 animatos,
1962 3499 2093 3542 non
2131 3476 2260 3540 alia
2291 3496 2491 3543 eausa

530 3566 770 3629 avertit
809 3587 848 3629 a
893 3572 1028 3630 tam
1074 3573 1297 3630 sancto
1353 3565 1687 3643 institute,
1744 3564 1873 3630 nisi
1917 3563 2090 3646 quod
2136 3568 2490 3645 antequam

528 3650 893 3733 periculum
937 3651 1196 3728 faciant,
1243 3671 1582 3716 successus
1617 3648 2070 3731 desperatione
2115 3647 2484 3714 concidunt..

533 3735 671 3800 Sed
723 3735 831 3802 hic
890 3736 1073 3801 vobis
1128 3734 1254 3801 duo
1314 3744 1472 3802 sunt
1526 3733 2027 3801 consideranda:
2085 3755 2294 3816 neque
2343 3741 2488 3798 tan-

532 3831 670 3900 tam
713 3843 855 3886 esse
901 3822 1371 3899 difficultatem,
1419 3828 1665 3904 quanta
1704 3822 1940 3886 animis
1984 3820 2374 3902 concipitur:
2423 3825 2492 3884 et

531 3914 1032 3990 quantacunque
1079 3908 1179 3982 sit,
1227 3929 1358 3972 non
1404 3907 1634 3994 decege
1657 3915 1883 3972 tamen
1921 3906 2069 3971 eius
2096 3926 2169 3971 co
2219 3906 2490 3970 itatione

531 4011 607 4056 ae
650 4000 836 4058 metu
880 4014 998 4059 vos
1044 3993 1280 4076 frangi,
1329 3993 1384 4058 si
1429 3994 1752 4076 reputetis
1785 3990 1960 4075 apud
2004 4013 2140 4070 vos,
2225 4012 2300 4056 oc
2343 4012 2485 4056 esse

530 4079 659 4144 Dei
721 4100 912 4163 opus:
978 4080 1049 4142 in
1113 4100 1243 4161 quo
1320 4078 1747 4162 gubernando
1812 4086 1881 4143 et
1943 4099 2128 4160 spem
2192 4083 2486 4143 nostram

532 4166 850 4247 superari,
898 4172 965 4230 et
998 4163 1372 4246 opinionem
1406 4163 1544 4228 falli
1590 4171 1904 4246 oporteat.
1973 4163 2272 4228 Priorem
2305 4162 2486 4226 illam

532 4259 784 4334 partem
829 4249 1179 4333 explicare,
1207 4272 1340 4314 non
1365 4259 1465 4314 est
1509 4249 1708 4315 huius
1732 4249 1965 4331 operis.
2025 4250 2485 4331 Aptioretop-

529 4337 874 4416 portunior
897 4337 1023 4402 erit
1043 4336 1242 4414 locuS,
1284 4337 1340 4400 si
1369 4336 1452 4401 ad
1480 4336 1718 4401 seriam
1747 4335 2294 4400 consultationem
2321 4356 2485 4398 ven-

532 4425 677 4484 tum
721 4421 925 4487 semel
958 4422 1174 4487 fuerit.
1265 4422 1413 4487 Hoc
1447 4430 1710 4486 tantum
1753 4420 1994 4485 dicam:
2040 4421 2253 4503 magis
2289 4441 2485 4502 expe·

535 4503 740 4568 ditam
781 4508 919 4572 fore
963 4509 1304 4583 rationem,
1352 4527 1476 4572 nee
1520 4512 1758 4574 tantae,
1789 4505 1997 4585 molis,
2046 4526 2242 4588 quam
2288 4505 2489 4588 vulgo

536 4589 973 4670 existimetur,
1051 4591 1246 4657 modo
1299 4595 1458 4658 satis
1523 4594 1610 4658 sit
1656 4591 1738 4657 ad
1803 4592 2196 4657 tentandum
2263 4590 2485 4656 animi.

535 4673 807 4752 Verum,
853 4697 1057 4757 quum
1101 4680 1311 4743 veteri
1350 4679 1694 4761 proverbio
1734 4678 2134 4745 celebratum
2169 4678 2274 4756 sit,
2322 4675 2492 4740 nihil

534 4779 681 4825 esse
736 4761 1176 4843 praeclarum,
1230 4765 1402 4846 quod
1459 4787 1590 4831 non
1647 4763 1926 4829 arduum
1984 4763 2179 4831 simul
2237 4784 2491 4846 quoque

534 4845 623 4910 sit
666 4866 741 4910 ae
785 4845 1081 4926 difficile,
1125 4849 1468 4929 miramur,
1526 4851 1584 4916 si
1627 4850 1710 4916 ad
1754 4872 1894 4916 rem
1939 4852 2236 4916 omnium
2273 4849 2491 4913 maxi-

535 4951 715 4994 mam
759 4941 826 4996 et
869 4933 1498 5013 praestantissimam
1539 4941 1688 5017 [pag.
1734 4942 1876 5016 138]
1918 4957 2038 5021 per
2070 4936 2319 5001 multas
2365 4934 2490 4999 dif-

532 5016 860 5083 ficultates
924 5018 1009 5081 sit
1074 5017 1499 5083 enitendum?
1586 5020 1876 5101 Deinde,
1941 5019 2494 5105 quemadmodum

533 5139 696 5146 ——-——--

671 5201 731 5270 1)
767 5203 830 5258 In
864 5203 1229 5275 apologetico.

2577 477 2736 558 dixi,
2781 476 2908 542 nisi
2952 475 3233 542 velimus
3278 496 3552 560 gravem
3597 475 3742 541 Deo
3785 474 4097 539 iniuriam
4141 474 4389 552 faeere,
4444 474 4544 540 al·

2576 563 2712 629 tius
2786 561 2895 628 hie
2974 561 3276 628 attollere
3352 561 3608 627 animos
3683 561 4006 627 convenit.
4096 558 4297 626 Certe
4365 560 4541 625 enim

2577 650 2705 714 Dei
2750 648 3067 713 virtutem
3111 648 3460 713 metiemur
3500 647 3746 712 mentis
3788 652 4051 711 nostrae
4095 653 4312 729 captu,
4361 647 4418 711 si
4463 644 4543 711 de

2577 734 2891 800 eeclesiae
2945 734 3359 817 reparatione
3413 732 3581 798 nihil
3636 734 3788 815 plus
3844 732 4284 815 sperabimus,
4342 751 4545 814 quam

2576 821 2722 903 ipsa
2776 819 3221 903 praesentium
3274 840 3499 884 rerum
3549 816 3831 883 conditio
3886 825 4225 900 statusque
4267 819 4545 900 promit-

2578 913 2693 970 tat.
2785 903 3168 985 Quamlibet
3210 906 3428 970 tenuis
3485 925 3634 987 spes
3690 911 4032 988 appareat,
4094 904 4262 969 bono
4319 903 4543 968 animo

2579 1011 2701 1056 nos
2744 1011 2887 1056 esse
2922 989 3108 1056 Deus
3151 991 3363 1056 iubet:
3411 999 3486 1055 ut
3529 1010 3804 1055 excusso
3838 988 4068 1072 procul
4112 989 4294 1053 omni
4340 999 4540 1067 metu,

2578 1077 2662 1140 ad
2702 1098 2866 1162 opus
2923 1075 3172 1142 alacres
3229 1078 3664 1160 accingamur.
3754 1075 3957 1140 Hunc
4001 1074 4238 1141 saltem
4281 1074 4385 1139 illi
4422 1074 4543 1139 ho-

2579 1183 2810 1228 norem
2852 1169 3288 1246 praestemus,
3335 1169 3411 1228 ut
3451 1161 3691 1226 fiducia
3733 1162 3999 1228 virtutis
4043 1161 4182 1225 eius
4227 1160 4384 1226 freti
4428 1180 4543 1224 ex·

2578 1249 2779 1330 periri
2824 1268 2958 1312 non
2995 1268 3394 1326 recusemus,
3441 1246 3703 1330 qualem
3743 1246 3900 1312 dare
3943 1267 4315 1313 successum
4359 1245 4540 1313 velit.

2750 1334 2846 1400 Ut
2901 1353 3076 1398 nunc
3131 1334 3390 1417 imperii
3450 1354 3557 1397 res
3613 1333 3890 1411 habent,
3942 1332 4294 1415 implicitos
4338 1332 4543 1398 variis

2582 1418 2757 1485 euris
2810 1419 3024 1484 teneri
3097 1440 3244 1500 vos,
3313 1418 3748 1485 invictissime
3806 1416 4056 1484 Caesar
4113 1425 4182 1482 et
4232 1417 4544 1484 illustris-

2583 1504 2732 1569 simi
2797 1504 3177 1587 Principes,
3258 1507 3530 1588 ipsaque
3630 1505 4043 1587 negotiorum
4114 1503 4547 1568 multitudine

2584 1588 2931 1656 distractos
2977 1591 3365 1676 circumagi,
3421 1597 3490 1655 et
3545 1588 4019 1673 quedammodo
4062 1590 4385 1654 fluctuare
4427 1611 4547 1654 ne-

2584 1693 2766 1741 cesse
2823 1683 2941 1742 est.
3029 1677 3285 1741 Verum
3347 1677 3440 1741 sic
3494 1676 3796 1742 statuite:
3862 1697 4069 1740 unum
4132 1674 4259 1740 hoe
4314 1675 4548 1758 procul

2585 1760 2781 1827 dubio
2819 1761 2962 1827 aliis
2996 1763 3300 1828 omnibus
3337 1783 3479 1828 esse
3511 1762 3696 1828 vobis
3731 1760 4300 1828 antevertendum.
4374 1759 4547 1826 Sen-

2585 1847 2706 1926 tio,
2753 1868 2913 1930 quos
2957 1868 3213 1926 nervos,
3261 1869 3459 1931 quam
3504 1848 4010 1926 vehementiam,
4055 1868 4217 1930 quos
4260 1846 4545 1926 aculeos,

2586 1953 2780 2015 quem
2849 1931 3149 1998 ardorem
3226 1935 3520 2016 requirat
3583 1933 3782 1998 huius
3848 1933 3973 1999 loci
4041 1934 4364 1998 tractatio.
4454 1932 4549 1997 Et

2586 2026 2761 2083 certe
2805 2040 2941 2083 non
2980 2017 3318 2085 defuturos
3373 2020 3533 2084 satis
3572 2019 3740 2097 scic,
3797 2021 3907 2102 qui
3959 2040 4068 2083 me
4120 2019 4190 2083 in
4246 2025 4389 2083 tam
4442 2020 4547 2083 in·

2586 2104 2759 2188 signi
2816 2103 3289 2188 splendidaque
3354 2106 3633 2170 materia
3701 2105 3797 2169 ita
3854 2106 3934 2169 fri
3988 2104 4168 2169 'dum
4222 2124 4369 2169 esse
4422 2105 4547 2169 mi-

2583 2196 2833 2255 rentur.
2925 2187 3061 2256 Sed
3140 2190 3295 2274 quid
3372 2189 3696 2256 facerem?
3793 2191 3942 2257 Pon
3991 2190 4084 2255 eri
4163 2210 4390 2255 rerum
4470 2211 4548 2257 ae

2587 2276 2897 2359 gravitati
2962 2275 3333 2342 succumbo.
3440 2276 3628 2341 Nihil
3713 2276 3934 2359 itaque
4012 2276 4250 2341 melius
4332 2275 4541 2356 video,

2587 2381 2783 2443 quam
2848 2383 2989 2426 rem
3056 2362 3470 2444 simpliciter,
3548 2368 3614 2427 et
3679 2361 3924 2446 absque
3988 2362 4125 2428 ullo
4190 2360 4549 2427 verborum

2588 2445 2933 2529 splendore
2988 2445 3172 2514 vobis
3229 2467 3624 2532 proponere:
3693 2457 3768 2511 ut
3821 2469 3966 2513 eam
4034 2455 4257 2514 vestro
4312 2445 4551 2514 deinde

2588 2532 2892 2597 examine
2935 2532 3326 2617 ponderetis.
3417 2534 3722 2599 Primum
3769 2535 3951 2600 vobis
3992 2534 4062 2599 in
4106 2539 4400 2599 mentem
4434 2555 4550 2599 ve-

2588 2620 2729 2683 niat
2769 2618 3100 2684 horrenda
3143 2619 3307 2684 haee
3342 2619 3653 2686 ecclesiae
3697 2619 4053 2698 calamitaS,
4099 2640 4267 2702 quae
4302 2620 4551 2685 ferreos

2586 2705 2783 2769 etiam
2806 2705 3061 2770 animos
3094 2706 3359 2771 flectere
3394 2703 3866 2788 quodammodo
3905 2705 3988 2770 ad
4024 2706 4553 2790 misericordiam

2589 2791 2815 2873 possit.
2904 2791 3048 2856 Imo
3083 2798 3237 2856 ante
3280 2791 3505 2857 oculos
3547 2792 3735 2857 vobis
3779 2789 4151 2874 squalidum
4201 2796 4353 2871 [pag.
4398 2794 4547 2871 139]

2592 2876 2769 2941 hunc
2790 2876 3275 2959 deformemque
3296 2877 3615 2953 habitum,
3662 2884 3728 2943 et
3760 2883 4017 2944 vastam
4038 2876 4552 2958 dissipationem,

2592 2984 2758 3045 quae
2815 2971 2972 3027 sunt
3023 2963 3094 3026 in
3151 2964 3445 3028 omnium
3502 2971 3881 3045 conspectu,
3941 2964 4226 3029 statuite.
4316 2961 4550 3043 Quid?

2592 3068 2901 3130 sponsam
2926 3046 3195 3125 Christi,
3244 3056 3532 3115 vestram
3561 3050 3854 3114 omnium
3881 3063 4182 3127 matrm,
4208 3068 4553 3131 quousque

2593 3133 2863 3198 tandem
2919 3133 3013 3200 sic
3068 3143 3465 3216 prostratam
3517 3135 3956 3218 afflictamque
4013 3136 4228 3200 iacere
4282 3132 4547 3200 feretis?

2592 3218 2997 3284 Praesertim
3041 3241 3246 3301 quum
3283 3228 3349 3285 et
3392 3219 3589 3285 fidem
3633 3228 3927 3285 vestram
3963 3219 4287 3302 imploret,
4335 3229 4402 3284 et
4437 3241 4553 3285 vo-

2592 3305 2694 3370 bis
2737 3301 2822 3368 ad
2845 3325 3114 3370 manum
3156 3305 3242 3371 sit
3279 3307 3420 3371 eius
3442 3305 3885 3372 sublevandae
3928 3304 4142 3371 ratio?
4218 3307 4551 3388 Pei-cipite

2595 3389 2831 3456 deinde
2875 3391 3140 3469 animis,
3197 3401 3439 3474 quanto
3481 3391 3816 3457 acerbiora
3867 3393 3999 3456 iam
4042 3391 4311 3457 instent.
4402 3392 4553 3456 Non

2595 3477 2771 3540 enim
2830 3476 3055 3558 procul
3102 3477 3286 3542 abest
3329 3476 3603 3541 ultimus
3644 3477 3981 3555 interitus,
4039 3477 4170 3543 nisi
4215 3499 4417 3561 quam
4464 3478 4556 3543 ci·

2594 3561 2845 3627 tissime
2889 3562 3149 3628 obviam
3207 3565 3388 3629 eatis.
3480 3561 3792 3629 Servabit
3834 3562 4096 3646 quidem
4142 3563 4555 3642 mirabiliter,

2595 3656 2663 3713 et
2726 3668 2928 3730 supra
2991 3647 3332 3713 hominum
3408 3650 3811 3732 opinionem,
3892 3649 4271 3731 ubieunque
4354 3649 4555 3727 volet,

2595 3733 2935 3799 ecelesiam
2966 3755 3154 3799 suam
3189 3733 3529 3800 Christus:
3575 3734 3689 3799 sed
3728 3735 3852 3799 hoe
3903 3734 4064 3814 dice,
4105 3735 4162 3800 si
4196 3735 4553 3818 paululum

2593 3818 2787 3883 modo
2844 3825 3167 3886 cessatum
3205 3819 3423 3885 adhuc
3467 3840 3506 3883 a
3550 3820 3734 3885 vobis
3769 3820 4002 3899 fuerit,
4059 3820 4375 3887 eeclesiae
4419 3822 4555 3885 for-

2595 3925 2773 3969 mam
2816 3925 2938 3969 nos
2981 3906 3052 3968 in
3098 3905 3459 3970 Germania
3501 3905 3754 3970 nullam
3798 3906 4155 3972 habituros.
4248 3906 4549 3972 Circum-

2594 3990 2824 4074 spicite
2882 3998 3040 4074 quot
3095 3990 3335 4056 indicia
3389 3990 3597 4069 illam,
3674 3991 3779 4056 eui
3848 4013 4195 4058 occurrere
4256 4014 4364 4056 vos
4422 4011 4551 4073 par

2594 4083 2710 4154 est,
2757 4076 3020 4141 ruinam
3054 4078 3406 4155 minentur,
3449 4076 3710 4159 iamque
3747 4078 4091 4143 imminere
4129 4077 4547 4143 denuncient.

2593 4162 2721 4226 Illa
2765 4164 2926 4228 satis
2969 4161 3347 4244 loquuntur,
3398 4163 3596 4228 etiam
3640 4162 3697 4229 si
3741 4169 4013 4228 taceam.

2764 4246 3162 4330 Quanquam
3219 4269 3349 4312 non
3402 4248 3732 4331 praesenti
3783 4255 4040 4313 tantum
4101 4255 4368 4332 aspectu
4410 4269 4559 4312 mo-

2592 4354 2747 4399 vere
2791 4354 2911 4398 nos
2966 4333 3127 4399 haec
3182 4333 3456 4413 indicia,
3515 4332 3628 4410 sed
3674 4332 3939 4399 divinae
3983 4354 4240 4418 quoque
4281 4335 4559 4400 ultionis

2592 4420 3145 4485 commonefacere
3191 4418 3446 4484 debent.
3519 4418 3772 4483 Vitiato
3814 4425 3916 4484 tot
3957 4422 4183 4502 pravis
4226 4420 4558 4503 opinioni—

2592 4504 2745 4581 bus,
2806 4511 2902 4569 tot
2952 4505 3170 4587 impiis
3230 4504 3561 4586 foedisque
3614 4502 4187 4589 superstitionibus
4242 4528 4561 4589 perverso

2593 4589 2725 4654 Dei
2790 4590 2998 4668 cultu,
3076 4590 3281 4655 atroci
3347 4590 3745 4656 contumelia
3814 4591 4097 4657 afficitur
4160 4612 4346 4658 saera
4412 4593 4562 4658 eius

2596 4676 2926 4753 maiestas,
2971 4677 3356 4758 profanatur
3397 4682 3698 4742 sanctum
3741 4676 3881 4741 eius
3925 4697 4185 4756 nomen,
4232 4677 4373 4743 eius
4458 4677 4562 4742 lo-

2595 4761 2697 4826 ria
2742 4768 2998 4826 tantum
3046 4782 3179 4825 non
3222 4760 3497 4844 pedibus
3541 4761 3852 4826 calcatur:
3909 4762 4042 4827 imo
4084 4784 4287 4845 quum
4332 4784 4421 4846 pa
4446 4785 4563 4828 am

2595 4846 2965 4912 idololatria
3005 4848 3391 4930 inquinatus
3422 4848 3509 4912 sit
3530 4853 3707 4912 totus
3740 4847 4141 4914 christianus
4174 4847 4373 4926 orbis,
4410 4871 4560 4928 sua,

2597 4933 2738 4997 eius
2782 4932 2953 5011 loce,
3002 4934 3317 5017 figmenta
3361 4933 3659 4998 homines
3704 4930 3996 4999 adorant.
4086 4933 4276 4999 Mille
4321 4956 4564 5018 super-

2598 5019 2942 5084 stitionum
3008 5019 3260 5102 speeies
3322 5024 3641 5103 regnant,
3717 5039 3883 5101 quae
3948 5025 4048 5083 tot
4099 5025 4258 5085 sunt
4322 5029 4567 5103 aperta

2598 5105 2736 5170 eius
2796 5103 3093 5170 ludibria.
3183 5104 3421 5169 Virtus
3477 5102 3726 5168 Christi
3792 5124 3996 5188 prope
4062 5105 4411 5171 obliterata
4470 5127 4567 5172 ex

2597 5189 2941 5255 hominum
2985 5190 3253 5256 animis:
3311 5189 3549 5256 fiducia
3590 5189 3823 5256 salutis
3880 5191 3960 5256 ab
4002 5191 4144 5274 ipso
4188 5190 4273 5256 ad
4317 5192 4568 5259 inanes
