4967 5992
245 4001 254 4008 -
341 4075 358 4126 χ
460 4065 733 4129 prorsus
785 4044 956 4109 nihil
1013 4043 1401 4128 intelligere.
1489 4046 1591 4111 Eo

449 275 577 338 635
1661 262 1792 328 nn
1835 259 2286 328 vrrAimis
2331 253 3255 332 supraemonmus.
3632 221 3649 236 '
3930 263 3937 270 ·
4340 256 4469 320 666

1422 536 1801 603 ALTERA
1844 529 2241 603 GALVINI
2280 511 2770 613 simeron,
2812 532 2945 598 AD
2990 530 3385 612 Afflotm,
3410 530 3491 594 N.

619 712 846 796 Quum
901 711 1067 776 mihi
1117 709 1384 795 ignotus
1439 710 1528 774 sit
1580 709 1667 784 is,
1724 707 1909 774 ouius
1952 707 2274 790 seriptum
2317 705 2403 771 ad

444 821 554 867 mo
594 798 850 876 misisti,
894 805 964 863 et
994 796 1142 862 aliis
1175 797 1396 880 potius
1441 793 1523 864 de
1553 814 1662 860 me
1694 812 1896 875 quam
1937 792 2104 858 mihi
2139 791 2400 870 soribat,

444 888 696 970 inepte..
740 903 888 949 meo
930 879 1205 960 iudieio,
1248 882 1377 947 sim
1417 877 1766 956 faoturus,'
1790 879 1849 943 si
1889 877 1991 943 illi
2034 899 2167 944 non
2209 897 2403 962 roga-

442 981 556 1038 tus
599 967 1049 1053 respondeam.
1139 964 1336 1048 Quod
1378 974 1602 1031 tamen
1646 964 1939 1048 postulas
1953 1014 1969 1041 ,
2013 965 2228 1029 faeere
2271 983 2405 1028 non

443 1073 714 1124 recuso:
757 1062 836 1119 ιιι
861 1050 1201 1118 'diluendis
1244 1053 1388 1120 eius
1430 1045 1840 1135 argumentis
1880 1047 2129 1134 aliquid
2171 1067 2407 1131 operae

444 1143 797 1209 insumam.
863 1138 1071 1222 quue
1113 1159 1193 1204 ea
1231 1137 1651 1221 simplieitate
1682 1136 2015 1202 facturum
2050 1156 2155 1201 me
2195 1153 2406 1217 spero,

445 1235 524 1292 ut
565 1228 777 1293 bonus
823 1225 928 1290 vir
967 1245 1106 1289 non
1146 1224 1431 1306 amplius
1473 1224 1640 1286 mihi
1682 1221 2081 1288 rhetoricam
2123 1219 2406 1286 obiiciat.
2451 1268 2457 1282 ,

447 1313 847 1395 Quanquam
897 1309 1119 1376 neseio
1169 1306 1329 1392 quid
1382 1308 1496 1373 1111
1523 1308 1594 1373 iii
1650 1316 1941 1373 mentem
1987 1307 2277 1384 venerit,
2335 1311 2412 1370 ut

447 1399 620 1465 hano
661 1396 824 1462 milii
866 1405 1091 1461 notam
1134 1400 1530 1479 aspergeret.
1597 1394 1744 1476 Ego
1787 1398 1964 1458 oerte
2008 1413 2142 1457 non
2179 1389 2411 1457 videor

756 1471 1183 1547 illi‘dedisse:
1231 1500 1444 1563 neque
1486 1479 1662 1544 enim
1694 1479 1792 1543 ita
1834 1478 2006 1544 male
2050 1477 2291 1561 profeci
2335 1478 2405 1541 in

445 1568 701 1635 Christi
742 1566 967 1634 sehola
981 1618 995 1644 ‚
1040 1572 1190 1647 [pag.
1231 1580 1257 1629 1
1271 1568 1380 1642 25]
1425 1570 1504 1630 ut
1546 1562 1629 1629 de
1670 1564 1873 1629 tantis
1917 1565 2111 1631 rebus
2127 1614 2142 1641 ,
2186 1573 2406 1627 osten-

450 1654 638 1720 tandi
722 1653 976 1737 ingenii
1076 1670 1278 1717 eausa
1298 1701 1317 1729 ,

449 1846 558 1890 me
624 1823 970 1891 seribendo
1021 1820 1427 1898 adhibuisse,
1494 1821 1656 1886 mihi
1769 1821 1926 1887 robe
1987 1840 2209 1888 eoram
2263 1821 2408 1885 Deo

450 1931 601 1976 gum
634 1909 952 1996 oenseius.
1028 1909 1304 1974 Possem
1336 1906 1673 1990 aliquanto
1751 1907 1938 1972 urius
1972 1904 2408 1990 expostula-10,

445 1994 570 2061 sed
612 1994 928 2060 abstineo.
1000 1991 1298 2058 'santum'
1327 1991 1526 2058 velim
1571 1991 1696 2057 sibi
1741 1990 2153 2075 persuadeat,
2198 1990 2410 2075 pluris

450 2081 619 2146 mihi
673 2100 818 2146 esse
865 2079 1121 2145 animas
1174 2085 1587 2144 saorosaneto
1625 2076 1882 2143 Christi
1926 2078 2253 2163 sanguine
2306 2097 2410 2141 re-

454 2167 780 2249 demptas,
847 2185 1045 2247 quam
1099 2173 1176 2230 ut
1231 2163 1485 2250 stylum
1538 2163 1725 2247 quasi
1778 2184 1920 2247 per·
1950 2162 2168 2234 iocum
2220 2182 2410 2228 exer-

452 2271 655 2330 oeam,
699 2251 834 2334 ubi,
858 2250 940 2317 de
982 2265 1213 2316 eorum
1255 2249 1360 2316 vel
1397 2249 1625 2329 salute,
1670 2249 1778 2314 vel
1822 2249 2025 2315 exitio
2067 2255 2410 2316 tractatur.

425 2336 533 2404 -Si
574 2357 812 2403 verum
863 2343 970 2402 est
1022 2333 1195 2420 quod
1250 2334 1332 2400 de
1374 2356 1452 2400 eo
1504 2334 1870 2418 praedicas,
1927 2333 2195 2400 tandem
2237 2333 2416 2398 inter

453 2444 576 2489 nos
639 2421 807 2488 bene
870 2422 1244 2487 eonveniet:
1312 2442 1468 2486 nam
1533 2419 1645 2486 ubi
1704 2427 1945 2505 regnat
2008 2422 2208 2485 timor
2262 2418 2412 2497 Dei,

454 2509 752 2574 omnium
793 2508 1315 2591 disputationum
1359 2513 1542 2572 reeta
1584 2507 1713 2571 erit
1753 2505 2101 2573 oonolusio.

628 2595 862 2659 Porro·
893 2600 1106 2676 status
1164 2591 1566 2676 quaestionis
1620 2601 1723 2656 est
1738 2643 1752 2668 ,
1810 2614 1896 2657 an
1946 2592 2167 2658 missis
2209 2591 2415 2656 inter-

227 2693 232 2700 ’
323 2695 328 2698 ·
455 2699 630 2758 esse,
697 2677 1104 2744 idololatriae
1161 2678 1250 2743 sit
1317 2677 1650 2764 professio.
1739 2679 1885 2762 Ego
1940 2678 2228 2742 affirmo:
2302 2676 2414 2741 ille

397 2805 409 2818 ·
454 2771 684 2848 negat3
742 2762 857 2828 sed
899 2784 1043 2828 rem
1084 2762 1243 2828 faoit
1282 2760 1586 2826 mediam.
1667 2761 1905 2844 ‘Neque
1948 2781 2105 2827 vero
2147 2782 2272 2847 ego
2312 2782 2418 2827 so-

457 2849 562 2915 lus
590 2869 738 2913 sum
781 2849 854 2911 in
890 2848 1017 2913 hae
1059 2847 1416 2913 sententia:
1459 2845 1580 2912 sed
1609 2845 1720 2911 alii
1756 2867 2011 2929 quoque
2054 2853 2209 2927 tres,
2255 2867 2416 2930 quos

458 2935 651 3000 aliter
706 2932 956 2998 sentire
1009 2939 1199 3014 putat·
1215 2982 1236 3009 ,
1287 2931 1455 2996 mihi
1519 2932 1955 2998 subscribunt.
2044 2931 2149 2997 Ne
2189 2938 2416 3004 tamen

317 3109 332 3116 ξ
389 3077 392 3080 ,
456 3018 690 3084 videar
745 3017 1094 3090 hominum
1144 3018 1624 3100 autoritatibus,
1675 3017 1847 3083 velle
1902 3037 2057 3083 eum
2110 3038 2412 3102 gravare,

457 3104 593 3170 illis
645 3103 932 3180 omissis,
996 3122 1387 3187 quaeramus
1452 3103 1534 3170 de
1589 3125 1662 3168 re
1726 3104 1887 3187 ipsa.
1978 3102 2176 3186 Quod
2227 3124 2298 3169 se
2351 3111 2420 3170 et

357 3245 366 3254 .
458 3189 775 3274 quosdam
830 3209 983 3254 suos
1036 3188 1424 3255 familiares.
1446 3190 1780 3256 abstinere
1836 3210 1876 3255 a
1917 3189 2150 3257 multis
2203 3189 2417 3274 pollu-

459 3275 752 3342 tionibus
793 3282 1093 3355 testatur,
1138 3274 1268 3340 huo
1302 3281 1573 3358 spectat,
1616 3283 1710 3340 ut
1728 3286 2057 3359 appareat,
2100 3296 2235 3341 non
2279 3296 2418 3341 om-

457 3364 571 3428 nia
614 3380 724 3425 eos
767 3359 912 3442 sibi-
934 3361 1335 3443 permittere,
1379 3382 1596 3444 neque
1635 3382 1848 3446 usque
1879 3360 2040 3426 adeo
2073 3362 2199 3427 sibi
2228 3362 2417 3428 blan-

391 3453 410 3538 ὀ
461 3446 589 3530 diri
603 3499 619 3526 ,
677 3453 756 3510 ut
807 3446 980 3511 laxis
1033 3445 1311 3513 habenis
1366 3445 1450 3522 ad
1505 3447 1732 3512 omnia
1784 3448 2287 3531 inquinamenta
2346 3468 2417 3514 se

457 3533 875 3617 prostituant.
962 3532 1210 3597 Fateor
1250 3533 1458 3616 igitur
1498 3540 1568 3597 et
1606 3532 1893 3598 libenter
1935 3554 2221 3617 agnosoo
2237 3585 2252 3611 ‚
2307 3553 2421 3599 eos

459 3627 647 3683 tanto
704 3616 920 3684 levius
957 3636 1251 3700 peooare.
1338 3617 1607 3683 Interea
1659 3618 1895 3699 miror,
1953 3619 2067 3702 qui
2106 3639 2421 3685 excusare

425 3703 721 3783 audeat,
770 3708 917 3782 [pag.
961 3706 1107 3782 126]
1153 3701 1328 3786 quod
1373 3702 1633 3788 vulgari
1676 3724 1860 3769 more
1900 3705 2418 3789 propinquorum

349 3841 354 3846 .
459 3789 807 3872 exsequias
848 3788 1286 3871 frequentant,
1332 3788 1445 3854 ubi
1476 3789 1867 3876 s‘aerifioium
1914 3811 2031 3874 pro
2077 3790 2422 3873 expiandis

369 3927 378 3934 .
459 3877 878 3941 moi-'tuorum
920 3874 1207 3956 peoeatis
1258 3874 1551 3939 offertur.
1643 3874 1722 3941 Si
1763 3875 1928 3946 haee
1966 3895 2105 3941 non
2147 3885 2248 3941 est
2280 3898 2422 3943 ma-

460 3961 703 4028 nifesta
771 3979 1014 4026 ooenae
1080 3958 1444 4026 dominicae
1487 3961 1906 4044 profanatio,
1978 3961 2260 4029 ooneedo
2314 3982 2422 4028 me

1658 4067 1861 4132 quum
1914 4048 2258 4125 aooedunt,
2335 4068 2421 4113 an

460 4152 596 4198 non
649 4130 933 4215 digitum
985 4129 1205 4213 palam
1255 4130 1503 4197 tollunt
1517 4183 1533 4210 ,
1601 4131 1702 4197 ad-
1738 4131 2209 4203 deelarandum
2266 4154 2422 4200 oon·

461 4235 730 4283 sensum
743 4215 776 4279 7
867 4216 1106 4299 Atqui,
1176 4215 1417 4281 timent
1480 4237 1566 4282 ne
1631 4217 1994 4283 inhumani
2047 4219 2419 4298 videantur.

361 4341 366 4346 -
462 4301 679 4367 Nimis
721 4302 951 4384 iniqua
992 4322 1272 4381 meroes,
1331 4304 1386 4367 si
1444 4303 1928 4368 humanitatem
1969 4305 2306 4389 impietate
2348 4306 2420 4370 in

463 4385 684 4452 Deum
723 4407 862 4452 non
904 4386 1110 4454 dubia
1162 4387 1507 4454 redimant.
1597 4388 1866 4473 Negant
1907 4411 1978 4455 se
2023 4411 2419 4471 aooessuros,

465 4472 524 4535 si
567 4479 879 4554 putarent
932 4479 1196 4539 tantum
1240 4474 1509 4544 subesse
1563 4475 1740 4540 mali.
1831 4473 1969 4541 Sed
2012 4474 2212 4542 velim
2255 4478 2420 4543 mihi

466 4555 936 4642 respondeant,
994 4568 1111 4625 aut
1153 4559 1392 4640 saltem
1433 4561 1543 4626 hio
1585 4560 1703 4643 qui
1745 4559 2039 4643 loquitur
2078 4572 2419 4647 patronus,

365 4677 368 4678 ν
447 4640 768 4712 ,omnium
814 4642 1108 4710 nomine:
1165 4666 1483 4729 quorsum
1532 4646 1685 4713 illae
1738 4647 2119 4731 exsequiae,
2228 4648 2423 4716 uibus

375 4773 388 4786 .
463 4727 824 4804 intersunt,
876 4726 1004 4792 nisi
1044 4729 1129 4793 ad
1177 4739 1528 4799 mortuum‘
1570 4753 1609 4798 e
1663 4734 2042 4818 purgatorio
2217 4736 2230 4749 ‘
2307 4757 2424 4802 en·

467 4809 672 4878 dum?
763 4808 993 4892 Quum
1045 4834 1206 4879 vero
1248 4817 1570 4885 aooedunt
1610 4818 1768 4902 ipsi,
1823 4840 1912 4885 an
1954 4841 2087 4886 non
2132 4840 2422 4888 eommu-

303 4931 318 4944 ·
431 4941 448 4952 -
465 4896 664 4964 nibus
711 4896 1009 4960 omnium
1043 4899 1400 4984 suffragiis
1444 4922 1568 4970 sua
1622 4924 1878 4989 quoque
1933 4904 2294 4991 adiungere
2323 4929 2423 4974 ·se

464 4982 660 5062 velle,
699 4981 1072 5047 testantur?
1129 4982 1465 5066 Reputent
1504 4989 1838 5074 paulisper
1871 5011 2147 5073 meeum,
2195 4994 2422 5077 quales

464 5068 601 5135 illio
643 5086 887 5151 -preoes
941 5068 1396 5152 oonoipiantur
1409 5122 1427 5156 ,
1495 5072 1720 5155 quales
1771 5077 1941 5141 ritus
1995 5085 2420 5162 usurpentur,

357 5215 366 5224 .
465 5153 682 5248 qualis
732 5154 821 5221 sit
875 5162 1014 5221 tota
1054 5155 1226 5220 aetio
1244 5206 1258 5232 ,
1310 5175 1440 5238 quo
1484 5157 1755 5224 oonsilio
1809 5161 1883 5225 in
1926 5161 2222 5229 medium
2264 5165 2423 5230 alio-

1440 1648 1870 1715 deolamitem.
1976 1652 2197 1732 Atque
2235 1651 2242 1662 ⁴
2274 1648 2406 1714 uti·
2448 1651 2457 1720 1

429 1761 608 1807 ‚nam
630 1738 714 1804 ad
748 1737 1102 1823 legendum
1139 1738 1281 1820 ipse
1316 1755 1463 1800 eam
1497 1735 1886 1819 religionem
1922 1736 2171 1813 afferat,
2209 1752 2407 1816 quam

2507 726 2687 792 rum,
2722 709 2989 778 coetum,
3052 723 3124 767 se
3174 703 3531 788 ingerant.-
3604 698 3683 767 Si
3749 709 3887 767 tam
3952 700 4247 785 graviter
4310 701 4467 767 olim

2508 789 2978 857 animadvertit
3008 789 3192 854 Deus
3236 790 3306 852 in
3349 786 3751 865 Corinthios,
3793 786 3969 870 quod
4010 788 4234 853 minus
4276 807 4470 853 reve-

2508 884 2735 942 renter
2786 882 3157 942 tractarent
3224 893 3474 940 saeram
3546 891 3819 939 ooenam
3887 873 3953 956 (1
3995 872 4147 938 Cor.
4196 876 4296 950 11,
4334 875 4468 953 30),
4526 887 4537 898 ·

2509 969 2756 1045 quanto
2819 961 3193 1061 graviorem
3257 978 3540 1043 poenam
3602 966 3895 1023 mei-etur
3967 966 4107 1023 tam
4168 978 4469 1024 erassum

2509 1049 2655 1114 eius
2697 1047 3084 1124 ludibrium,
3138 1042 3298 1110 dum
3336 1042 3425 1126 ‘ad
3458 1053 3763 1110 mortuos
3804 1043 4243 1109 transfertur?
4332 1044 4470 1110 Ne-

2511 1136 2764 1218 gabunt
2812 1153 2883 1199 se
2940 1138 3161 1197 tantae
3213 1130 3572 1213 impietatis
3637 1129 3748 1196 ‘vel
3800 1137 4065 1220 autores
4123 1150 4294 1208 esso,
4360 1129 4469 1196 vel

2511 1239 2596 1302 ap
2644 1219 2998 1285 robatores.
3087 1214 3299 1297 Quasi
3349 1234 3512 1280 vero
3566 1215 3715 1299 plus
3758 1216 3878 1293 sit,
3937 1214 4191 1281 duobus
4245 1215 4469 1302 digitis

2513 1325 2594 1370 su
2747 1305 3163 1381 'bere‚‘[pag.
3205 1307 3354 1380 127]
3408 1319 3609 1384 quam
3662 1301 3748 1366 ad
3800 1320 4158 1367 eonsensus
4210 1301 4469 1385 signifi-

2513 1391 2839 1456 oationem
2891 1389 3130 1454 afferre
3182 1394 3399 1452 totum
3453 1407 3710 1470 eorpus.
3799 1387 3895 1451 At
3946 1388 4198 1453 fadunt
4248 1388 4465 1453 inviti.

2510 1476 2699 1541 Nihil
2732 1475 2857 1541 hoo
2892 1475 2977 1541 ad
3017 1494 3144 1538 me.
3234 1472 3490 1539 Saltem
3532 1474 3602 1537 in
3646 1472 4023 1556 praesentia
4062 1471 4232 1537 nihil
4265 1474 4472 1539 refert

2512 1582 2643 1645 quo
2694 1563 2913 1627 animo
2965 1561 3236 1625 faoiant:
3294 1566 3558 1623 tantum
3596 1559 3773 1624 enim
3820 1557 3947 1625 hoe
3988 1557 4286 1642 disputo,
4341 1559 4468 1624 im-

2510 1649 2825 1730 pietatem
2866 1648 2977 1713 hie
3019 1645 3365 1722 oommitti,
3410 1663 3452 1707 a
3492 1664 3623 1727 qua
3652 1643 3882 1710 fideles
3923 1645 4186 1727 pen-itus
4228 1642 4471 1710 abhor-

2511 1753 2660 1799 rere
2706 1733 3004 1801 debeant.

2686 1819 3038 1884 De·missa
3079 1815 3261 1899 quid·
3283 1817 3553 1895 sentiat,
3598 1813 3823 1880 video:
3869 1835 4016 1881 rem
4057 1815 4308 1882 seilicet
4349 1837 4472 1900 per

2513 1924 2586 1969 se
2640 1904 2984 1969 honestam
3037 1923 3114 1967 ao
3166 1909 3466 1968 sanotam
3521 1921 3664 1967 esse
3678 1949 3695 1976 ,
3749 1900 4004 1967 vitiosis
4057 1907 4284 1967 tamen
4370 1903 4471 1967 ui-

2511 1989 2795 2056 busdam
2850 1986 3330 2076 secessionibus
3393 1995 3787 2069 corruptam.
3876 1987 3982 2052 Ne
4033 1988 4281 2053 frustra
4325 1922 4472 2053 hfi-

2515 2095 2775 2161 gemus:
2833 2075 3033 2141 velim
3092 2072 3258 2138 mihi
3301 2073 3577 2139 missam
3618 2072 3901 2137 definiat
3992 2073 4140 2157 Ego
4181 2073 4471 2156 quidem,

2516 2182 2721 2245 quum
2779 2160 2862 2226 de
2924 2161 3128 2226 missa
3180 2158 3437 2242 loquor,
3507 2159 3829 2225 aetionem
3898 2157 4085 2223 illam
4149 2158 4469 2244 intelligo,

2516 2268 2688 2330 quae
2729 2247 2801 2312 in
2842 2247 3063 2313 looum
3105 2264 3348 2311 eoenae
3390 2243 3754 2309 dominicae
3787 2243 4144 2329 subrogata
4186 2252 4316 2311 est:
4362 2244 4474 2311 ubi

2517 2333 2813 2398 offertur·
2837 2331 3147 2398 Christus
3188 2331 3361 2414 patri
3403 2330 3476 2395 in
3511 2330 3931 2406 saerifioium,
3972 2330 4085 2394 ubi
4119 2331 4313 2414 panis
4354 2351 4475 2416 pro

2518 2417 2666 2483 Deo
2710 2417 3041 2496 adoratur,
3084 2415 3198 2482 ubi
3240 2435 3416 2481 unus
3459 2435 3754 2482 seorsum
3799 2424 3988 2481 vorat
4030 2415 4203 2498 quod
4247 2437 4475 2483 eonse-

2519 2503 2761 2583 eravit,
2819 2502 2933 2569 ubi
2988 2502 3370 2569 solennibus
3424 2501 3644 2568 verbis
3696 2501 4063 2584 coneipitur
4104 2503 4314 2567 oratio
4330 2555 4346 2580 ,
4400 2513 4477 2569 ut

2519 2589 2742 2656 valeat
2791 2588 3186 2668 saorifioium
3237 2585 3407 2652 illud
3457 2586 3801 2670 expiandis
3844 2586 4152 2653 vivorum
4193 2597 4265 2653 et
4301 2608 4475 2654 mor-

2517 2681 2784 2741 tuorum
2829 2676 3133 2759 peoeatis.
3220 2673 3330 2740 Ex
3384 2673 3521 2753 his,
3575 2673 3645 2738 in
3689 2693 3872 2751 uam,
3926 2672 4339 2740 aestimanda
4376 2681 4477 2741 est

2520 2762 2751 2841 missa,
2805 2781 2942 2826 non
2999 2774 3219 2826 autem
3273 2778 3360 2824 ex
3407 2760 3574 2826 fueis
3630 2760 3643 2772 ‘
3702 2758 3791 2838 is,
3845 2758 4085 2842 quibus
4140 2760 4316 2843 pieta
4352 2768 4469 2836 est,

2523 2845 2608 2911 ad
2658 2845 3076 2924 fasoinandas
3139 2844 3488 2910 hominum
3549 2851 3829 2909 mentes.
3914 2842 4099 2926 Quid
4155 2846 4351 2925 enim,
4412 2847 4471 2911 si

2524 2931 2774 3000 colores
2817 2934 3074 2998 furatus
3116 2932 3206 2996 sit
3243 2928 3453 2996 Satan
3496 2949 3537 2993 a
3578 2929 3849 2996 Christo
3891 2938 3960 2996 et
4001 2930 4310 3015 apostolis
4324 2981 4341 3011 ,
4384 2931 4473 2997 ad

2522 3015 2870 3103 tegendam
2936 3017 3485 3084 abominationem
3499 3066 3515 3094 ,
3590 3015 3779 3081 euius'
3839 3016 3982 3099 ipse
4046 3017 4224 3083 solus
4285 3023 4477 3084 autor
4540 3061 4547 3068 -

2522 3111 2669 3172 erat
2708 3109 2778 3171 et
2810 3100 3251 3171 arohiteotus?
3317 3100 3535 3167 Ornet
3572 3101 3778 3186 igitur
3811 3121 4011 3184 quam
4051 3102 4236 3169 volet
4279 3102 4480 3169 hono-

2520 3192 2723 3257 rificis
2765 3189 2995 3275 elogiis
3037 3188 3148 3254 bio
3188 3188 3404 3254 bonus
3444 3187 3551 3252 vir
3602 3207 3791 3253 suam
3832 3188 4106 3253 missam
4119 3239 4135 3266 ,
4205 3210 4336 3254 non
4378 3199 4479 3254 ta·

2521 3297 2679 3343 men
2721 3277 2821 3342 ita
2859 3275 3083 3342 oeulos
3124 3273 3292 3338 mihi
3334 3274 3766 3357 perstringet,
3811 3279 3890 3338 ut
3930 3281 4284 3357 praetextu
4328 3295 4481 3341 oon·

2518 3370 2748 3429 tentus
2789 3381 3028 3444 eorpus
3068 3360 3288 3442 ipsum
3336 3359 3440 3423 vel
3483 3358 3938 3437 substantiam,
3984 3367 4065 3424 ut
4100 3359 4479 3442 loquuntur,

2523 3449 2773 3515 intueri
2813 3445 3126 3512 desinam.
3193 3450 3343 3524 [pag.
3385 3450 3533 3525 128]
3573 3445 3804 3524 Porro,
3846 3451 3928 3509 ut
3962 3444 4067 3514 illi
4109 3445 4489 3524 oonoedam,

2524 3535 2772 3599 multas
2826 3532 2964 3599 illio
3013 3551 3159 3598 esse
3214 3530 3652 3613 eorruptelas,
3706 3550 3875 3614 quae
3928 3551 3968 3595 a
4024 3529 4217 3597 bonis
4268 3531 4479 3598 initiis

2524 3627 2708 3686 ortae
2757 3620 2920 3685 sint:
2988 3637 3328 3700 nunquam
3395 3615 3479 3681 id·
3520 3636 3561 3682 a
3623 3637 3730 3681 me
3782 3613 4128 3696 obtinebit,
4209 3618 4485 3708 missam

2526 3726 2670 3772 esse
2713 3724 2988 3772 coenam
3029 3702 3322 3780 Domini,
3367 3701 3689 3767 vitiatam.
3715 3703 4046 3768 extraneis
4089 3702 4493 3786 quibusdam·

2523 3790 3069 3875 inquinamentis:
3139 3795 3394 3872 pugnat
3458 3788 3636 3852 enim
3700 3786 3913 3853 modis
3975 3788 4283 3855 omnibus
4331 3810 4484 3856 oum

2525 3897 2733 3952 ooena
2753 3874 3052 3942 Domini:
3088 3883 3165 3939 ut
3200 3872 3366 3939 nihil
3397 3874 3612 3957 magis
3643 3874 4049 3939 eontrarium
4082 3874 4249 3959 fingi
4269 3884 4482 3957 queat.

2492 3963 2701 4046 ⁴Nam
2744 3961 2801 4029 si
2856 3959 3013 4027 inde
3055 3958 3290 4025 melior
3345 3965 3462 4024 aut
3504 3958 3741 4024 saltem
3795 3959 4200 4026 tolerabilior
4242 3960 4343 4025 illi
4385 3961 4482 4027 vi·

2527 4048 2735 4126 detur,
2778 4047 2936 4131 quia
2968 4047 3213 4112 abusus
3245 4051 3350 4111 est
3379 4064 3624 4111 ooenae
3654 4043 4046 4111 dominicae:
4091 4046 4485 4128 respondeat

2524 4135 2721 4211 milii,
2774 4132 2954 4198 unde
2995 4132 3217 4230 omnia
3258 4131 3557 4215 gentium
3600 4149 3817 4229 saera,
3874 4132 4077 4197 etiam
4102 4131 4483 4217 -Aegyptio-

2525 4241 2707 4319 rum,
2753 4218 2990 4302 quibus
3034 4216 3205 4282 nihil
3246 4225 3349 4282 est
3366 4215 3736 4316 ‘absurdius
3763 4224 3909 4316 ’aut‘
3938 4216 4212 4297 foedius,
4258 4237 4482 4283 mana-

2525 4315 2682 4371 rint.
2771 4305 2884 4372 An
2935 4324 3070 4369 non
3127 4324 3213 4368 ex
3253 4302 3567 4386 legitimis
3611 4302 3978 4381 saorifioiis,
4040 4323 4210 4385 quae
4254 4324 4296 4368 a
4338 4301 4483 4367 Deo

2453 4457 2464 4466 ,
2525 4392 2673 4475 ipso
2745 4390 2943 4474 primi
3019 4388 3437 4472 patriarchae
3507 4387 3940 4470 aoeeperant?
4029 4388 4206 4453 Nam
4279 4409 4481 4471 quum

2525 4477 2714 4542 initio
2748 4495 2992 4577 purum
3024 4475 3223 4540 unius
3242 4473 3376 4540 Dei
3408 4472 3663 4539 cultum
3697 4472 4022 4539 haberent
4050 4474 4174 4539 filii
4193 4473 4405 4553 Noah,
4431 4475 4483 4559 ¹)

2525 4568 2807 4647 posteris
2861 4560 3063 4627 etiam
3101 4560 3292 4644 quasi
3342 4580 3462 4643 per
3514 4579 3753 4625 manus
3794 4558 4245 4626 tradiderunt:
4297 4558 4485 4626 brevi

2528 4656 2754 4715 autem
2794 4648 3041 4714 faotum
3084 4653 3204 4725 est,
3249 4651 3327 4711 ut
3370 4644 3443 4710 hi
3475 4643 3951 4730 degenerarent
3988 4667 4030 4711 a
4061 4645 4310 4712 sanetis
4343 4665 4485 4712 ma-

2525 4736 2742 4800 iorum
2816 4731 3158 4798 institutis.
3247 4731 3341 4796 At
3414 4731 3647 4797 maiori
3724 4731 4211 4798 abominatione
4285 4730 4486 4815 digna

2526 4821 2798 4886 fuerunt
2848 4837 3034 4884 saera
3077 4816 3456 4902 gentilium,
3516 4816 3691 4900 quod
3735 4816 3861 4883 diis
3905 4817 4140 4883 alienis
4182 4818 4485 4882 nomina-

2670 5093 2729 5174 1)
2784 5108 3013 5163 Praeter
3046 5106 3368 5176 mrim-ipen·
3419 5121 3602 5160 omnes
3663 5105 3916 5162 mendose
3959 5093 4237 5162 amount.-
4283 5105 4488 5174 Noath,

2530 5178 2678 5250 quod
2713 5175 3235 5246 Amtelodameneis
3269 5175 3482 5230 demum
3515 5174 3826 5231 mandavit
3857 5177 3920 5229 in
3954 5174 4161 5230 Noaeh.
