4967 5992
439 1267 848 1339 IOANNES
893 1265 1385 1347 GALVINUS,
1430 1264 1939 1335 FIDELIBUS
1976 1267 2360 1336 CHRISTI
2402 1232 2901 1349 MIssHS'rRIs,
2946 1268 3112 1351 Qm
3156 1271 3344 1337 PER
3400 1268 3795 1338 FRISIAM
3832 1271 4453 1343 ORmN'rALEM

1319 1378 1653 1446 PURAM
1694 1378 2223 1447 EVANGELII
2265 1379 2826 1447 DOCTRINAM
2859 1380 3484 1449 ANNUNOIANT.
3515 1384 3563 1468 ¹)

751 1551 976 1635 Quum
1011 1551 1141 1617 huc
1182 1550 1391 1617 modis
1445 1551 1748 1618 omnibus
1793 1552 1954 1617 eniti
1998 1571 2117 1617 nos
2157 1552 2522 1631 conveniat,
2568 1560 2644 1618 ut
2686 1553 2860 1619 inter
2903 1574 3022 1619 nos
3067 1553 3360 1620 reluceat
3402 1553 3517 1620 illa
3559 1575 3725 1638 quae
3772 1562 4112 1640 tantopere
4153 1532 4194 1622 a
4235 1558 4451 1626 Paulo

438 1664 936 1734 commendatur
967 1662 1124 1730 fidei
1155 1664 1391 1744 unitas,
1430 1661 1515 1728 ad
1535 1661 1711 1729 hunc
1746 1669 1923 1729 certe
1960 1664 2161 1729 finem
2197 1662 2612 1746 potissimum
2646 1664 2935 1731 solennis
2976 1664 3131 1732 fidei
3173 1665 3506 1750 professio,
3551 1687 3716 1750 quae
3758 1668 4081 1753 baptismo
4121 1670 4453 1736 communi

439 1799 701 1846 annexa
742 1784 861 1857 est,
906 1774 1183 1842 debebat
1224 1775 1473 1841 referri.
1560 1772 1849 1841 Proinde
1893 1772 2000 1841 hic
2047 1794 2182 1841 non
2225 1781 2624 1858 perpetuum
2675 1775 2867 1842 modo
2922 1778 3099 1843 inter
3150 1797 3378 1844 omnes
3429 1798 3824 1846 consensum
3881 1780 3952 1844 in
3993 1778 4257 1866 pietatis
4300 1779 4452 1848 doc-

438 1893 619 1957 triua
661 1898 960 1957 constare
977 1937 992 1965 ‚
1028 1886 1146 1954 sed
1187 1907 1390 1952 unam
1424 1907 1681 1970 quoque
1723 1885 2011 1953 ecclesiis
2045 1884 2348 1952 omnibus
2391 1907 2536 1952 esse
2581 1886 2963 1954 catechismi
3006 1888 3288 1954 formam
3320 1888 3683 1972 optandum
3726 1897 3919 1955 esset.
3989 1890 4262 1971 Verum,
4299 1893 4452 1975 quia

436 2003 681 2070 multas
721 2001 802 2067 ob
848 2019 1079 2067 causas
1121 1999 1233 2065 vix
1260 1990 1566 2081 “unquam
1608 1996 1679 2062 id
1721 1998 1960 2080 poterit
2003 1997 2307 2077 obtineri,
2366 1999 2527 2081 quin
2572 2020 2763 2065 suam
2806 2019 3103 2083 quaeque
3143 1999 3420 2068 ecclesia
3461 2001 3798 2086 propriam
3842 2001 4115 2082 habeat,
4170 2023 4304 2068 non
4351 2012 4453 2069 est

437 2113 897 2183 vehementius
938 2109 1401 2196 pugnandum:
1448 2109 1644 2175 modo
1690 2117 1911 2175 tamen
1955 2128 2036 2173 ea
2078 2109 2168 2174 sit
2208 2109 2282 2174 in
2322 2108 2597 2175 docendi
2650 2109 2842 2176 modo
2887 2111 3203 2192 varietas,
3259 2133 3393 2196 qua
3434 2110 3519 2177 ad
3561 2134 3772 2178 unum
3816 2111 4164 2179 Christum
4208 2111 4452 2199 diriga-

435 2248 592 2293 mur
632 2246 879 2301 omnes,
913 2223 1103 2290 cuius
1139 2222 1420 2288 veritate
1465 2223 1640 2287 inter
1681 2242 1803 2287 nos
1847 2220 2134 2304 copulati
2179 2222 2273 2286 sic
2315 2222 2386 2286 in
2426 2241 2638 2286 unum
2681 2241 2919 2304 corpus
2964 2221 3405 2289 coalescamus
3448 2244 3791 2307 unumque
3832 2225 4166 2307 spiritum,
4220 2232 4298 2290 ut
4340 2245 4454 2292 eo-

434 2338 593 2404 dem
626 2336 825 2404 simul
867 2356 998 2415 ore,
1042 2352 1466 2418 quaecunque
1508 2331 1591 2398 ad
1625 2331 1779 2397 fidei
1812 2352 2138 2397 summam
2181 2338 2498 2416 spectant,
2544 2331 3012 2415 praedicemus.
3082 2332 3191 2400 Ad
3235 2333 3414 2399 hunc
3456 2355 3728 2420 scopum
3768 2336 3882 2418 qui
3923 2355 4059 2400 non
4097 2335 4458 2402 intendunt

435 2449 849 2528 catechistae,
892 2452 1350 2531 praeterquam
1391 2442 1563 2527 quod
1606 2442 1863 2510 dissidii
1905 2442 2256 2509 materiam
2295 2442 2366 2508 in
2411 2442 2729 2527 religione
2770 2443 3047 2511 serendo
3090 2444 3458 2530 capitaliter
3500 2455 3743 2514 nocent
3796 2445 4133 2527 ecclesiae,
4175 2447 4453 2531 impiam

435 2582 704 2646 quoque
722 2557 1029 2643 baptismi
1049 2556 1564 2641 profanationem
1585 2553 1930 2622 inducunt.
1993 2550 2187 2636 Quae
2208 2556 2386 2621 enim
2409 2555 2691 2639 amplius
2713 2556 3022 2642 baptismi
3045 2556 3318 2636 utilitas,
3341 2557 3473 2623 nisi
3494 2568 3762 2624 maneat
3782 2557 3906 2624 hoc
3927 2558 4456 2639 fundamentum,

434 2688 516 2740 ut
574 2673 1058 2738 consentiamus
1112 2688 1340 2734 omnes
1382 2667 1454 2733 in
1505 2687 1707 2733 unam
1750 2665 1991 2732 fidem?
2082 2664 2232 2747 Quo
2286 2664 2668 2750 diligentius
2726 2687 2959 2733 cavere
3003 2666 3273 2745 debent,
3332 2668 3448 2753 qui
3490 2670 3918 2736 catechismos
3963 2669 4171 2735 edunt
4210 2670 4284 2735 in
4324 2689 4452 2754 pu·

436 2785 706 2865 blicum,
743 2804 828 2851 ne
850 2779 1011 2867 quid
1045 2789 1290 2847 temere
1324 2777 1711 2864 proferendo
1746 2800 1883 2844 non
1917 2780 1987 2844 in
2022 2798 2332 2864 praesens
2365 2776 2562 2844 modo
2595 2777 2712 2844 sed
2750 2778 2952 2845 etiam
2987 2777 3072 2843 ad
3104 2785 3421 2862 posteros,
3459 2788 3601 2846 tum
3625 2801 3894 2867 gravem
3927 2781 4157 2865 pietati
4190 2800 4454 2860 noxam,

437 2907 589 2963 tum
632 2895 895 2962 exitiale
937 2892 1247 2975 ecclesiae
1289 2891 1533 2959 vulnus
1575 2891 1894 2977 infligant.
1981 2890 2129 2957 Hoc
2182 2889 2329 2956 ideo
2385 2890 2668 2972 praefari
2708 2889 2913 2971 volui,
2970 2898 3048 2955 ut
3085 2888 3157 2956 id
3198 2912 3306 2957 me
3348 2912 3601 2976 quoque
3615 2942 3633 2972 ,
3689 2892 3884 2958 sicuti
3925 2912 4047 2977 par
4088 2901 4258 2973 erat,
4313 2914 4452 2959 non

434 3018 775 3094 postremo
818 3007 958 3072 loco
1001 3012 1349 3089 spectasse,
1394 3010 1709 3070 testatum
1751 3009 1926 3068 esset
1967 3001 2334 3082 lectoribus,
2377 3022 2462 3067 ne
2508 3005 2627 3080 [fol.
2674 3006 2739 3082 3]
2785 3000 2944 3085 quid
2985 3001 3057 3067 in
3100 3003 3226 3069 isto
3269 3024 3416 3070 meo
3461 3002 3855 3070 catechismo
3899 3002 4229 3069 traderem
4243 3056 4259 3083 ,
4315 3006 4450 3070 nisi

438 3126 742 3206 receptae
795 3120 974 3184 inter
1024 3137 1252 3182 omnes
1305 3115 1448 3198 pios
1506 3112 1840 3180 doctrinae
1895 3119 2426 3180 consentaneum.
2516 3112 2739 3197 Atque
2797 3113 2867 3179 id
2909 3114 3126 3196 ipsum
3140 3165 3158 3195 ,
3213 3113 3390 3199 quod
3440 3115 3754 3197 profiteor
3768 3166 3784 3193 ,
3834 3135 3969 3181 non
4015 3136 4265 3180 vanum
4308 3134 4453 3182 csse

437 3231 874 3316 comperient,
920 3228 1034 3313 qui
1076 3224 1422 3293 candorem
1465 3225 1536 3291 in
1578 3224 1855 3311 legendo
1900 3244 2267 3309 sanumque
2309 3222 2627 3292 iudicium
2671 3222 3107 3291 adhibuerint.
3197 3224 3397 3291 Certe
3439 3246 3547 3292 me
3589 3232 4068 3309 consequutum
4110 3246 4252 3293 esse
4293 3246 4452 3292 con-

437 3344 605 3420 fido,
659 3351 734 3408 ut
785 3341 974 3408 labor
1012 3359 1202 3405 meus
1244 3339 1434 3404 bonis
1477 3338 1799 3417 omnibus,
1844 3338 1904 3405 si
1944 3359 2081 3403 non
2122 3336 2493 3416 satisfaciat,
2551 3343 2781 3422 gratus
2827 3342 3050 3403 tamen
3093 3339 3208 3417 sit,
3264 3345 3341 3402 ut
3379 3338 3494 3421 qui
3537 3336 3719 3402 utilis
3761 3335 3845 3402 ab
3883 3337 4043 3419 ipsis
4086 3344 4449 3403 censeatur.

438 3454 640 3537 Quod
682 3460 903 3519 autem
944 3451 1224 3517 latinum
1265 3450 1418 3528 feci,
1473 3449 1547 3514 in
1590 3471 1665 3516 eo
1710 3450 1769 3516 si
1807 3450 1974 3516 forte
2016 3447 2411 3533 quibusdam
2454 3468 2590 3513 non
2631 3447 3017 3532 probabitur
3056 3468 3278 3514 meum
3322 3447 3699 3526 consilium,
3746 3446 3889 3512 eius
3932 3454 4158 3512 tamen
4199 3446 4451 3514 multae

438 3566 728 3633 rationes
760 3564 927 3629 mihi
970 3568 1293 3640 constant,
1337 3582 1499 3646 quas
1541 3583 1715 3629 nunc
1750 3562 1995 3628 referre
2039 3580 2267 3627 omnes
2322 3558 2495 3626 nihil
2527 3560 2792 3626 attinet:
2838 3580 2950 3627 eas
2963 3558 3020 3642 2)
3057 3564 3320 3625 tantum
3353 3558 3611 3644 eligam,
3654 3577 3824 3642 quac
3858 3557 3941 3622 ad
3975 3556 4309 3624 vitandam
4341 3580 4450 3626 re-

438 3677 945 3764 prehensionem
979 3675 1278 3740 sufficere
1311 3672 1677 3740 videantur.
1746 3674 2051 3740 Primum
2081 3672 2157 3738 in
2191 3672 2314 3739 hoc
2357 3680 2497 3738 tam
2538 3672 2807 3739 confuso
2852 3669 3296 3755 dissipatoque
3337 3669 3679 3738 christiani
3718 3670 4004 3735 nominis
4047 3677 4252 3750 statu,
4286 3670 4448 3737 utile

439 3810 592 3856 esse
632 3787 865 3866 iudico,
910 3794 1166 3852 exstare
1208 3785 1473 3869 publica
1513 3786 1891 3851 testimonia
1904 3836 1921 3864 ,
1967 3784 2202 3869 quibus
2248 3783 2585 3863 eeclesiae,
2630 3802 2796 3867 quae
2837 3782 3053 3868 longis
3096 3781 3336 3866 alioqui
3374 3781 3666 3848 locorum
3709 3781 3940 3865 spatiis
3983 3780 4248 3848 dissitas
4290 3803 4449 3849 con-

440 3899 842 3967 sentientem
883 3896 1128 3963 habent
1169 3897 1241 3962 in
1285 3895 1549 3963 Christo
1594 3896 1978 3977 doctrinam,
2023 3917 2094 3962 se
2139 3901 2369 3961 mutuo
2413 3900 2789 3978 agnoscant.
2877 3893 3356 3978 Praeterquam
3397 3895 3573 3959 enim
3614 3892 3786 3977 qnod
3830 3892 3915 3959 ad
3958 3900 4253 3959 mutuam
4293 3913 4447 3959 cou-

438 4011 885 4080 firmationem
926 4032 1057 4075 non
1101 4030 1333 4094 parum
1375 4008 1556 4075 istud
1589 4008 1795 4074 valet:
1840 4007 1998 4091 quid
2038 4007 2253 4091 magis
2292 4004 2755 4090 expetendum,
2800 4026 2998 4090 quam
3040 4010 3116 4071 ut
3154 4006 3279 4072 sibi
3319 4005 3496 4072 ultro
3531 4004 3824 4089 citroque
3859 4004 4284 4089 gratulantes,
4320 4003 4446 4086 piis

440 4125 620 4190 votis
663 4124 831 4189 aliae
873 4121 1035 4187 alias
1074 4121 1361 4187 Domino
1415 4118 1921 4187 commendent?
1980 4119 2278 4186 solebant
2333 4117 2492 4184 olim
2548 4120 2617 4183 in
2671 4119 2848 4185 hunc
2900 4119 3103 4183 finem
3159 4117 3459 4202 episcopi,
3504 4138 3709 4201 quum
3751 4115 3964 4181 adhuc
4016 4122 4222 4181 staret
4271 4115 4447 4179 inter

440 4255 673 4302 omnes
694 4235 1074 4319 vigeretque
1105 4231 1261 4297 fidei
1295 4251 1672 4311 consensus,
1710 4229 2057 4317 synodales
2092 4229 2398 4314 epistolas
2433 4237 2620 4294 trans
2656 4250 2836 4295 mare
2872 4232 3158 4295 mittere:
3205 4227 3464 4312 quibus,
3509 4236 3820 4311 tanquam
3864 4226 4147 4303 tesseris,
4189 4243 4445 4291 sacram

443 4350 624 4415 inter
671 4344 974 4412 ecclesias
1018 4343 1545 4409 communionem
1589 4343 1939 4411 sancirent.
2029 4340 2300 4423 Quanto
2343 4361 2524 4405 nunc
2539 4391 2555 4417 ‚
2609 4340 2681 4405 in
2722 4341 2848 4406 hac
2899 4348 3039 4406 tam
3093 4339 3422 4405 horrenda
3477 4334 3821 4405 christiani
3875 4333 4048 4401 orbis
4105 4335 4441 4416 vastitate,

444 4458 661 4544 magis
704 4476 967 4523 necesse
1012 4462 1129 4534 est,
1175 4474 1417 4537 paucas
1462 4455 1797 4534 ecclesias,
1855 4474 2025 4538 quae
2066 4453 2286 4518 Deum
2330 4452 2457 4517 rite
2499 4453 2838 4531 invocant,
2895 4459 2963 4516 et
3003 4471 3113 4517 eas
3156 4450 3420 4534 quidem
3464 4447 3818 4530 dispersas,
3875 4451 3943 4511 et
3984 4445 4270 4529 undique
4312 4446 4441 4513 cir-

435 4575 818 4654 cumseptas
861 4566 1149 4651 profanis
1194 4565 1586 4632 Antichristi
1630 4566 1981 4649 synagogis
1995 4616 2013 4644 ,
2070 4564 2196 4631 hoc
2249 4569 2515 4629 sanctae
2557 4562 3030 4628 coniunctionis
3074 4560 3445 4645 symbolum
3486 4558 3641 4639 dare
3686 4556 3975 4623 vicissim
4018 4562 4087 4622 et
4126 4556 4438 4640 accipere,

434 4681 621 4749 unde
670 4680 754 4746 ad
806 4678 1028 4758 illum,
1086 4698 1281 4762 quem
1327 4676 1496 4755 dixi,
1553 4674 1968 4758 complexum
2011 4673 2414 4741 incitentur?
2508 4672 2706 4755 Quod
2751 4673 2809 4740 si
2854 4673 2976 4738 hoc
3035 4670 3196 4737 adeo
3239 4676 3340 4736 est
3394 4668 3588 4734 hodie
3634 4667 4107 4748 necessarium,
4163 4665 4323 4751 quid
4363 4665 4444 4732 de

434 4792 823 4879 posteritate
867 4789 1269 4856 sentiemus?
1360 4786 1467 4852 De
1510 4807 1641 4870 qua
1678 4807 1797 4870 ego
1842 4786 1937 4851 sic
1980 4806 2129 4851 sum
2173 4785 2442 4864 anxius,
2502 4793 2581 4848 ut
2623 4792 2845 4850 tamen
2889 4784 3004 4849 vix
3047 4781 3334 4865 cogitare
3378 4780 3671 4845 audeam.
3761 4780 3909 4845 Nisi
3951 4779 4129 4844 enim
4170 4778 4440 4844 mirabi-

435 4905 597 4970 liter
636 4902 823 4968 Deus
870 4922 907 4966 e
961 4900 1136 4967 coelo
1190 4899 1613 4977 succurrerit,
1672 4896 1893 4964 videre
1947 4895 2113 4960 mihi
2154 4895 2380 4962 videor
2437 4901 2801 4960 extremam
2857 4892 3224 4961 barbariem
3279 4891 3657 4975 impendere
3704 4898 3819 4970 [fot
3858 4896 3923 4971 4]
3970 4890 4126 4956 orbi.
4206 4889 4435 4972 ‘Atque

450 5078 647 5085 --—-
666 5077 805 5085 -ψ

755 5191 813 5257 1)
852 5191 1005 5246 Haec
1044 5191 1322 5259 praefatio
1365 5191 1631 5245 omittitur
1666 5190 1727 5242 in
1759 5185 1881 5241 odd.
1926 5187 2273 5241 manualibus
2310 5181 2443 5237 1561
2480 5199 2620 5254 seqq.
2897 5182 2957 5247 2)
2995 5198 3115 5250 eas,
3163 5199 3263 5237 om.
3281 5184 3499 5252 pn’mus
3539 5181 3824 5236 Gallaecos
3858 5177 4019 5248 1552,
4062 5182 4250 5246 postea
4285 5176 4436 5230 Bam

436 5277 585 5334 1⁶76
615 5293 754 5348 seqq.
3961 5347 4022 5400 1*
