4967 5992
620 339 747 401 459
2226 332 2354 397 DE
2399 327 3038 397 NECESSITATE
4513 332 4636 396 460

621 530 879 607 tempus
920 519 1286 598 festinasse,
1331 524 1399 583 et
1440 517 1612 584 nihil
1655 526 1919 600 temere,
1963 518 2129 585 nihil
2167 519 2379 585 officio
2424 539 2579 585 nos·

621 616 723 673 tro
778 606 1070 672 alienum
1113 604 1316 670 fuisse
1360 624 1734 688 aggressos,
1794 604 2074 688 denique
2118 604 2291 669 nihil
2324 604 2575 683 fecisse,

616 694 745 759 nisi
801 712 1061 758 summa
1117 690 1510 757 necessitate
1562 698 1833 756 coactos.
1923 691 2072 756 Hoc
2135 697 2213 755 ut
2276 690 2577 769 efficiam,

616 772 977 845 videndum
1017 776 1410 861 quibusnam
1452 773 1534 840 de
1577 776 1773 842 rebus
1816 775 2005 842 nobis
2048 776 2136 842 sit
2176 784 2531 842 certamen.

788 862 1019 945 Quum
1050 863 1238 928 Deus
1278 860 1469 925 initio
1510 860 1888 927 Lutherum
1930 871 1998 928 et
2039 861 2200 927 alios
2244 862 2575 939 excitavit,

616 950 732 1035 qui
775 950 966 1015 nobis
1007 949 1216 1014 facem
1259 945 1345 1010 ad
1385 946 1846 1030 reperiendam
1889 947 2123 1013 salutis
2165 948 2344 1013 viam
2385 967 2577 1029 prae-

617 1036 949 1113 tulenmt,
1006 1043 1075 1099 et
1133 1051 1411 1115 quorum
1473 1032 1840 1098 ministerio
1903 1030 2216 1098 fundatae
2273 1040 2435 1098 sunt
2510 1038 2580 1097 et

618 1122 967 1189 institutae
1029 1125 1296 1184 nostrae
1362 1116 1673 1185 ecclesiae
1689 1169 1704 1196 ,
1769 1118 2047 1184 dicimus
2111 1139 2190 1183 ea
2243 1118 2579 1184 doctrinae

619 1207 852 1291 capita,
896 1203 1132 1289 quibus
1173 1201 1514 1286 religionis
1557 1211 1819 1269 nostrae
1862 1204 2130 1281 veritas,
2175 1203 2412 1285 quibus
2454 1223 2578 1286 pu-

617 1314 734 1359 rus
777 1301 844 1357 et
885 1289 1221 1374 legitimus
1263 1287 1395 1355 Dei
1439 1287 1655 1354 cultus
1671 1340 1687 1369 ,
1731 1287 1967 1372 quibus
2010 1289 2190 1355 salus
2233 1289 2580 1354 hominum

616 1378 993 1446 continetur
1006 1426 1021 1454 ,
1073 1375 1277 1440 fuisse
1317 1373 1793 1458 propemodum
1838 1373 2104 1440 abolita:
2149 1373 2429 1440 dicimus
2473 1396 2580 1440 sa-

616 1469 1110 1532 cramentorum
1179 1480 1376 1524 usum
1428 1460 1661 1524 multis
1727 1457 1937 1525 modis
2000 1461 2204 1526 fuisse
2270 1460 2580 1525 vitiatum

615 1557 685 1616 et
718 1547 1071 1633 pollutum:
1108 1542 1387 1611 dicimus
1418 1550 1567 1625 [pag.
1593 1548 1662 1624 6]
1694 1544 2000 1613 ecclesiae
2034 1545 2580 1629 guber-'nationem

617 1637 690 1701 in
733 1633 1019 1719 speeiem
1061 1629 1287 1696 foedae
1332 1640 1401 1694 et
1442 1650 1572 1694 non
1617 1630 1924 1695 ferendae
1967 1629 2341 1715 'tyrannidis
2376 1633 2578 1697 fuisse

618 1739 1026 1788 conversam.
1113 1715 1300 1781 Haeo
1354 1715 1520 1779 forte
1565 1715 1862 1782 nondum
1916 1716 2000 1781 ad
2054 1716 2376 1805 quosdam
2428 1736 2578 1800 per·

619 1803 980 1872 movendos
1022 1801 1184 1868 satis
1227 1798 1495 1865 valeant
1508 1851 1524 1879 ,
1572 1799 1779 1867 donec
1821 1801 2057 1867 melius
2099 1803 2575 1885 exprimantur.

616 1892 893 1958 Faciam
923 1889 1148 1971 igitur,
1193 1905 1330 1950 non
1363 1893 1683 1969 quantum
1725 1908 1832 1957 res
1862 1886 2176 1970 postulat,
2218 1888 2336 1953 sed
2369 1909 2578 1971 quan-

525 2042 536 2053 ,
619 1986 766 2051 tum
825 1973 1103 2040 facultas
1149 1992 1304 2045 mea
1356 1971 1542 2037 feret.
1632 1972 1861 2055 Neque
1917 1981 2141 2039 tamen
2184 1973 2294 2040 hic
2348 1994 2578 2039 omnes

618 2056 1104 2129 controversias
1146 2076 1488 2125 recensere
1531 2066 1599 2123 et
1637 2066 1947 2127 excutere
2001 2060 2412 2143 propositum
2456 2068 2575 2125 est.

616 2148 924 2231 Longam
958 2145 1136 2209 enim
1174 2141 1684 2226 disputationem
1715 2142 1781 2208 id
1816 2146 2208 2228 requireret:
2256 2146 2362 2210 cui
2399 2167 2579 2213 nunc

618 2252 757 2298 non
812 2239 916 2297 est
969 2228 1168 2295 locus.
1258 2228 1549 2294 Tantum
1602 2230 1895 2313 proferre
1952 2231 2021 2295 in
2066 2230 2360 2297 medium
2404 2230 2576 2311 volo,

611 2338 817 2402 quam
847 2317 1061 2381 iustae
1104 2320 1173 2378 et
1205 2315 1613 2380 necessariae
1654 2335 1890 2381 causae
1923 2328 2052 2381 nos
2087 2316 2172 2382 ad
2216 2317 2389 2382 hanc
2431 2338 2579 2382 mu·

615 2403 968 2480 tationem,·
984 2420 1150 2483 quae
1183 2398 1372 2465 nobis
1408 2400 1571 2466 vitio
1593 2401 1897 2479 vertitur,
1936 2403 2287 2485 coegerint.
2346 2401 2579 2484 Quan-

497 2484 508 2495 ”
616 2508 812 2572 quam
855 2484 1153 2570 expediri
1192 2483 1318 2552 hoc
1361 2506 1495 2550 000
1529 2493 1763 2568 potest,
1807 2487 1966 2570 quin
2009 2488 2142 2552 tria
2166 2488 2364 2554 simul
2400 2509 2578 2554 com·

616 2573 885 2657 plectar.
986 2570 1242 2653 Nempe
1316 2581 1393 2635 ut
1454 2570 1620 2637 vitia
1693 2570 1984 2639 breviter
2047 2594 2579 2653 commemorem,

616 2680 785 2744 quae
816 2677 939 2723 nos
959 2655 1044 2721 ad
1076 2656 1453 2739 quaerenda
1486 2658 1781 2723 remedia
1812 2658 2236 2742 impulerunt.
2296 2659 2577 2741 Deinde,

617 2752 694 2811 ut
728 2744 811 2810 de
853 2740 1161 2809 remediis
1201 2742 1386 2825 ipsis,
1431 2763 1600 2827 quae
1642 2764 1682 2808 a
1724 2745 1966 2810 nostris
2000 2744 2379 2812 hominibus
2422 2754 2580 2813 sunt

616 2829 940 2907 adhibita,
996 2849 1195 2915 quam
1229 2834 1386 2911 apta
1436 2828 1685 2894 fuerint
1726 2838 1793 2894 et
1832 2830 2178 2909 salutaria,
2238 2831 2576 2898 disseram.

617 2918 967 2984 Postremo
1030 2921 1110 2978 ut
1168 2912 1446 2996 planum
1519 2914 1755 2981 faciam
1770 2967 1784 2993 ‚
1860 2937 2062 2999 quam
2124 2936 2261 2981 non
2315 2918 2582 2985 licuerit

617 3018 943 3085 suspensa
997 3019 1208 3065 manu
1265 2998 1547 3065 ulterius
1602 2999 1870 3067 differre
1883 3053 1899 3081 ,
1958 3023 2165 3085 quum
2218 3025 2325 3068 res
2390 3025 2580 3087 prae·

620 3096 916 3171 sentem,
956 3084 1480 3151 emendationem
1553 3085 1902 3173 flagitaret.
2003 3089 2310 3154 Primum
2392 3089 2578 3170 illud,

620 3173 775 3257 quia
809 3180 1074 3241 tantum
1107 3169 1255 3237 idco
1289 3171 1635 3255 attingam,
1679 3179 1756 3238 ut
1783 3173 1950 3239 mihi
1980 3174 2161 3241 viam
2205 3175 2291 3241 ad
2327 3175 2583 3259 reliqua

616 3257 982 3343 patefaciat,
1026 3256 1313 3323 conabor
1354 3258 1584 3342 paucis
1627 3259 2090 3345 perstringere.
2137 3260 2224 3325 In
2268 3259 2581 3327 diluendo

617 3343 978 3427 sacrilegae
1035 3341 1348 3408 audaciae
1402 3350 1470 3408 et
1523 3343 1863 3411 seditionis
1906 3347 2211 3426 crimine,
2256 3367 2383 3429 quo
2427 3368 2581 3432 gra-

617 3452 884 3511 vamur,
942 3428 1130 3512 quasi
1171 3429 1554 3512 importima
1595 3431 2014 3498 festinatione
2027 3483 2042 3511 ,
2104 3430 2278 3516 quod
2320 3440 2580 3499 nostra-

617 3537 771 3581 rum
825 3514 1118 3598 partium
1186 3535 1321 3580 non
1373 3523 1544 3595 erat,
1611 3537 1962 3602 perperam
2019 3521 2579 3602 usui-paverimus,

616 3601 881 3685 longius
912 3600 1326 3667 immorabor.

791 3684 870 3751 Si
934 3686 1302 3769 quaeritur,
1382 3686 1619 3770 quibus
1694 3688 2111 3772 potissimum
2175 3690 2371 3755 rebus
2451 3697 2583 3756 stet

617 3771 986 3840 christiana
1027 3770 1260 3855 religio
1301 3773 1475 3839 inter
1516 3793 1665 3854 nos,
1720 3794 2039 3858 suamque
2083 3776 2431 3841 veritatem
2477 3796 2582 3840 re-

618 3859 853 3937 tineat,
911 3856 1035 3922 has
1089 3856 1254 3922 duas
1306 3879 1442 3924 non
1495 3858 1688 3925 modo
1740 3881 2073 3926 summum
2128 3860 2346 3928 locum
2388 3881 2582 3928 occu·

616 3965 775 4028 pare
829 3950 1084 4010 certum
1142 3948 1270 4021 est,
1340 3943 1457 4010 sed
1513 3944 1800 4028 reliquas
1864 3947 2070 4012 etiam
2134 3967 2363 4013 omnes
2428 3969 2581 4031 par-

617 4039 748 4109 tes,
808 4028 1101 4111 adeoque
1157 4035 1366 4094 totam
1410 4030 1547 4095 vim
1601 4031 2075 4098 christianismi
2118 4034 2241 4099 sub
2287 4054 2358 4098 se
2401 4053 2580 4098 com-

613 4113 1052 4201 prehendere:
1104 4122 1179 4180 ut
1234 4114 1384 4193 [pag.
1423 4121 1486 4194 7]
1541 4116 1669 4181 rite
1713 4116 1963 4183 colatur
2001 4119 2191 4185 Deus
2205 4170 2222 4197 ,
2269 4126 2346 4183 ut
2403 4117 2580 4184 unde

616 4202 798 4269 salus
857 4200 986 4268 sibi
1041 4199 1330 4284 petenda
1385 4201 1474 4266 sit
1489 4252 1507 4280 ,
1564 4201 1871 4267 noverint
1923 4203 2243 4271 homines.
2332 4203 2580 4270 Iisdem

616 4288 924 4367 sublatis,
988 4285 1241 4354 Christi
1297 4286 1567 4353 nomine
1619 4287 1979 4373 gloriemur
2019 4289 2199 4369 licet,
2253 4311 2433 4357 vana
2475 4297 2581 4359 est

617 4393 694 4438 ac
751 4373 972 4439 inanis
1025 4380 1252 4440 nostra
1306 4372 1640 4458 professio.
1731 4372 2117 4457 Sequuntur
2180 4376 2417 4443 deinde
2472 4399 2579 4443 sa-

617 4466 953 4525 cramenta
968 4509 983 4537 ,
1049 4468 1118 4524 et
1180 4460 1493 4526 ecclesiae
1558 4460 1948 4545 gubernatio
1962 4512 1980 4540 ,
2044 4482 2215 4546 quae
2271 4462 2441 4529 sicut
2493 4462 2580 4527 ad

618 4542 818 4608 huius
872 4542 1208 4611 doctrinae
1260 4542 1825 4613 conservationem
1881 4556 2041 4613 sunt
2089 4547 2425 4626 instituta,
2485 4548 2580 4614 sic

617 4649 754 4695 non
797 4627 926 4692 alio
980 4631 1212 4697 referri
1265 4631 1533 4699 debent:
1587 4652 1711 4698 nec
1762 4632 2032 4699 aliunde
2087 4634 2424 4701 aestimari
2462 4655 2580 4719 po-

620 4719 781 4811 test,
836 4719 1145 4782 sanctone
1187 4724 1257 4782 et
1311 4716 1568 4798 ordine,
1648 4740 1737 4784 an
1780 4739 1969 4787 secus
2013 4719 2579 4800 administrentur,

619 4800 755 4866 nisi
784 4818 994 4882 quum
1036 4799 1120 4864 ad
1162 4799 1338 4868 hunc
1368 4806 1571 4870 finem
1613 4806 1988 4888 exiguntur.
2054 4806 2202 4873 Hoc
2243 4807 2301 4872 si
2336 4806 2580 4874 clarius

626 4891 696 4951 et
729 4882 1120 4949 familiarius
1140 4885 1383 4953 habere
1424 4890 1573 4971 quis
1607 4890 1798 4956 velit:
1842 4893 2143 4977 regimen
2186 4894 2257 4957 in
2283 4892 2576 4971 ecclesia,

620 4990 869 5036 munus
912 4969 1240 5052 pastorale
1257 5022 1273 5047 ,
1318 4980 1387 5037 et
1422 4974 1720 5059 reliquus
1760 4976 1939 5056 ordo,
1983 4999 2121 5044 una
2163 4998 2316 5051 cum
2359 4999 2579 5046 sacra-

493 5084 500 5091 ·
620 5055 864 5122 mentis
879 5103 895 5131 ,
954 5054 1168 5121 instar
1224 5059 1516 5141 corporis
1571 5069 1753 5140 sunt;
1811 5061 2109 5130 doctrina
2161 5071 2388 5132 autem
2440 5064 2575 5144 illa,

622 5161 791 5226 quae
844 5139 972 5205 rite
1032 5140 1289 5206 colendi
1340 5142 1469 5208 Dei
1523 5144 1824 5228 regulam
1876 5150 2292 5231 praescribit,
2347 5156 2418 5217 et
2460 5150 2579 5216 ubi

623 5225 857 5295 salutis
877 5225 1186 5292 fiduciam
1223 5248 1540 5313 reponere
1562 5227 1845 5297 debeant
1875 5233 2221 5300 hominum
2242 5236 2577 5302 conscien-

2684 518 2814 583 tiae
2858 514 3176 596 ostendit,
3225 518 3449 583 anima
3493 524 3627 596 est,
3686 538 3853 601 quae
3896 537 4131 601 corpus
4172 519 4393 585 iusum
4435 518 4633 601 inspi-

2683 612 2814 682 rat,
2862 601 3162 671 vividum
3202 611 3271 668 et
3314 611 3657 670 actuosum
3691 603 3940 669 reddit:
3983 604 4137 670 facit
4182 558 4465 687 denique
4478 654 4493 682 ,
4554 625 4631 669 00

2684 690 2775 753 sit
2838 695 3174 753 mortuum
3231 696 3299 754 et
3372 688 3609 754 inutile
3661 686 3961 756 cadaver.
4052 687 4241 770 Quae
4316 688 4632 754 hactenus

2684 772 2840 853 dixi,
2886 776 3404 841 controversiam
3434 775 3609 840 inter
3640 774 3803 858 pios,
3839 781 3908 841 et
3938 775 4097 840 recti
4128 774 4403 858 sanique
4439 774 4636 840 animi

2682 859 3005 936 homines,
3049 860 3307 926 nullam
3348 860 3612 927 habent.

2855 945 3049 1011 Nunc
3094 945 3347 1011 cultum
3379 947 3511 1012 Dei
3542 945 3914 1029 legitimum
3946 945 4351 1013 definiamus.
4420 944 4636 1011 Huius

2684 1051 2841 1097 vero
2883 1032 3312 1114 praecipuum
3354 1040 3459 1099 est
3498 1029 4034 1110 fundamentum,
4084 1052 4241 1096 eum
4282 1030 4480 1097 sicuti
4521 1046 4631 1111 est,

2683 1118 2897 1182 omnis
2932 1116 3220 1194 virtutis,
3264 1117 3571 1196 iustitiae,
3617 1117 4003 1195 sanctitatis,
4049 1117 4427 1200 sapientiae,
4472 1118 4637 1183 veri-

2682 1203 2860 1283 tatis,
2904 1203 3254 1286 potentiae,
3299 1201 3634 1280 bonitatis,
3680 1202 4093 1280 clementiae,
4140 1203 4314 1268 vitae
4356 1210 4427 1266 et
4469 1202 4636 1269 salu-

2684 1288 2771 1353 tis
2803 1288 3055 1352 fontem
3100 1289 3369 1354 unicum
3403 1308 3774 1372 agnoscere,
3817 1286 4096 1371 ideoque
4138 1287 4463 1353 bonorum
4503 1308 4634 1353 om-

2684 1373 2873 1439 nium
2915 1373 3197 1459 gloriam
3230 1373 3329 1438 illi
3372 1373 3743 1439 adscribere
3773 1374 3845 1438 in
3877 1371 4181 1452 solidum,
4226 1380 4295 1437 et
4329 1374 4630 1451 tribuere,

2684 1480 2998 1540 quaerere
3040 1460 3111 1524 in
3154 1461 3295 1542 ipso
3339 1459 3475 1525 solo
3520 1460 3771 1524 omnia:
3830 1457 4109 1541 ideoque
4153 1458 4210 1524 si
4252 1458 4410 1542 quid
4455 1460 4633 1526 nobis

2684 1565 2846 1627 opus
2890 1556 3022 1622 est,
3080 1545 3152 1609 in
3195 1546 3415 1628 ipsuin
3457 1544 3685 1628 ι801010
3739 1545 4087 1627 suspicere.
4115 1545 4166 1628 ¹)
4265 1543 4436 1610 Inde
4488 1567 4634 1612 nas·

2682 1630 2854 1696 citur
2895 1631 3254 1708 invocatio,
3313 1630 3470 1696 inde
3524 1626 3755 1695 laudes
3809 1637 3878 1695 et
3919 1630 4289 1714 gratiarum
4330 1630 4629 1709 actiones,

2680 1736 2850 1798 quae
2892 1717 3268 1782 testimonia
3309 1723 3469 1803 sunt
3510 1716 3671 1794 eius,
3715 1735 3915 1797 quam
3948 1715 4047 1780 1111
4089 1716 4459 1794 tribuimus,
4503 1715 4633 1800 glo-

2682 1802 2838 1867 riae.
2946 1802 3134 1868 Haec
3209 1808 3311 1868 est
3374 1822 3535 1867 vera
3607 1801 3896 1867 nominis
3971 1801 4118 1868 eius
4193 1801 4631 1880 sanctificatio,

2682 1907 2879 1971 quam
2920 1887 3246 1972 imprimis
3298 1908 3339 1952 a
3383 1887 3570 1961 nobis
3612 1887 3907 1970 requirit.
3998 1891 4149 1967 [pag.
4187 1890 4256 1966 8]
4303 1887 4485 1969 Huic
4524 1909 4631 1952 an-

2652 1988 2858 2038 ·nexa
2899 1981 2999 2039 est
3039 1973 3350 2051 adoratio,
3395 1993 3524 2056 qua
3566 1971 4007 2049 reverentiam
4042 1972 4151 2047 ‚illi
4185 1972 4631 2057 magnitudine

2672 2048 3199 2143 ,excellentiaque
3240 2052 3364 2125 sua
3406 2058 3674 2143 dignam
3717 2058 4130 2124 exhibemus:
4183 2058 4311 2143 oui⁹
4344 2060 4627 2125 serviunt

2682 2145 3132 2211 caeremoniae
3148 2196 3163 2224 ,
3222 2152 3540 2228 tanquam
3590 2143 3699 2211 vel
3754 2143 4155 2210 adminicula
4170 2195 4187 2221 ,
4239 2144 4361 2211 vel·
4390 2146 4627 2211 instru-

2682 2238 2933 2297 menta:
2992 2239 3070 2296 ut
3113 2250 3353 2313 eorpus
3391 2252 3529 2295 una
3582 2249 3733 2295 cum
3777 2229 3998 2319 animo
4051 2230 4123 2293 in
4166 2230 4387 2296 cultus
4431 2230 4627 2295 divini

2680 2317 3084 2399 professione
3125 2323 3526 2383 exerceatur.
3602 2313 3936 2399 Sequitur
3985 2325 4213 2399 postea
4260 2319 4476 2383 nostri
4528 2317 4626 2383 ab·

2680 2403 2973 2487 negatio:
3022 2412 3097 2468 ut
3139 2401 3607 2468 renunciantes
3652 2402 3837 2467 carni
3879 2409 3949 2467 et
3989 2400 4235 2467 mundo
4252 2451 4268 2481 ,
4326 2403 4623 2467 transfor-

2681 2508 2944 2553 memur
2975 2489 3047 2553 in
3091 2490 3454 2555 novitatem
3487 2488 3763 2555 mentis:
3810 2507 3938 2570 quo
3980 2488 4113 2552 iam
4158 2507 4293 2552 non
4334 2488 4624 2554 vivamus
4688 2511 4701 2523 ·

2681 2574 2967 2673 amplius
3010 2574 3228 2654 nobis,
3275 2573 3391 2641 sed
3435 2595 3557 2639 nos
3599 2572 3698 2638 illi
3732 2573 4056 2672 regendos
4096 2579 4165 2638 et
4208 2571 4624 2673 agendos-re-

2681 2658 4351 2831 gffigffifflqffloffiffiaffsbffiffissuffisspgssgm2
4414 2666 4624 2810 itanndli

2683 2832 2884 2897 timor
2949 2833 3090 2897 eius
3145 2833 3218 2896 in
3282 2830 3591 2898 cordibus
3648 2831 3892 2896 nostris
3953 2837 4218 2914 regnet,
4288 2850 4625 2982 010οἫ

2684 2918 2861 2983 vitae
2937 2920 3217 2993 nost'rae,
3283 2917 3574 2983 actiones
3653 2915 4050 2982 moderetur.
4108 2916 4273 2981 His
4350 2916 4518 3000 parti

2683 3003 3010 3071 contineri
3072 3006 3302 3069 ve'rum
3364 3003 3827 3085 sincerumque
3891 3000 4021 3067 Dei
4086 3002 4368 3080 cultum,
4447 3022 4627 3085 quem

2684 3089 2898 3156 solum
2939 3090 3192 3173 probat,
3238 3098 3305 3154 et
3347 3109 3475 3172 quo
3519 3088 3903 3167 delectatur,
3948 3096 4093 3153 tum
4135 3088 4412 3173 spiritus
4454 3107 4625 3154 sane-

2682 3184 2793 3240 tus
2856 3176 3098 3260 ubique
3162 3176 3233 3240 in
3302 3176 3644 3258 scripturis
3696 3173 3915 3254 docet,
3984 3181 4130 3239 tum
4183 3176 4334 3259 ipse
4387 3195 4624 3257 quoquc

2681 3262 2947 3345 pietatis
2988 3278 3238 3341 sensus,
3284 3261 3529 3344 absque
3567 3261 3768 3345 longa
3810 3259 4267 3343 disputatione,
4313 3258 4383 3324 id
4422 3261 4625 3344 ipsum

2684 3347 2904 3413 dictat.
2993 3347 3228 3430 Neque
3272 3346 3404 3412 alia
3445 3346 3576 3412 fuit
3626 3345 3708 3411 ab
3750 3345 3944 3412 initio
3988 3344 4243 3412 colendi
4282 3346 4416 3412 Dei
4454 3346 4625 3424 ratio,

2683 3433 2814 3498 nisi
2877 3432 3051 3517 quod
3109 3433 3275 3501 haec
3340 3431 3705 3516 spiritualis
3769 3432 4046 3510 veritas,
4112 3451 4280 3516 quae
4342 3429 4523 3497 nuda
4569 3442 4625 3495 et

2685 3518 2970 3602 simplex
3012 3518 3183 3603 apud
3231 3539 3354 3585 nos
3399 3525 3529 3597 est,
3764 3516 3776 3531 '
3858 3517 4157 3585 involuta
4189 3518 4322 3583 fuit
4361 3518 4486 3584 sub
4526 3538 4625 3614 ves

2634 3660 2643 3687 ,
2683 3604 2812 3671 teri
2853 3611 3266 3671 testamento.
3354 3605 3573 3687 Atque
3614 3604 3638 3667 i
3726 3609 3858 3683 est,
3903 3603 4077 3687 quod
4118 3603 4353 3670 volunt
4393 3602 4625 3670 Christ:

2684 3689 2888 3757 verba
2927 3691 3202 3757 Ioannis
3240 3698 3475 3775 quarto
3516 3690 3608 3773 (v.
3654 3689 3796 3774 23):
3843 3688 4053 3756 Venit
4094 3696 4387 3773 tempus,
4440 3709 4624 3773 quum

2685 3778 2827 3842 veri
2878 3777 3161 3843 cultores
3221 3776 3591 3844 adorabunt
3644 3783 3902 3859 patrem
3956 3776 4027 3840 in
4077 3776 4321 3860 spiritu
4362 3782 4434 3841 et
4475 3776 4625 3843 veri-

2684 3869 2839 3927 tate.
2928 3862 3082 3928 Non
3138 3864 3317 3927 enim
3372 3880 3617 3947 negare
3672 3861 3777 3927 his
3836 3860 4056 3928 verbis
4097 3860 4345 3941 voluit,
4403 3863 4553 3945 quin
4589 3881 4623 3924 a

2683 3948 2981 4032 patribus
3033 3947 3362 4031 spirituali
3402 3948 3529 4012 isto
3560 3945 3757 4011 modo
3800 3947 4021 4013 cultus
4061 3947 4292 4025 fuerit,
4353 3946 4471 4012 sed
4510 3945 4623 4012 dis-

2685 4033 2940 4100 crimen
3006 4034 3078 4099 in
3142 4041 3420 4100 externa
3477 4040 3745 4099 tantum
3806 4032 4019 4097 forma
4080 4032 4403 4098 indicare:
4468 4029 4627 4117 quod

2684 4141 2888 4203 quum
2946 4119 3048 4184 1111
3104 4118 3569 4185 adumbratum
3626 4117 3982 4184 habuerint
4039 4119 4351 4202 spiritum
4414 4118 4627 4184 multis

2682 4205 2919 4290 figuris
2933 4256 2950 4285 ,
3009 4204 3183 4289 apud
3240 4225 3361 4271 nos
3416 4204 3700 4289 simplex
3744 4205 3850 4271 sit.
3939 4202 4299 4272 Caeterum
4312 4256 4328 4281 ‚
4384 4222 4627 4288 semper

2683 4290 2899 4357 valuit
2939 4290 3136 4357 iliud:
3181 4289 3435 4370 Deum,
3490 4291 3605 4374 qui
3648 4292 3921 4375 spiritus
3964 4300 4098 4372 est,
4140 4291 4378 4376 spiritu
4419 4300 4485 4357 et
4526 4310 4628 4355 ve-

2681 4378 2880 4443 ritate
2922 4384 3220 4460 oportere
3262 4377 3540 4444 adorari.

2855 4463 3082 4542 Porro,
3127 4463 3522 4530 universalis
3567 4471 3671 4527 est
3710 4463 3972 4547 regula,
4012 4481 4183 4545 quae
4224 4480 4470 4546 purum
4508 4459 4629 4527 Dei

2684 4547 2941 4616 cultum
2986 4553 3134 4629 [pag.
3174 4555 3241 4630 9]
3295 4569 3336 4613 a
3381 4548 3615 4616 vitioso
3658 4547 4003 4615 discernit:
4060 4568 4146 4613 ne
4190 4548 4631 4614 comminisca-

2682 4655 2837 4699 mur
2886 4634 3015 4718 ipsi
3069 4634 3243 4718 quod
3297 4635 3488 4702 nobis
3541 4634 3762 4700 visum
3804 4632 4008 4700 fuerit
4022 4684 4039 4714 ,
4096 4631 4215 4698 sed
4296 4632 4411 4698 uid
4452 4653 4632 4717 prae-

2684 4721 2939 4788 scribat·
2959 4722 3037 4801 is,
3085 4721 3197 4805 qui
3228 4722 3407 4788 solus
3447 4719 3721 4786 iubendi
3754 4726 4154 4804 potestatem
4193 4654 4415 4798 hahet,
4458 4738 4634 4804 spec·

2683 4813 2918 4873 temus.
3007 4807 3192 4893 Ergo
3236 4807 3296 4874 si
3337 4807 3590 4874 cultum
3633 4812 3939 4873 nostrum
3982 4805 4347 4889 approbare
4386 4805 4487 4871 illi
4524 4824 4635 4871 vo·

2682 4892 2925 4975 lumus,
2963 4894 3251 4960 tenenda
3287 4901 3391 4960 est
3422 4892 3778 4978 diligenter
3811 4892 3978 4959 haec
3993 4892 4127 4972 lex,
4162 4910 4363 4975 quam
4381 4908 4637 4958 summa

2682 4979 3039 5046 severitate
3090 4979 3331 5064 ubique
3385 4985 3598 5064 urget.
3662 4977 3960 5063 'Duplex
4015 4984 4238 5059 autem
4289 4984 4395 5045 est
4450 4976 4632 5051 ratio,

2821 5252 2880 5321 1)
2916 5254 3191 5323 respicere
3227 5252 3366 5308 1576
3400 5270 3543 5325 seqq.
3552 5272 3572 5319 ;
3598 5250 3807 5343 ‘Gallus
3840 5250 4058 5308 s'eleve.

4402 5968 4409 5969 ff
4556 5644 4884 5970 A

4858 5362 4864 5457 1
