4967 5992
431 370 557 433 297

428 551 692 630 relator,
721 552 1183 617 transsiliendo
1217 550 1590 617 occultavit.
1629 551 1734 618 De
1770 573 1898 635 quo
1919 574 2004 616 ne
2041 550 2189 634 quis
2221 572 2388 635 pug-

428 659 586 704 nam
630 647 943 715 moveret,
988 658 1250 702 omnem
1292 637 1437 720 ipse
1481 637 1958 703 dubitationem
2002 637 2273 702 sustulit
2315 638 2387 699 in

427 723 1048 801 Retractationibus,
1095 724 1270 789 sicut
1299 744 1511 805 nuper
1556 723 1710 788 dixi.
1802 723 1943 788 Cur
1987 737 2207 787 autem
2252 741 2389 785 non

428 809 720 893 apertius
762 818 1102 892 peccatum
1137 808 1272 874 illie
1308 808 1643 891 originale,
1689 818 1755 875 et
1795 809 2070 875 vitiatae
2115 817 2388 876 naturae

429 896 912 977 corruptionem
954 894 1346 976 exposuerit,
1393 915 1658 959 causam
1695 894 1892 959 simul
1926 892 2168 958 reddit:
2216 891 2389 975 quod

429 978 743 1046 adversus
778 978 1202 1046 Manichaeos
1248 989 1391 1045 erat
1435 980 1816 1062 disputatio:
1875 981 1988 1062 qui
2032 980 2389 1060 scripturas

429 1086 668 1143 sacrae,
715 1072 782 1130 81
820 1067 1209 1148 praesertim
1251 1073 1438 1130 vetus
1483 1073 1969 1143 testamentum,
2016 1063 2193 1129 unde
2237 1085 2388 1146 pro-

428 1150 583 1215 bare
627 1152 1050 1232 oportuisset,
1108 1149 1558 1234 repudiabant.
1645 1150 1838 1228 Adde
1897 1148 2069 1233 quod
2127 1172 2208 1213 ex
2264 1148 2385 1226 his,

429 1257 598 1319 quae
654 1235 922 1301 adducit
962 1236 1270 1320 Pighius,
1330 1235 1525 1318 plura
1576 1258 1695 1319 1181·
1746 1237 2231 1303 concessionem
2289 1234 2386 1299 di-

427 1327 699 1387 cuntur:
756 1342 892 1386 non
940 1325 1113 1405 quod
1152 1324 1261 1387 Au
1356 1323 1569 1387 stinus
1626 1323 1719 1388 818
1763 1343 1905 1387 rem
1950 1321 2192 1387 habore
2237 1341 2386 1384 sen·-

429 1407 604 1486 tiret,
641 1406 759 1472 sed
802 1407 956 1490 quia
1000 1429 1162 1490 quas
1334 1407 1688 1473 vincendos
1732 1407 2145 1473 adversarios
2188 1405 2387 1469 ratio-

427 1513 546 1557 nes
583 1492 883 1570 habebat,
919 1498 1068 1572 [pag.
1105 1496 1214 1571 90]
1251 1493 1363 1559 vel
1401 1501 1664 1575 accepta
1699 1514 1927 1558 eorum
1964 1492 2386 1568 confessione,

428 1576 534 1644 vel
581 1599 654 1641 eo
699 1577 874 1660 quod
916 1579 1337 1661 postulabant
1371 1598 1692 1658 concesso,
1737 1579 2071 1662 negligere
2108 1575 2384 1642 nolebat.

426 1663 658 1745 Neque
702 1662 884 1742 volo,
946 1673 1021 1728 ut
1065 1665 1144 1728 de
1190 1664 1314 1730 hac
1359 1686 1430 1728 re
1484 1664 1650 1728 mihi
1694 1672 1811 1729 aut
1851 1664 2016 1728 meis
2057 1663 2386 1728 coniectu-

424 1749 518 1814 ris
556 1747 829 1813 credant
872 1749 1162 1828 lectores,
1202 1750 1333 1814 nisi
1367 1748 1437 1813 id
1468 1751 1698 1832 ipsum⁸
1720 1750 1926 1814 0811118
1960 1756 2251 1814 cernant.
2301 1745 2386 1810 In

427 1834 577 1912 fine,
625 1854 753 1916 quo
790 1834 956 1899 solet
979 1834 1245 1918 pudore,
1294 1837 1454 1900 satis
1490 1857 1560 1900 se
1603 1835 1849 1901 habere
1881 1835 2086 1901 iactat
2123 1832 2204 1897 ad
2253 1833 2385 1898 vic-

426 1919 681 1996 toriam,
726 1920 785 1983 si
824 1921 1021 1985 modo
1056 1921 1259 1986 semel
1295 1921 1462 1985 mihi
1495 1922 1898 1987 eontrarium
1932 1919 2385 2003 Augustinum

427 2003 819 2069 ostenderit:
867 2008 1023 2088 quia
1067 2006 1367 2084 dixerim,
1411 2015 1789 2071 constanter
1823 2015 2385 2085 consonanterque

430 2088 553 2155 1188
597 2088 677 2154 de
731 2112 804 2154 re
848 2111 1109 2173 semper
1158 2092 1353 2174 loqui.
1443 2094 1539 2156 At
1592 2092 1739 2174 quis
1781 2091 1883 2155 illi
1937 2090 2216 2154 daemon
2261 2088 2385 2152 hoc

429 2195 539 2238 me
582 2173 830 2241 dixisse
886 2177 1253 2243 revelavit?
1343 2177 1575 2259 Neque
1631 2177 1810 2241 enim
1860 2175 2023 2240 adeo
2081 2196 2227 2240 sum
2272 2194 2385 2237 ru-

429 2259 549 2339 dis,
595 2269 671 2324 ut
712 2282 846 2325 non
889 2263 1297 2344 perspiciam,
1339 2282 1537 2343 quam
1574 2261 1699 2326 sibi
1736 2259 2072 2326 dissimilis
2118 2261 2207 2323 sit
2240 2260 2384 2323 Au-

427 2346 765 2428 gustinuS,
836 2347 893 2410 si
952 2350 1098 2429 quis
1153 2349 1367 2430 prima
1419 2348 1559 2411 eius
1625 2348 1870 2430 scripta
1932 2367 2083 2411 cum
2136 2344 2385 2410 ultimis

425 2439 784 2514 comparet.
875 2432 1149 2497 Iuvenis
1203 2432 1419 2497 adhuc
1475 2440 1648 2510 erat,
1710 2441 1779 2497 et
1822 2452 1955 2496 non
1993 2432 2089 2495 ita
2134 2429 2384 2495 exerci-

422 2523 620 2593 tatus,
666 2536 870 2598 quum
905 2518 1332 2584 Manichaeos
1374 2518 1720 2582 refelleret.
1809 2517 2045 2599 Itaque
2087 2515 2240 2599 plus
2282 2516 2384 2579 in-

420 2601 633 2685 genii,
689 2603 1041 2681 acuminis,
1101 2612 1172 2667 81
1213 2603 1566 2669 saecularis
1607 2602 2059 2685 philosophiae
2100 2601 2235 2666 illic
2278 2622 2383 2664 re-

420 2686 671 2770 perias,
718 2707 918 2768 quam
963 2709 1187 2753 sacrae
1231 2698 1299 2754 et
1341 2689 1701 2771 spiritualis
1743 2688 2100 2754 doctrinae.
2191 2684 2384 2768 Quod

420 2771 505 2836 ad
562 2769 846 2836 liberum
907 2774 1281 2853 arbitrium,
1345 2774 1540 2839 modo
1594 2775 1794 2839 fuisse
1862 2774 2074 2856 primo
2126 2772 2382 2838 homini

421 2856 652 2922 datum
696 2867 764 2922 et
805 2857 961 2923 inde
1004 2860 1275 2924 fluxisse
1319 2861 1550 2924 ruinae
1595 2859 1995 2942 principium
2038 2868 2382 2941 extorque-

422 2951 556 3020 ret,
605 2942 686 3006 de
730 2940 950 3008 altiori
991 2946 1418 3028 inquisitione
1462 2967 1598 3010 non
1639 2945 1999 3010 laborabat.
2089 2944 2221 3010 Ubi
2266 2965 2381 3009 au-

423 3039 559 3093 tem
601 3028 993 3112 prodierunt
1048 3052 1203 3096 cum
1261 3051 1383 3096 sua
1428 3040 1608 3096 secta.
1649 3030 1965 3114 Pelagius
2006 3037 2074 3095 et
2117 3027 2382 3096 Coeles·

419 3113 576 3193 tius,
601 3113 657 3196 ¹)
701 3123 844 3179 tum
887 3117 1072 3197 quasi
1116 3138 1154 3182 8
1196 3137 1425 3182 somno
1459 3118 1806 3195 excitatus,
1853 3115 2233 3200 diligentius
2276 3134 2383 3180 co-

419 3201 631 3284 gitare
666 3206 734 3264 81
774 3199 1110 3283 inquirere
1145 3203 1375 3286 coepit.
1447 3202 1629 3266 Hinc
1663 3201 1798 3280 illa,
1845 3222 2043 3283 quam
2087 3201 2204 3266 uni
2238 3200 2380 3264 Au-

417 3284 687 3369 gustino
732 3306 890 3367 prae
933 3287 1080 3352 aliis
1124 3288 1375 3366 tribu0‚
1431 3307 1630 3353 verae
1675 3307 2002 3370 sanaeque
2047 3286 2383 3352 doctrinae

417 3371 792 3454 perspicua,
851 3380 1031 3438 certa
1085 3381 1444 3455 exactaque
1500 3371 1878 3456 explicatio:
1938 3370 2096 3437 hinc
2151 3380 2219 3437 et
2267 3370 2382 3435 ille

420 3476 782 3522 consensus
800 3508 815 3532 ‚
871 3479 1066 3540 quem
1110 3459 1210 3524 illi
1255 3458 1595 3524 nobiscum
1638 3478 1784 3524 esse
1829 3456 2091 3541 glorior.
2183 3455 2383 3539 Quod

415 3542 549 3608 nisi
582 3541 842 3626 Pelagii
874 3543 1370 3627 importunitate
1411 3551 1673 3610 coactus
1715 3543 1939 3607 oculos
1973 3543 2186 3627 magis
2226 3562 2381 3625 ape-

417 3628 694 3707 ruisset,
750 3630 1035 3712 gratiam
1090 3631 1221 3695 Dei
1275 3631 1346 3694 in
1402 3629 1677 3695 obscuro
1734 3628 2141 3707 delitescere,
2209 3627 2382 3693 81881

418 3713 563 3791 8111,
632 3734 865 3796 1188888
920 3715 1086 3780 forte
1155 3716 1404 3781 fuisset.
1494 3712 1814 3798 Agendae
1867 3713 2074 3798 igitur
2129 3715 2381 3798 gratiae

417 3799 567 3864 Deo
612 3811 798 3878 sunt,
854 3800 1027 3882 quod
1083 3803 1438 3884 impiorum
1485 3799 1829 3865 hominum
1886 3800 2211 3882 pravitate
2255 3800 2379 3863 mi-

419 3883 740 3964 rabiliter,
787 3894 928 3949 tum
966 3885 1049 3951 ad
1094 3885 1557 3952 illustrandam
1599 3887 1852 3970 gratiae
1892 3904 2049 3950 suae
2093 3884 2377 3963 18811818,

420 3985 566 4035 tum
611 3970 695 4035 ad
739 3970 1114 4053 superbiam
1156 3975 1374 4037 carnis
1418 3969 1912 4049 humiliandam,
1959 3992 2118 4036 usus
2161 3971 2374 4035 fuerit.

593 4052 912 4138 Sequitur
965 4057 1141 4140 apud
1194 4057 1272 4122 P·
1323 4057 1509 4122 1118111
1579 4056 1750 4121 alius
1804 4057 2016 4134 108118,
2070 4077 2155 4120 ex
2212 4056 2379 4122 libro

420 4140 499 4206 de
544 4140 804 4207 duabus
846 4143 1189 4209 animabus
1319 4165 1548 4209 versus
1590 4142 2041 4207 Manichaeos:
2087 4142 2202 4207 ubi
2236 4143 2379 4206 Au-

417 4227 733 4311 gustinus
787 4225 1018 4293 definit
1071 4228 1275 4293 animi
1329 4235 1613 4310 motum,
1682 4237 1956 4311 cogente
2013 4226 2226 4305 nullo,
2295 4226 2378 4291 ad

419 4311 668 4396 aliquid
705 4311 809 4378 vel
852 4335 987 4378 non
1019 4313 1479 4392 amittendum,
1515 4313 1623 4380 vel
1657 4312 2172 4395 adipiscendum.
2231 4313 2381 4376 Hac

422 4396 807 4464 definitione
848 4400 1276 4465 vehementer
1330 4399 1555 4484 urgeri
1597 4419 1720 4464 nos
1764 4406 1982 4481 putat:
2038 4396 2214 4480 quod
2255 4417 2378 4482 ego

422 4482 688 4565 quidem
746 4504 870 4548 nec
925 4484 1146 4563 vide0,
1201 4503 1324 4549 nec
1383 4485 1609 4549 fateor.
1699 4483 1802 4548 Ne
1848 4491 2069 4548 tamen
2115 4483 2378 4567 longius

422 4569 599 4634 inter
649 4590 769 4633 nos
825 4567 1320 4653 disceptandum
1377 4569 1458 4634 de
1513 4569 1638 4634 hac
1692 4589 1767 4632 re
1820 4570 1908 4634 sit
1959 4569 2379 4652 Augustinus

419 4654 560 4736 ipse
604 4653 863 4719 medius
905 4656 1337 4720 interveniat:
1375 4654 1542 4732 Hoc,
1587 4654 1816 4737 inquit,
1859 4662 2201 4737 propterea
2245 4651 2378 4719 dic-

419 4749 566 4804 tum
609 4748 741 4818 est,
800 4749 877 4805 ut
919 4740 1042 4807 hac
1099 4740 1478 4807 definitione
1530 4739 1762 4805 volens
1816 4744 1963 4818 [pag.
2012 4742 2119 4816 91]
2175 4761 2214 4804 a
2258 4760 2377 4804 no-

416 4823 602 4891 lente
647 4825 1158 4892 discerneretur:
1205 4833 1271 4890 et
1307 4828 1400 4892 sic
1447 4825 1532 4891 ad
1565 4825 1715 4890 illos
1757 4825 2116 4889 referretur
2158 4826 2377 4889 inten-

415 4911 542 4989 tio,
600 4912 714 4993 qui
754 4910 952 4994 primi
1008 4913 1078 4976 in
1136 4911 1437 4995 paradiso
1490 4912 1758 4976 fuerunt
1813 4909 2103 4974 humano
2149 4910 2378 4994 generi

414 4997 607 5080 origo
643 4998 911 5079 peccati,
947 4996 1134 5062 88110
1154 5007 1447 5082 cogente,
1483 4996 1829 5081 peccando.
1852 4995 1911 5080 ²)
1967 4994 2178 5060 Paulo
2199 5003 2376 5078 post:

563 5200 622 5266 1)
659 5198 814 5254 Besa
849 5208 902 5256 et
932 5217 1074 5272 seqq.
1108 5203 1388 5258 oeribunt:
1421 5201 1778 5256 coelestiane.

560 5267 623 5333 2)
663 5269 777 5325 Lib.
815 5269 865 5324 1.
907 5270 1144 5325 1188-881.
1180 5286 1301 5339 cap.
1340 5269 1424 5325 13.

1914 363 2041 429 DE
2087 361 2444 429 LIBERO
2493 362 2965 429 ARBI'PRIO.

4320 371 4449 433 298

2494 550 2580 614 In
2604 558 2865 616 tantum
2887 552 3096 616 libera
3120 565 3220 616 est
3241 551 3564 632 voluntas,
3592 554 3662 617 in
3686 561 4011 636 quantum
4028 552 4307 619 liberata
4326 565 4447 635 est,

2495 645 2561 700 et
2592 637 2662 701 in
2695 645 2953 701 tantum
2987 636 3356 719 appellatur
3402 637 3736 704 voluntas:
3778 638 4019 721 alioqui
4059 639 4277 721 potius
4312 647 4451 706 tota

2495 722 2833 804 cupiditas.
2879 721 3067 803 Quae
3113 743 3249 786 non
3297 733 3414 802 est,
3461 725 3629 790 sicut
3674 725 4048 790 Manichaei
4094 723 4447 807 desipiunt,

2494 807 2745 873 alienae
2780 816 3056 872 naturae
3091 807 3641 888 additamentum,
3679 808 3795 874 sed
3819 816 4083 875 nostrae
4110 811 4379 876 vitium:
4409 833 4450 877 8

2494 914 2620 975 quo
2644 915 2777 958 non
2807 914 3140 970 sanamur,
3168 895 3295 958 nisi
3318 895 3533 976 gratia
3555 895 3919 961 salvatoris.
3965 894 4161 976 Quod
4183 897 4241 960 si
4271 897 4449 979 quis-

2493 999 2691 1060 quam
2727 979 2901 1056 dicit,
2940 980 3136 1043 etiam
3184 979 3609 1062 cupiditatem
3658 981 3826 1045 nihil
3860 1002 4003 1046 esse
4034 979 4214 1046 aliud
4247 1003 4450 1064 quam

2494 1064 2919 1142 voluntatem,
2957 1064 3073 1129 sed
3109 1066 3411 1150 vitiosam
3432 1074 3824 1149 peccatoque
3862 1068 4277 1146 servientem,
4312 1088 4449 1132 non
4509 1103 4513 1107 ·

2491 1149 2934 1214 resistendum
2977 1158 3106 1213 est:
3161 1170 3284 1214 nec
3343 1151 3422 1214 de
3466 1153 3717 1231 verbis,
3774 1174 3975 1235 quum
4020 1174 4128 1217 res
4175 1152 4449 1233 constat,

2490 1236 2937 1300 controversia
2992 1235 3291 1301 facienda
3346 1245 3461 1301 est.
3552 1237 3683 1302 Hic
3743 1238 3959 1314 audis,
4018 1237 4098 1302 de
4160 1260 4293 1321 qua
4334 1261 4453 1304 vo-

2491 1319 2745 1385 luntate
2802 1321 2926 1385 hoc
2973 1320 3220 1385 dietum
3278 1321 3440 1385 velit
3488 1323 3719 1405 accipi:
3780 1325 3968 1387 audis
4026 1322 4259 1406 quibus
4317 1323 4450 1388 ful-

2492 1405 2784 1471 minibus
2830 1414 3173 1488 corruptae
3218 1406 3577 1473 voluntatis
3622 1408 3797 1472 vires
3839 1417 4238 1491 prosternat:
4286 1409 4451 1474 adeo

2494 1503 2567 1553 ut
2620 1513 2702 1555 ne
2758 1514 2875 1556 suo
2928 1491 3193 1573 quidem
3237 1492 3503 1556 nomine
3548 1514 3692 1557 eam
3738 1492 4061 1577 dignetur.
4154 1491 4450 1568 Subiun-

2493 1575 2591 1659 git
2644 1575 2877 1641 deinde
2929 1577 3209 1661 Pighius
3265 1574 3716 1642 definitionem
3772 1580 4015 1661 peccati
4072 1579 4208 1643 illic
4274 1580 4448 1663 posi-

2492 1671 2656 1724 tam:
2715 1660 2908 1742 Quod
2954 1665 3037 1726 sit
3106 1662 3415 1727 voluntas
3467 1663 3797 1728 retinendi
3856 1664 3962 1731 vel
4011 1663 4450 1748 consequendi

2491 1745 2663 1828 quod
2709 1749 2964 1813 iustitia
3020 1758 3203 1814 vetat
3261 1759 3331 1811 et
3381 1747 3554 1813 unde
3597 1750 3879 1814 liberum
3934 1756 4034 1815 est
4088 1749 4444 1816 abstinere:

2490 1852 2863 1914 quanquam
2919 1833 2978 1898 si
3034 1833 3312 1898 liberum
3354 1855 3485 1897 non
3526 1842 3654 1912 est,
3710 1855 3926 1920 neque
3969 1841 4072 1900 est
4116 1836 4444 1901 voluntas.

2490 1916 2631 1980 Iam
2690 1919 2759 1982 in
2803 1918 2908 1983 his
2963 1920 3163 1983 etiam
3208 1917 3427 2007 verbis
3482 1932 3776 1984 mentem
3829 1942 4016 1986 suam
4072 1921 4260 1986 nobis
4305 1921 4447 1986 Au-

2488 2003 2792 2086 gustinus
2837 2002 3181 2070 edisserat:
3229 2004 3437 2081 Vera,
3482 2004 3715 2087 inquit,
3764 2013 4111 2089 propterea
4146 2015 4246 2071 est
4288 2004 4449 2072 defi-

2490 2087 2668 2166 nitio,
2717 2091 2871 2171 quia
2911 2089 2981 2154 id
3025 2088 3352 2165 definitur,
3398 2089 3571 2171 quod
3608 2092 4062 2156 tantummodo
4107 2097 4452 2175 peccatum

2491 2180 2622 2251 est,
2670 2194 2804 2239 non
2872 2176 3071 2238 etiam
3137 2195 3347 2257 poena
3403 2177 3668 2257 peccati.
3758 2176 3933 2240 Nam
3992 2177 4252 2258 quando
4313 2178 4448 2242 tale

2489 2264 2607 2335 881,
2653 2267 2730 2323 81
2770 2257 2946 2324 idem
2982 2261 3068 2324 sit
3112 2270 3179 2324 et
3221 2279 3432 2343 poena
3464 2260 3734 2342 peccati,
3780 2268 4103 2343 quantum
4140 2271 4242 2326 est
4276 2262 4450 2345 quod

2489 2344 2669 2410 valet
2713 2345 3017 2410 voluntas
3060 2348 3180 2411 sub
3221 2344 3604 2410 dominante
3647 2345 4046 2429 cupiditate?
4094 2346 4237 2412 ‘nisi
4280 2348 4451 2412 forte

2490 2430 2546 2493 si
2592 2431 2701 2512 pia
2743 2439 2860 2495 est.
2949 2431 3035 2495 In
3070 2437 3328 2496 tantum
3377 2431 3553 2495 enim
3598 2431 3809 2497 libera
3843 2440 3961 2511 est,
4006 2431 4080 2494 in
4124 2439 4449 2515 quantum

2490 2523 2590 2579 est
2643 2515 2935 2581 liberata.
3018 2511 3234 2582 Vides
3297 2516 3505 2599 ipsius
3567 2517 3814 2581 autoris
3869 2517 4274 2597 testimoniO,
4379 2519 4447 2583 ui

2491 2600 2631 2665 eius
2676 2610 2853 2667 certe
2897 2602 3071 2685 quod
3126 2602 3295 2666 dixit
3349 2600 3826 2685 interpretandi
3882 2604 3986 2668 ius
4031 2601 4271 2667 habere
4376 2624 4447 2668 e-

2486 2685 2628 2764 bet,
2688 2709 2820 2752 non
2878 2689 3004 2753 nisi
3058 2688 3273 2770 primo
3318 2686 3505 2752 Adae
3561 2696 3825 2770 peccato
3880 2688 4228 2753 convenire
4272 2687 4445 2755 hanc

2489 2770 2980 2839 definitionem?
3038 2773 3192 2855 quia
3234 2793 3361 2855 per.
3397 2774 3536 2838 81118
3590 2772 3846 2856 18118818
3894 2795 3933 2837 8
3977 2774 4189 2857 primo
4235 2774 4446 2840 domi-

2490 2858 2598 2923 nio
2629 2858 2678 2942 ¹)
2724 2860 2796 2923 in
2840 2860 3154 2925 miseram
3197 2860 3582 2924 servitutem
3627 2858 4006 2925 excidimus.
4072 2858 4252 2924 Hinc
4288 2880 4446 2945 ergo

2485 2943 2722 3027 collige
2737 2995 2751 3022 ,
2809 2965 2939 3027 qua
2990 2946 3207 3010 fionte
3252 2944 3416 3008 mihi
3471 2946 3595 3009 hoc
3652 2944 3793 3010 loco
3845 2945 4111 3029 tragicis
4157 2946 4292 3009 suis
4337 2965 4446 3010 ac·-

2486 3029 2988 3097 clamationibus
3044 3030 3327 3115 Pighius
3382 3030 3676 3095 insultet.
3780 3030 3876 3095 At
3925 3028 4081 3095 dicit
4122 3030 4444 3115 Augusti-

2486 3136 2645 3194 nus,
2691 3137 2835 3180 rem
2879 3136 3023 3182 esse
3065 3117 3372 3182 omnibus
3417 3116 3678 3195 tritam,
3724 3115 4061 3182 neminem
4105 3115 4443 3199 vitupera-

2485 3201 2663 3265 tione
2706 3208 2825 3265 aut
2866 3223 3077 3284 poena
3111 3223 3254 3267 esse
3290 3200 3586 3286 dignum,
3623 3201 3737 3284 qui
3780 3200 3849 3265 id
3888 3222 4022 3265 non
4056 3201 4229 3280 facit,
4267 3201 4442 3283 quod

2483 3285 2698 3382 facere
2742 3307 2879 3351 non
2930 3294 3161 3369 potest.
3250 3287 3398 3352 Hoc
3437 3295 3733 3369 pastores
3772 3287 3845 3350 in
3887 3286 4239 3363 montibus,
4331 3283 4440 3350 oess

2485 3379 2587 3436 tas
2629 3372 2701 3435 in
2739 3371 3035 3450 theatris,
3078 3372 3373 3436 indoctos
3415 3372 3487 3435 in
3524 3372 3802 3450 circulis,
3846 3370 4067 3435 doctos
4101 3370 4174 3433 in
4208 3370 4275 3435 bi
4320 3371 4441 3435 lio-

2485 3456 2724 3535 thecis,
2791 3459 3141 3541 magistros
3224 3458 3296 3521 in
3374 3455 3647 3533 scholis,
3722 3454 4018 3521 doctores
4085 3475 4303 3521 sacros
4368 3456 4441 3520 in

2484 3547 2633 3622 [pag.
2671 3547 2778 3622 92]
2825 3542 3090 3629 templis
3143 3543 3428 3607 clamare
3486 3551 3553 3607 et
3593 3538 3964 3606 decantare.
4050 3540 4306 3605 Verum
4354 3543 4441 3606 si-

2485 3628 2624 3693 mul
2668 3634 2971 3707 testatur,
3017 3649 3403 3711 perversum
3447 3648 3592 3692 esse
3632 3627 3987 3714 ‘verborum
4035 3625 4303 3691 suorum
4339 3627 4441 3691 in-

2486 3719 2847 3797 terpretem
2867 3766 2880 3792 ,
2936 3715 3048 3798 qui
3110 3714 3234 3779 hoc
3294 3713 3376 3778 ad
3433 3714 3654 3778 omnia
3706 3721 3972 3795 peccata
4018 3711 4258 3777 trahat.
4350 3711 4441 3778 Se

2485 3800 2665 3865 enim
2717 3821 2852 3864 non
2907 3798 3088 3865 aliud
3140 3798 3343 3877 velle,
3409 3820 3611 3882 quam
3663 3819 3796 3863 non
3853 3798 4147 3880 potuisse
4204 3801 4441 3862 merito

2488 3883 2790 3949 damnari
2846 3885 3212 3963 hominem,
3270 3884 3399 3949 nisi
3454 3882 3660 3949 libera
3703 3883 4043 3950 voluntate
4088 3892 4436 3965 peccasset.

2483 3971 2683 4036 Nunc
2725 3991 2882 4036 vero
2922 3979 3178 4053 partem
3234 3968 3669 4034 damnationis
3729 3989 3873 4033 esse
3928 3968 4111 4032 illam
4156 3969 4439 4031 servitu-

2485 4064 2652 4135 tem,
2709 4056 2830 4122 sub
2875 4077 3003 4139 qua
3055 4064 3357 4120 tenemur
3409 4055 3654 4138 captivi
3712 4063 3779 4118 et
3827 4063 4051 4118 mente
4096 4057 4164 4116 81
4205 4052 4441 4116 volun-

2486 4149 2647 4220 tate,
2716 4141 2922 4207 donee
2991 4142 3281 4226 gratuito
3347 4140 3597 4206 Christi
3673 4140 3986 4205 beneficio
4063 4136 4436 4204 liberamur.

2482 4227 2679 4293 Nunc
2731 4227 2889 4310 quid
2944 4239 3273 4309 superest,
3331 4227 3460 4291 nisi
3515 4237 3591 4290 ut
3646 4226 4101 4307 Augustinum
4157 4220 4438 4287 bestiam

2483 4312 2797 4396 appellet,
2876 4311 3047 4395 quod
3127 4334 3259 4377 non
3331 4332 3488 4376 suae
3554 4309 3922 4375 dementiae
3987 4307 4433 4391 suffragetur?

2482 4398 2680 4465 Hanc
2737 4398 2913 4462 enim
2973 4398 3406 4463 obiectionem
3460 4397 3601 4479 ipse
3657 4401 3899 4459 movet.
3992 4391 4167 4473 Quid
4213 4394 4269 4458 si
4315 4394 4435 4459 ali-

2483 4484 2635 4550 cubi
2690 4484 3094 4549 contrarium
3149 4480 3432 4547 dixerit?
3534 4480 3610 4546 Si
3662 4481 3948 4558 fecisset,
4014 4485 4129 4542 aut
4174 4481 4432 4558 faceret,

2481 4590 3023 4635 connumerarem
3068 4588 3219 4632 eum
3264 4587 3415 4631 cum
3459 4564 3884 4643 Lutheranis,
3938 4585 4013 4630 ac
4058 4564 4126 4627 in
4166 4565 4435 4631 brutum

2483 4654 2726 4718 animal
2783 4655 3214 4751 degenerasse
3272 4649 3574 4715 dicerem.
3676 4651 3805 4717 Hic
3857 4673 3989 4715 non
4050 4649 4239 4715 modo
4280 4674 4433 4718 con-

2483 4741 2762 4804 trarium
2814 4738 3042 4823 Pighii
3085 4738 3305 4801 sensui
3323 4739 3381 4818 ²)
3439 4736 3622 4812 dicit,
3682 4736 3797 4801 sed
3851 4737 3921 4801 in
3979 4734 4113 4800 illis
4176 4757 4433 4819 quoque

2483 4823 2702 4890 verbis
2747 4824 3146 4888 contrarium
3191 4821 3475 4887 sensisse
3519 4843 3588 4886 se
3633 4831 3926 4886 testatur.

2655 4910 2874 4974 Locus
2918 4929 3114 4991 quem
3150 4907 3393 4991 allegat
3427 4930 3510 4972 ex
3546 4906 3714 4972 libro
3751 4905 3832 4972 de
3875 4907 4057 4973 Vera
4098 4906 4431 4989 religione,

2854 5049 2891 5056 ..-

2620 5133 2680 5198 1)
2717 5131 2943 5185 Domino
2982 5127 3118 5183 1552
3151 5144 3290 5199 seqq.
3329 5128 3427 5194 (G.
3467 5129 3841 5194 domination).

2619 5199 2679 5266 2)
2718 5199 2812 5253 Sic
2846 5199 2964 5253 sola
3008 5203 3278 5266 princeps,
3363 5199 3575 5252 (laeteri
3617 5198 3889 5254 scribunt.-
3934 5213 4111 5252 sensu.
4189 5195 4254 5249 G.
4303 5197 4335 5250 a
4379 5194 4433 5249 le

2481 5269 2713 5338 prendre
2752 5284 2955 5323 comme
2992 5268 3231 5336 Pighius,
