4967 5992
2161 420 2906 500 PROLEGOLOENA.
3029 457 3038 466 ·
4395 433 4535 503 XV

815 625 985 709 LA
1050 623 1483 710 FORROE
1552 625 1567 727 Ι
1635 637 1819 705 1)Εὸ
1863 638 2267 706 PRIERES
2304 640 2427 705 ΕΤ
2478 639 2491 726 Ι
2541 649 2833 706 CHANTZ
2888 637 3414 727 ECCLESIASTH
3430 661 3592 725 ques
3646 662 3807 709 avec
3859 643 3928 708 la
3989 647 4285 713 maniere
4349 648 4531 715 d'ad-

476 752 844 826 ,minim-cr
884 749 983 816 les
1004 746 1488 834 Sacro-Imeus,
1534 755 1602 815 et
1645 768 1988 816 consacrer
2026 749 2091 815 le
2131 750 2462 835 Mariage·
2510 750 2694 817 selon
2736 751 2804 816 la
2846 770 2996 818 cou-
3011 747 3254 837 {stume
3285 749 3365 817 de
3398 751 3677 838 l'Eglise
3705 752 4044 820 ancienne.
4086 756 4098 841 Ι
4139 764 4528 838 (Arabena.)

504 841 4576 955 1366666Ῑὸ91οἠ66866668619666666636666666116,6ὑ1ρωεαῶαεηρθεοίιοαμερηῑασοψῳαωπιάω.

508 969 3801 1059 ἅῶωυιαίνοε.ΙΡ661ι66150.1ραετοαιοεᾳωίναςρὶνεῖοαεῐεθοίρηεανΙ-ΙΜΉΒΧΒΠ
4655 1007 4664 1014 ·

816 1117 1065 1182 Forma
1121 1116 1457 1182 octonaria
1509 1116 1741 1182 minor.
1833 1115 2319 1199 Quaternienes
2368 1114 2679 1183 undecim
2734 1136 2887 1183 cum
2940 1115 3208 1184 dimidio
3261 1119 3538 1204 (a—m).
3604 1119 3797 1186 Folia
3837 1126 3939 1187 92.
4025 1124 4306 1192 Numeri
4345 1130 4532 1216 pagi-

504 1248 747 1330 narum
788 1227 978 1295 nulli.
1064 1226 1473 1294 Flosculus
1454 1249 1528 1292 m
1565 1225 1759 1292 titulo
1801 1227 1980 1292 idem
2022 1235 2218 1311 atque
2268 1227 2382 1293 1116
2425 1248 2510 1293 ex
2553 1248 2683 1311 quo
2728 1228 3036 1314 Prelegg.
3094 1228 3168 1293 Τ.
3215 1225 3301 1294 V.
3362 1249 3509 1314 pag.
3554 1229 3781 1298 LVII.
3838 1232 3936 1299 Io.
3994 1232 4372 1303 Gerar-dum
4413 1260 4529 1323 ge-

503 1361 866 1407 nevensem
919 1321 1414 1425 typographum
1483 1338 1689 1403 fuisse
1745 1338 2142 1405 ceniecimus
2196 1341 2309 1422 qui
2366 1340 2539 1406 Acta
2592 1339 3107 1424 Ratisponensia
3170 1339 3529 1407 excuderit.
3616 1341 4040 1409 Psalmerum
4092 1347 4402 1414 versiculi
4457 1351 4530 1416 in

504 1451 699 1518 titulo
742 1451 1041 1535 expressi
1103 1449 1218 1517 sed
1285 1470 1371 1515 ex
1422 1456 1611 1534 parte
1667 1448 1833 1515 false
1891 1471 2168 1517 numero
2223 1448 2549 1535 designati
2604 1450 2920 1535 leguntur
2984 1451 3372 1530 Ps.149,1
3423 1459 3491 1518 et
3539 1457 3680 1532 150,
3725 1456 3784 1518 6.
3884 1454 4176 1525 'situlum
4232 1462 4531 1552 sequitur

504 1561 825 1649 praefatio
870 1561 1239 1647 (Epistre
1284 1582 1397 1649 au‘
1424 1560 1699 1627 lecteu
1712 1561 1778 1646 r)
1818 1562 1961 1627 6166
2005 1562 2271 1628 nomine
2314 1562 2565 1628 autoris
2608 1569 2677 1628 et
2720 1561 2963 1646 absque
3004 1562 3145 1628 ulla
3186 1563 3668 1647 subscriptione
3711 1563 3848 1648 (fol.
3891 1568 4111 1652 2—5),
4157 1567 4393 1637 deinde
4434 1572 4529 1639 le-

504 1683 758 1760 guntur
794 1673 1053 1741 Psalmi
1094 1672 1313 1757 gallici
1357 1693 1509 1739 cum
1543 1673 1719 1738 netis
1763 1673 1901 1738 suis
1943 1673 2214 1739 musicis
2259 1672 2398 1756 (fel.
2440 1673 2702 1755 6—69),
2747 1673 2829 1738 de
2873 1674 3112 1757 quibus
3154 1675 3330 1740 infra
3367 1673 3562 1760 plura
3605 1674 3914 1742 dicemus.
3979 1677 4220 1744 Finem
4253 1681 4411 1748 facit
4453 1705 4531 1748 ea

504 1783 659 1852 libri
709 1805 866 1870 pars
917 1804 1117 1868 quam
1168 1783 1460 1848 maxime
1514 1803 1637 1848 666
1688 1781 1813 1850 hoc
1868 1783 2009 1849 lece
2063 1783 2481 1867 respicimus:
2540 1784 2659 1849 La
2700 1783 2993 1850 Ferme
3048 1782 3183 1850 des
3243 1785 3583 1852 Prieres
3640 1785 4331 1872 ecclesiastiques
4389 1793 4526 1880 (fel.

507 1897 794 1982 ‘lo—92)
839 1895 1027 1979 cuius
1065 1900 1344 1976 textum,
1389 1902 1619 1978 utpote
1662 1892 2213 1979 antiquissimum,
2259 1902 2489 1960 nestra
2530 1894 2730 1961 editio
2774 1896 3264 1963 accuratissime
3306 1897 3651 1981 exprimet.

810 2007 1038 2072 Huius
1079 2006 1232 2073 libri
1273 2004 1575 2088 exemplo
1619 2002 1970 2080 estendere
2010 2005 2212 2071 liceat
2250 2006 2440 2073 nobis
2484 2026 2684 2089 quam
2729 2026 2968 2090 parum
3010 2015 3261 2073 certam
3305 2007 3387 2073 de
3428 2008 3630 2074 rebus
3682 2007 4001 2075 litorariis
4044 2011 4230 2093 apud
4270 2020 4531 2081 veteres

503 2117 812 2184 notitiam
855 2118 1180 2185 invenias.
1268 2114 1664 2183 Oelladonus
1707 2116 2025 2182 nimirum
2067 2115 2322 2183 natales
2366 2117 2508 2183 eius
2553 2116 2638 2182 ad
2682 2138 2931 2185 annum
2979 2122 3141 2183 1543
3197 2119 3401 2185 refert
3451 2120 3611 2204 (vie
3655 2119 3751 2184 de
3796 2119 4105 2187 Calvin
4149 2120 4319 2190 Gen.
4365 2129 4526 2189 1565

501 2226 611 2296 fol.
657 2250 710 2295 c.
757 2228 873 2313 iiij.
919 2227 1018 2295 ed.
1064 2226 1394 2295 Franklin
1446 2229 1608 2292 1865
1666 2247 1836 2312 page
1882 2230 2015 2314 57),
2073 2226 2502 2312 probabiliter
2546 2249 2665 2294 sue
2707 2229 2916 2312 ipsius
2960 2228 3321 2313 exemplari
3379 2228 3689 2314 deceptus
3733 2230 3909 2314 quod
3963 2231 4048 2298 ad
4098 2235 4531 2303 recentiorem

506 2339 793 2424 aliquam
835 2339 1189 2406 editionem
1234 2340 1629 2423 pertinuisse
1672 2337 1951 2407 videtur.

808 2450 1167 2518 Caeterum
1230 2452 1562 2517 affirmare
1624 2471 1764 2517 nen
1827 2450 2122 2516 ausimus
2177 2448 2531 2516 editionem
2585 2448 2772 2514 illam
2828 2449 2987 2515 anni
3043 2454 3119 2514 15
3134 2454 3205 2512 12
3272 2470 3347 2515 re
3402 2470 3563 2516 vera
3618 2453 3917 2516 omnium
3962 2454 4256 2537 primam
4297 2456 4521 2523 fuisse.

501 2559 865 2629 Incidimus
908 2562 1085 2628 enim
1125 2562 1199 2627 in
1237 2561 1582 2646 epistelam
1637 2561 1970 2648 quandam
2012 2561 2203 2626 Petri
2249 2558 2650 2640 Alexandri,
2707 2559 3020 2626 ecclesiae
3066 2559 3431 2644 gallicanae
3476 2563 4038 2646 argentoratensis
4079 2566 4394 2648 pastoris,
4442 2568 4528 2633 ad

501 2673 965 2759 magistratum
1009 2673 1411 2757 reipublicae
1463 2681 1729 2740 nestrae
1771 2672 1998 2738 datam
2044 2668 2104 2736 d.
2153 2676 2257 2736 25.
2300 2671 2466 2737 Maii
2515 2673 2680 2735 1542
2724 2679 2792 2736 et
2844 2671 2918 2736 in
2960 2669 3251 2738 archivis
3303 2671 3589 2739 civitatis
3644 2681 4075 2754 asservatam,
4127 2676 4202 2740 in
4244 2697 4374 2760 966
4412 2678 4528 2742 1116

502 2791 751 2865 narrat,
796 2805 868 2851 66
910 2805 1123 2867 nuper
1174 2804 1460 2851 novam
1518 2783 1671 2851 libri
1725 2783 2020 2868 liturgici
2075 2781 2431 2848 editionem
2483 2802 2782 2862 curasse,
2839 2782 3059 2864 priore
3117 2780 3457 2848 divendita
3501 2782 3549 2868 (.
3598 2833 3612 2848 .
3661 2834 3677 2849 .
3725 2834 3739 2849 .
3786 2783 3911 2851 hab
3966 2785 4067 2851 ich
4118 2787 4224 2852 die
4256 2787 4531 2869 frantec’i-

502 2895 743 2962 sisclaen
785 2889 1022 2981 ’966669
1065 2895 1389 2978 psalmen,
1439 2894 1715 2979 yemeine
1753 2893 1919 2980 qebet
1971 2894 2100 2960 vnd
2148 2893 2461 2976 fommlar
2515 2893 2628 2958 der
2676 2892 3046 2958 Sacrament
3088 2891 3519 2977 Handlunyen
3572 2895 3746 2961 diser
3791 2894 4073 2963 Kirchen
4115 2897 4334 2978 αῖΖῙιὶε,
4388 2899 4530 2966 weil
4611 2895 4614 2898 ’

500 3005 677 3073 keine
728 3005 978 3072 bedain
1018 3005 1192 3072 mehr
1251 3006 1625 3086 ooo-handen,
1678 3004 2018 3071 widemmb
2070 3006 2145 3070 in
2195 3004 2394 3071 druch
2431 3005 2806 3088 versertiqet)
2821 3054 2837 3085 ,
2892 3011 3088 3087 atque
3131 3005 3536 3090 exemplaria
3575 3006 3714 3071 fere
3757 3015 4074 3074 sexcenta
4115 3010 4529 3098 Metensibus

502 3117 795 3198 misisse,
858 3137 1027 3201 9666
1102 3127 1328 3182 tamen
1404 3116 1489 3181 ad
1541 3124 1763 3201 pertas
1816 3116 1996 3181 111166
2048 3116 2233 3183 urbis
2286 3116 2471 3181 iussu
2526 3115 2870 3182 consulum
2916 3115 3331 3198 deprehensa
3381 3117 3471 3182 ibi
3521 3137 3703 3183 nunc
3751 3117 4189 3199 detineantur,
4239 3121 4529 3187 maxime

505 3229 659 3311 9616
701 3227 787 3292 6(1
829 3227 1073 3294 calcem
1114 3226 1412 3310 opusculi
1455 3227 1910 3313 typographus
1968 3225 2071 3311 (vs
2113 3225 2526 3292 vnbesonener
2562 3226 3035 3311 yewarsamkeit
3097 3278 3111 3293 .
3158 3278 3171 3290 .
3217 3277 3232 3292 .
3283 3278 3296 3291 .
3341 3248 3422 3292 us
3475 3226 3937 3294 mberathenem
3987 3230 4304 3316 viberiycm
4357 3232 4527 3311 oleis,

503 3346 581 3406 ut
622 3340 761 3424 ipse
807 3339 999 3425 dicit)
1042 3338 1493 3407 declaraverat
1534 3338 1788 3404 Romae
1829 3338 2151 3424 impressa
2195 3360 2337 3405 esse
2381 3359 2537 3405 cum
2588 3336 2938 3422 privilegio
2980 3358 3206 3422 papae.
3295 3338 3478 3404 Petit
3519 3338 3727 3423 igitur
3769 3361 3810 3405 a
3852 3342 4246 3425 magistratu
4290 3363 4527 3426 argen-

504 3451 826 3517 toratensi
870 3459 947 3515 ut
988 3451 1328 3517 Metenses
1373 3449 1585 3530 adeat,
1628 3448 1884 3515 libellos
1929 3470 1966 3514 6
2010 3469 2133 3514 666
2176 3470 2437 3515 earcere
2479 3448 2789 3515 liberates
2832 3449 3158 3532 requirat,
3208 3448 3419 3531 iisque
3462 3447 3649 3514 reddi
3692 3460 3878 3515 curet
3918 3471 3960 3515 a
4000 3449 4239 3535 quibus
4282 3454 4528 3536 optimo

507 3561 773 3628 consilio
818 3569 886 3627 et
928 3562 1001 3627 16
1041 3562 1139 3627 rei
1183 3559 1606 3645 evangelicae
1648 3560 2131 3626 incrementum
2174 3559 2333 3626 illuc
2365 3562 2552 3627 missi
2585 3562 2862 3626 fuerant.
2943 3558 3126 3642 Quid
3161 3577 3356 3643 perro
3389 3560 3459 3625 in
3502 3559 3628 3626 hac
3662 3581 3737 3626 re
3773 3573 3996 3626 actum
4031 3562 4136 3640 sit,
4171 3564 4524 3630 nescimus.

505 3672 722 3739 Penes
763 3679 850 3754 te,
894 3672 1209 3741 benevole
1250 3672 1476 3750 lector,
1521 3668 1840 3736 iudicium
1882 3682 2041 3750 esto,
2087 3679 2311 3737 utrum
2355 3694 2438 3738 ex
2482 3671 2607 3737 hec
2647 3671 3038 3738 documento
3080 3672 3338 3737 efficere
3372 3670 3558 3749 velis,
3603 3672 3737 3736 iam
3780 3677 3937 3738 ante
3981 3694 4037 3738 a.
4079 3676 4241 3737 1542
4284 3674 4529 3741 librum

502 3783 890 3869 liturgicum
941 3783 1256 3868 gallicum
1308 3804 1630 3849 excusum
1672 3784 1900 3862 fuisse,
1954 3783 2235 3849 fortasse
2276 3785 2711 3868 Argentorati
2724 3834 2742 3863 ,
2798 3803 2888 3848 an
2930 3781 3147 3865 potius
3190 3781 3527 3848 existimes
3543 3833 3559 3861 ‚
3606 3789 3905 3848 nestram
3946 3783 4141 3849 mede
4184 3783 4526 3852 laudatam

504 3917 655 3962 eam
697 3916 841 3963 esse
883 3916 1082 3979 quam
1131 3896 1261 3959 iste
1312 3893 1448 3959 iam
1491 3893 1899 3960 divenditam
1938 3893 2114 3959 dicit.
2203 3894 2413 3960 Certe
2455 3915 2786 3960 remane
2800 3914 2971 3958 rum
3024 3892 3290 3958 illerum
3348 3893 3859 3976 exemplarium,
3914 3915 4081 3979 quae
4119 3895 4529 3962 Metensibus

501 4007 669 4074 falso
723 4008 992 4073 nemine
1045 4011 1280 4073 ornata
1331 4003 1659 4073 obtulerat
1710 4004 2167 4091 typographus
2181 4059 2199 4087 ,
2256 4027 2583 4090 nusquam
2637 4011 2967 4071 terrarum
3022 4004 3377 4089 vestigium
3421 4005 3765 4088 repereris.
3854 4005 4244 4073 Memoriam
4304 4013 4528 4071 tamen

505 4117 809 4185 editionis
853 4116 1054 4185 huius
1099 4117 1475 4201 deperditae
1519 4138 1818 4187 servasse
1860 4117 2124 4187 videtur
2166 4117 2562 4184 Beulacrius
2606 4118 2739 4200 qui,
2783 4124 2863 4183 ut
2895 4138 2936 4182 a
2975 4116 3230 4183 Beveto
3266 4116 3656 4199 accepimus,
3701 4117 3776 4182 in
3811 4115 4020 4182 diario
4064 4116 4350 4199 quedam
4384 4114 4526 4181 hel-

501 4231 720 4296 vetice
762 4249 820 4296 a.
876 4233 1034 4294 1745
1081 4228 1163 4294 (16
1205 4229 1622 4295 Ρ6616ιοι·6ι6
1665 4229 1944 4295 historia
1986 4250 2218 4313 agens,
2278 4229 2532 4296 curiam
2575 4248 2918 4293 romanam
2961 4248 3038 4293 66
3080 4229 3348 4293 66ι6166
3399 4226 3630 4293 laudat
3672 4226 3845 4310 qued
3887 4227 4324 4304 Marotianes,
4379 4233 4525 4292 ecte

505 4341 653 4408 aliis
696 4348 1002 4407 autorum
1043 4340 1421 4425 ignotorum
1483 4346 1737 4419 auctos,
1792 4341 1864 4404 16
1918 4340 2063 4424 ipsa
2103 4342 2267 4407 urbe
2320 4339 2549 4406 recudi
2599 4339 2994 4424 permiserit.
3085 4336 3280 4420 Quod
3332 4340 3576 4422 optime
3629 4339 3700 4402 16
3740 4335 4184 4403 Gerardinam
4226 4344 4525 4403 nostram

503 4452 710 4533 cadit,
769 4458 850 4518 nt
899 4452 1074 4518 infra
1125 4451 1530 4531 videbimus,
1584 4459 1653 4517 et
1702 4452 1775 4516 in
1835 4473 1912 4517 66
1969 4459 2231 4518 tantum
2274 4452 2520 4518 erravit
2559 4451 2669 4518 vir
2711 4451 2941 4518 dectus
2984 4450 3159 4534 qued
3204 4448 3328 4516 sibi
3374 4470 3459 4514 ex
3500 4446 3980 4532 subscriptione
4021 4448 4126 4515 vel
4171 4449 4522 4534 privilegio

500 4565 733 4630 fucum
773 4565 920 4631 fieri
960 4583 1196 4646 passus
1237 4569 1356 4628 est.
1448 4561 2049 4629 Pseuderomanam
2091 4562 2445 4630 editionem
2489 4561 2902 4629 Gerardinae
2945 4562 3371 4645 apographon
3409 4561 3630 4638 fuisse,
3676 4558 3918 4626 Boveti
3964 4568 4065 4627 est
4108 4561 4348 4644 opinio.

813 4691 1167 4758 Proximae
1219 4689 1524 4757 editionis
1568 4711 1699 4774 qua
1737 4690 1843 4757 usi
1885 4712 2131 4770 sumus,
2187 4689 2613 4773 eiusdemque
2665 4689 2965 4774 pluribus
3021 4689 3315 4755 numeris
3358 4710 3399 4753 a
3453 4684 3887 4769 praecedente
3930 4685 4246 4768 diversae,
4291 4688 4524 4755 titulus

506 4802 615 4869 hic
656 4808 760 4868 est
1412 4880 1419 4886 .

814 4933 982 5017 LA
1030 4933 1462 5019 FORME
1484 4933 1493 5049 ᾖ
1517 4944 1701 5013 DES
1756 4944 2164 5013 PRIERES
2219 4945 2340 5012 ΕΤ
2386 4946 2399 5030 Ι
2452 4953 2746 5011 enANTz
2780 4943 3519 5027 EccmslA-lsnensss.
3560 4952 3571 5021 ι
3611 4952 3765 5007 Auen
3808 4952 3866 5005 za
3908 4953 4152 5007 manem
4196 4952 4520 5009 aeaamsncs-

504 5072 619 5121 trer
653 5065 730 5120 166
768 5063 1103 5137 8666616666,
1137 5072 1187 5122 ct
1221 5082 1345 5122 con·
1363 5067 1371 5132 Ι
1386 5082 1577 5123 sacr-er
1609 5066 1657 5122 16
1695 5065 1984 5136 Maricae.-
2020 5066 2169 5121 selon
2202 5065 2261 5119 la
2293 5070 2571 5120 coactum
2604 5064 2673 5120 de
2713 5067 2724 5132 Ι
2766 5063 3002 5135 L’equse
3033 5064 3314 5121 ancienne.
3603 5054 3674 5122 S.
3741 5054 3915 5122 Paul
3970 5075 4103 5121 aux
4154 5054 4402 5124 Coloss.
4459 5063 4516 5123 3.

506 5167 715 5252 Ohap.
763 5169 775 5254 Ι
829 5175 1141 5248 Enseiqm
1171 5182 1226 5234 et
1256 5179 1600 5236 admoneam
1633 5178 1748 5236 l’un
1782 5178 1994 5248 rantra,
2027 5192 2098 5233 en
2133 5176 2451 5232 Pseaulmes
2481 5176 2495 5245 Ι
2522 5192 2590 5232 en
2623 5177 2878 5245 lowenyes
2910 5181 2962 5230 et
2995 5176 3274 5232 chamaan
3306 5175 3653 5246 spiritueues,
3696 5177 3708 5244 Ι
3744 5191 3883 5234 auec
3912 5190 4103 5245 ,σι-666,
4140 5174 4412 5231 manum
4445 5191 4521 5229 aa

506 5286 836 5359 Sei-§qnem-
869 5304 939 5344 cn
971 5295 1158 5345 nome
1190 5305 1370 5346 cucur.
1404 5295 1415 5359 Ι
1767 5285 1777 5368 Ι
1820 5282 2142 5365 Imprime
2182 5302 2223 5346 a
2260 5279 2683 5366 Stra-sbourg,
2734 5281 2744 5366 Ι
2812 5287 2961 5343 L’an
3000 5285 3180 5347 1545.
