4967 5992
409 375 531 438 397

404 580 558 625 rum
617 560 986 625 membrum
1002 612 1018 638 ‚
1075 563 1248 646 quod
1303 586 1389 630 ex
1439 574 1809 633 commento
1863 568 2080 632 carnis
2138 569 2360 633 assuit.

406 645 538 712 His
581 653 720 710 tam
762 645 929 711 bene
973 648 1300 727 confectis,
1347 650 1597 716 dictum
1638 651 1806 718 illud
1848 652 2123 736 vulgare
2166 652 2362 718 Guil-

407 731 590 796 lelmi
635 728 880 796 Occam
896 782 911 809 ‚
962 731 1134 815 quod
1197 735 1379 799 omni
1433 757 1518 800 ex
1571 746 1758 820 parte
1811 738 2364 821 pelagianismum

407 816 655 899 resipit,
698 816 963 883 facienti
1007 817 1181 901 quod
1223 821 1292 883 iu
1336 840 1408 887 se
1452 828 1554 886 est
1591 822 1817 887 Deum
1861 844 1994 887 non
2037 821 2363 907 denegare

408 902 723 986 gratiam,
801 902 1219 968 verissimum
1298 926 1442 972 esse
1506 906 1857 973 concludit.
1945 907 2011 972 N
2013 929 2122 972 am
2188 907 2363 992 quod

408 988 743 1052 neminem
787 986 918 1053 Dei
968 987 1253 1072 gratiam
1304 1011 1619 1073 quaerere
1672 1014 1862 1076 posse
1905 990 2176 1071 tradidi,
2233 993 2364 1060 nisi

408 1073 519 1155 qui
563 1091 604 1136 a
644 1071 775 1136 Dei
819 1073 1055 1156 spiritu
1100 1083 1355 1159 agatur,
1393 1098 1469 1141 eo
1512 1076 1705 1142 modo
1750 1078 2049 1144 homines
2090 1099 2362 1161 prorsus

410 1158 668 1240 stipites
730 1158 890 1223 fieri.
983 1155 1116 1238 Qui
1184 1161 1324 1226 sic?
1415 1160 1746 1242 Quoniam
1811 1164 1965 1230 hinc
2029 1172 2360 1247 sequatur,

408 1243 659 1310 nemini
704 1244 1069 1325 expositam
1113 1266 1273 1324 esse,
1321 1248 1570 1313 nemini
1612 1249 2083 1330 quaerendam:
2130 1257 2362 1332 utpote

408 1349 578 1410 quae
600 1331 843 1411 quaeri,
871 1337 1225 1412 antequam
1250 1330 1588 1413 habeatur,
1626 1354 1761 1398 non
1785 1336 2010 1419 possit.
2077 1335 2363 1400 Frustra

408 1421 629 1478 autem
684 1415 941 1495 quaeri,
1006 1414 1183 1498 quod
1246 1417 1383 1482 iam
1448 1418 1836 1500 possidetur.
1926 1423 2023 1484 At
2085 1419 2360 1501 perinde

413 1503 563 1579 [pag.
612 1501 764 1578 229]
821 1500 1276 1580 ratiocinatur,
1335 1522 1412 1567 ae
1452 1504 1509 1569 81
1552 1525 1937 1571 concessum
1984 1504 2122 1570 iam
2179 1505 2278 1569 illi
2320 1525 2361 1569 a

406 1604 517 1649 me
541 1585 728 1662 foret,
764 1604 902 1649 non
936 1606 1080 1651 esse
1111 1586 1406 1653 diversas
1421 1590 1687 1673 gratias,
1720 1590 1905 1673 pium
1942 1590 2357 1669 desiderium,

408 1670 676 1753 eiusque
719 1671 1325 1753 consequutionem:
1370 1695 1573 1756 quum
1615 1675 1750 1740 iam
1796 1675 1953 1741 alibi
1996 1697 2081 1740 ex
2123 1677 2358 1759 Augu-

406 1755 577 1821 stino
634 1754 1252 1837 demonstraverim,
1327 1759 1496 1826 hane
1551 1759 1706 1825 fidei
1775 1763 2128 1827 sanitatem
2193 1781 2356 1842 esse,

402 1848 627 1923 petere
669 1850 746 1905 ut
783 1841 1082 1924 accipias,
1126 1863 1439 1926 quaerere
1481 1854 1560 1911 ut
1600 1847 1919 1926 inveniaS,
1965 1847 2231 1931 pulsare
2282 1853 2360 1911 ut

405 1927 743 2009 aperiatur
814 1926 952 1992 tibi.
1040 1928 1253 1993 Porro
1330 1929 1535 1995 huius·
1592 1933 1895 1998 sanitatis
1961 1940 2152 1997 autor
2228 1954 2357 1996 uon

405 2031 619 2095 aeger,
664 2011 914 2094 opinor,
961 2011 1079 2078 sed
1120 2013 1413 2081 medicus
1455 2017 1932 2083 existimandus
1975 2018 2119 2083 erit.

578 2093 922 2176 Quantum
972 2098 1056 2162 ad
1109 2102 1639 2181 perseverantiae
1696 2101 1974 2181 donum,
2030 2102 2193 2169 haec
2253 2108 2359 2168 est

402 2181 629 2265 Pighii
666 2181 1100 2265 philosophia,
1146 2186 1426 2250 conferri
1459 2186 1626 2252 illud
1666 2187 1930 2269 quidem
1975 2188 2161 2253 nobis
2203 2208 2357 2270 gra-

405 2266 591 2345 tuite,
638 2283 706 2333 et
748 2275 970 2333 tamen
1001 2270 1254 2334 meritis
1298 2270 1584 2353 rependi.
1655 2271 1787 2353 Qui
1830 2273 2075 2339 factum
2119 2283 2236 2352 est,
2280 2282 2359 2338 ut

403 2350 567 2417 haec
602 2358 741 2417 tam
778 2351 1036 2418 subtilis
1068 2354 1376 2438 cogitatio
1409 2357 1669 2439 spiritui
1693 2365 1917 2422 saneto
1952 2380 2088 2423 non
2128 2377 2355 2424 occur-

399 2445 595 2515 reret,
642 2459 844 2521 quum
877 2439 1143 2521 penitus
1176 2443 1506 2507 contraria
1536 2453 1930 2526 argumenta
1962 2442 2175 2509 Paulo
2220 2443 2355 2509 die-

401 2522 617 2587 taret?
708 2520 1052 2604 Siquidem
1107 2545 1313 2608 quum
1370 2526 1469 2591 illi
1510 2528 1855 2594 familiaris
1908 2530 1995 2593 sit
2037 2529 2350 2609 collectio,

399 2608 457 2672 si
516 2627 601 2671 ex
654 2609 896 2691 gratia,
958 2630 1115 2693 ergo
1168 2630 1305 2675 non
1355 2633 1438 2677 ex
1494 2614 1802 2695 operibus
1858 2615 2078 2698 (Rom.
2124 2620 2220 2692 11,
2262 2621 2352 2698 6),

399 2691 726 2757 rationem
769 2693 1007 2759 alieubi
1050 2692 1294 2760 reddit:
1351 2698 1507 2780 quia
1551 2696 1724 2781 quod
1768 2698 2073 2783 operibus
2114 2720 2353 2783 repen-

400 2774 601 2857 ditur,
645 2777 957 2844 debitum.
987 2778 1090 2844 sit.
1158 2779 1496 2864 Operanti,
1537 2784 1774 2867 inquit,
1818 2805 1954 2849 non
1989 2784 2355 2850 secundum

483 2863 682 2927 atiam
700 2915 718 2943 ,
784 2863 899 2929 8811
967 2866 1329 2931 secundum
1386 2867 1681 2934 debitum
1748 2890 2000 2936 merces
2051 2870 2353 2935 redditur

402 2883 623 3031 ffiom.
661 2956 720 3027 4,
759 2950 850 3034 4).
940 2949 1089 3016 Hoc
1153 2952 1439 3034 qualiter
1516 2973 1667 3018 eum
1737 2953 1963 3039 Pighii
2022 2956 2350 3021 axiomate

397 3035 776 3114 conveniet,
833 3037 943 3119 qui
1000 3036 1149 3101 vult
1195 3059 1315 3103 nos
1370 3040 1636 3122 propria
1688 3041 1937 3107 virtute
1986 3042 2352 3124 promereri

397 3116 531 3185 Dei
561 3121 860 3203 gratiam,
907 3128 974 3186 et
1000 3128 1226 3187 tamen
1259 3125 1551 3207 gratuito
1578 3145 1738 3190 eam
1770 3126 2120 3209 consequi?
2181 3125 2349 3192 an-

396 3215 615 3271 terum
655 3208 1066 3272 remunerari
1109 3208 1333 3273 Deum
1389 3211 1855 3292 posterioribus
2030 3211 2142 3277 tiis
2183 3210 2349 3297 legi-

396 3291 640 3358 timum
681 3292 975 3374 priorum
1020 3310 1232 3371 usum,
1278 3314 1357 3358 ex
1407 3295 1674 3378 vulgata
1715 3295 1833 3361 illa
1866 3232 2117 3362 Offisti
2158 3317 2348 3379 para-

394 3377 544 3443 bola
610 3378 692 3444 de
769 3378 1037 3444 talentis
1111 3398 1263 3444 eum
1325 3380 1592 3445 foenore
1666 3379 1941 3447 redditis
2003 3383 2351 3447 confirmat

395 3462 665 3547 (Matth.
705 3467 807 3542 25,
851 3465 977 3547 15).
1044 3464 1192 3547 Ego
1238 3485 1394 3529 vero
1434 3487 1776 3549 nunquam
1811 3465 1937 3532 hoc
1966 3466 2350 3550 simpliciter

391 3550 666 3633 negavi3
734 3549 849 3615 sed
913 3557 1178 3615 tantum
1241 3549 1414 3617 hanc
1471 3553 1924 3636 exceptionem
1986 3553 2204 3635 posui,
2272 3559 2350 3618 ut

391 3633 639 3717 duplex
669 3635 1040 3718 periculum
1078 3643 1439 3702 caveretur.
1507 3637 1612 3702 Ne
1652 3645 1768 3703 aut
1809 3636 1904 3704 sic
1938 3639 2350 3704 remunerari

391 3719 703 3787 credatur
742 3720 931 3787 Deus
973 3720 1348 3805 legitimum
1388 3724 1643 3806 gratiae
1687 3744 1843 3789 suae
1886 3744 2111 3803 usum,
2170 3743 2247 3790 ac
2291 3724 2349 3788 si

389 3805 589 3872 homo
621 3827 741 3872 sua
780 3806 990 3891 ipsius
1019 3805 1351 3871 industria
1391 3807 1679 3874 oblatam
1722 3808 1848 3875 sibi
1881 3809 2164 3892 gratiam
2198 3808 2348 3874 red-

388 3890 579 3957 deret
622 3893 981 3958 efficacem:
1035 3902 1152 3957 aut
1193 3893 1287 3958 sic
1342 3895 1786 3960 remuneratio
1831 3903 2206 3973 censeatur,
2262 3916 2347 3961 ne

388 3977 479 4041 sit
523 3979 802 4062 amplius
856 3978 1146 4061 gratuita
1185 3979 1418 4061 gratia.
1509 3978 1653 4045 Imo
1698 3980 1791 4046 sic
1845 3979 2222 4062 parabolam
2264 3980 2346 4045 il-

386 4062 522 4129 lam
581 4065 820 4148 exponi
873 4061 1109 4129 debere
1159 4083 1580 4144 monueram,
1635 4063 1809 4148 quod
1862 4066 2048 4130 Deus
2103 4086 2225 4131 sua
2274 4066 2343 4131 in

388 4148 581 4214 nobis
634 4151 856 4232 priora
898 4148 1073 4214 dona
1128 4149 1318 4215 novis
1362 4157 1430 4215 et
1471 4151 1828 4216 maioribus
1873 4148 2151 4216 subinde
2193 4171 2343 4234 pro-

389 4234 705 4317 sequitur.
730 4297 737 4306 ,
773 4232 998 4314 Quare
1018 4233 1277 4299 nullum
1297 4255 1533 4319 operae
1554 4236 1844 4318 pretium
1864 4235 2022 4302 facit
2040 4235 2341 4320 Pighius,

388 4318 547 4385 dum
586 4328 850 4385 tantum
884 4320 1237 4386 verborum
1278 4318 1512 4399 fundit,
1557 4342 1686 4404 quo
1729 4320 1894 4386 mihi
1937 4329 2341 4406 extorqueat,

386 4404 562 4554 ffiilod
596 4413 832 4489 sponte
862 4406 997 4469 iam
1037 4406 1370 4490 professus
1406 4426 1586 4471 sum:
1633 4407 2031 4472 talentorum
2076 4408 2342 4473 nomine

393 4492 406 4504 ‘
466 4491 523 4554 ‘c
563 4488 694 4556 Dei
739 4492 987 4575 gratias
1005 4542 1019 4569 ,
1077 4511 1200 4555 888
1244 4491 1365 4556 sub
1408 4512 1748 4557 servorum
1783 4513 2079 4574 persona,
2120 4491 2343 4558 Deum

387 4584 607 4640 autem
662 4598 781 4660 per
827 4583 1084 4659 patrem
1136 4576 1418 4641 familias
1485 4575 1835 4660 designari.
1925 4575 2152 4658 Quum
2216 4578 2343 4645 hoc

385 4661 565 4726 inter
606 4683 725 4729 nos
768 4662 937 4727 citra
980 4659 1249 4726 dubium
1293 4670 1578 4741 constet,
1625 4663 1843 4728 eliciat
1884 4662 2037 4728 inde
2082 4664 2139 4729 si
2183 4665 2342 4747 quid

384 4753 628 4829 potest,
698 4745 869 4831 quod
928 4752 1077 4827 [pag.
1136 4751 1284 4825 230]
1338 4747 1501 4812 mihi
1561 4747 1965 4814 adversetur.
2052 4747 2341 4830 Laudat,

383 4831 623 4915 inquit,
653 4831 839 4899 Deus
881 4831 1268 4898 fidelitatem
1299 4841 1613 4912 nostram,
1659 4832 1928 4916 eiusque
1972 4833 2341 4898 mercedem

385 4925 671 4983 testatur
715 4937 889 4997 esse,
935 4918 1106 5002 quod
1150 4917 1573 5001 amplioribus
1616 4939 1740 4984 888
1784 4918 1974 4983 donis
2020 4917 2336 4984 cumulat:

383 5022 624 5086 nempe
668 5004 840 5069 sicut
880 5025 1001 5070 sua
1033 5003 1204 5069 dona
1244 5004 1315 5067 in
1359 5004 1551 5069 nobis
1593 5014 1878 5081 coronat,
1925 5004 2177 5086 quoties
2222 5004 2341 5070 ali-

425 5086 539 5152 uid
583 5088 906 5155 retribuit.
975 5086 1090 5156 Sic
1133 5089 1333 5154 etiam
1376 5088 1579 5156 habet
1615 5089 1962 5156 Institutio
2003 5110 2177 5155 mea:
2223 5088 2341 5155 Fi-

427 5172 639 5240 elibus
692 5174 1195 5256 exspectandam
1241 5196 1383 5241 esse
1438 5175 1612 5241 hanc
1662 5174 2221 5256 benedictionem,
2266 5182 2344 5241 ut

380 5279 512 5341 quo
554 5259 789 5325 melius
835 5261 940 5324 usi
991 5262 1237 5325 fuerint
1279 5262 1724 5344 superioribus
1765 5260 1897 5327 Dei
1943 5262 2206 5347 gratiis,
2262 5282 2341 5326 eo

1886 379 2018 447 DE
2060 379 2409 448 LIBERO
2451 379 2930 449 ARBI'PRIO.

4296 386 4422 450 398

2464 566 2822 633 maioribus
2865 568 3140 650 posthac
3194 573 3580 652 augeantur.
3669 564 3806 632 Sed
3848 567 3920 632 id
3963 588 4221 652 quoque
4277 590 4422 638 esse

2466 653 2718 734 gratiae
2762 650 3037 732 donum,
3095 652 3270 736 quod
3326 653 3492 718 bene
3545 660 3838 717 utantur.
3927 652 4030 720 Ne
4081 655 4227 737 quis
4266 677 4424 722 vero

2465 735 2534 802 id
2578 758 2620 801 a
2669 757 2779 801 me
2819 739 3174 804 confictum
3218 744 3485 821 putaret
3500 788 3516 814 ,
3573 738 4027 804 testimonium
4065 738 4263 805 Pauli
4306 741 4422 805 ad·-

2466 821 2683 887 hibui:
2743 822 2855 906 qui
2914 829 3267 906 utrumque
3316 820 3401 888 ad
3451 843 3711 888 merum
3755 821 3885 889 Dei
3940 822 4425 907 beneplacitum

2465 907 2690 986 refert,
2777 906 2907 972 uod
2945 914 3013 973 et
3056 907 3226 975 velle
3270 916 3580 991 operetur
3621 908 3692 973 in
3731 908 3937 988 nobis,
3984 917 4051 973 et
4083 911 4419 992 perficere.

2462 991 2596 1058 His
2671 929 2940 1057 uiduam
2984 994 3074 1058 sit
3112 994 3185 1060 in
3219 992 3527 1076 parabola
3564 994 3988 1074 contrarium,
4033 1015 4164 1059 non
4206 994 4418 1062 viden.

2626 1014 2836 1158 (Quod
2890 1087 3114 1143 autem
3168 1079 3298 1144 Dei
3353 1080 3603 1162 gratiae
3668 1089 4051 1163 cooperetur
4115 1079 4421 1148 voluntas

2464 1168 2720 1242 nostra,
2776 1162 3064 1227 Paulum
3107 1171 3345 1228 testem
3389 1162 3683 1242 adducit,
3728 1166 3838 1248 qui
3881 1172 4164 1232 testatur
4205 1167 4420 1249 copio-

2464 1246 2605 1311 sius
2647 1267 2718 1311 se
2759 1246 2906 1312 aliis
2948 1248 3253 1315 omnibus
3294 1247 3624 1316 laborasse
3668 1250 3731 1333 (1
3776 1249 3924 1316 Cor.
3971 1256 4066 1329 15,
4110 1252 4237 1334 10).
4328 1253 4422 1317 At

2463 1351 2621 1395 mox
2634 1382 2649 1407 ,
2709 1334 3108 1398 correctione
3161 1334 3415 1399 adiecta
3467 1333 3535 1398 id
3579 1345 3919 1416 retractat,
3975 1337 4421 1420 transfertque

2463 1413 2551 1481 ad
2591 1416 2723 1481 Dei
2766 1418 3066 1501 gratiam,
3114 1418 3288 1501 quod
3332 1419 3455 1484 sibi
3500 1440 3759 1485 sumere
3802 1422 3984 1486 visus
4028 1433 4186 1486 erat.
4265 1422 4419 1488 Non

2462 1521 2603 1584 ege,
2647 1501 2880 1584 inquit,
2927 1503 3040 1570 sed
3085 1505 3301 1587 gratia
3341 1504 3473 1570 Dei
3515 1526 3685 1588 quae
3728 1505 3894 1570 mihi
3949 1504 4192 1572 aderat.
4268 1506 4419 1575 Hac

2460 1588 2863 1652 correctione
2915 1610 3052 1652 non
3104 1587 3285 1653 aliud
3343 1589 3702 1674 significari
3758 1610 3797 1654 8
3843 1591 4065 1656 inatur
4114 1592 4415 1677 Pighius,

2460 1672 2591 1736 nisi
2635 1671 2807 1754 quod
2852 1672 3172 1741 adiutrice
3215 1681 3282 1740 et
3323 1676 3765 1758 cooperatrice
3877 1676 3939 1741 ei
3982 1678 4195 1761 gratia
4236 1677 4446 1744 labo-⁷

2460 1758 2726 1822 raverit.
2815 1759 2910 1823 At
2960 1760 3016 1824 si
3067 1757 3138 1823 id
3196 1759 3401 1825 vellet
3450 1760 3734 1839 Paulus,
3801 1769 4099 1827 uteretur
4154 1770 4414 1828 tantum

2459 1841 2586 1908 hae
2627 1840 3098 1909 moderatione:
3155 1866 3286 1910 non
3331 1866 3403 1910 se
3444 1844 3780 1912 laborasse
3818 1847 4059 1924 solum,
4106 1847 4220 1912 sed
4262 1869 4414 1931 gra·

2460 1927 2623 1992 tiam
2665 1928 2812 1992 Dei*
2834 1929 3028 1994 simul
3074 1929 3378 1996 adfuisse.
3467 1931 3664 1997 Nunc
3707 1939 3928 1997 autem
3968 1953 4106 1997 non
4144 1932 4416 1999 dimidia

2457 2014 2842 2095 exceptione
2857 2065 2873 2092 ,
2940 2014 3055 2079 sed
3120 2016 3317 2098 plena
3380 2018 3779 2083 correctione
3844 2018 4070 2083 utitur.
4158 2015 4414 2083 Verum

2458 2118 2724 2177 cursus,
2781 2107 2849 2163 et
2886 2109 3251 2179 certamen,
3309 2109 3377 2165 et
3419 2102 3760 2186 castigatio
3805 2104 4128 2185 corporis,
4189 2102 4420 2169 labore

2457 2189 2789 2249 constant:
2846 2184 3086 2267 quibus
3141 2185 3521 2252 defunctum
3565 2208 3635 2252 88
3679 2186 3833 2252 811111
3887 2188 4208 2252 meminit.
4300 2187 4416 2256 Sic

2456 2277 2590 2334 est:
2634 2289 2852 2352 neque
2883 2290 3003 2334 nos
3034 2269 3461 2335 abhorremus
3493 2272 3573 2338 ab
3607 2273 3849 2337 usitato
3883 2272 3909 2336 l
3991 2271 4189 2337 uendi
4210 2294 4412 2354 more,

2458 2373 2586 2436 quo
2630 2363 2697 2419 et
2738 2373 3032 2433 currere,
3076 2364 3146 2420 et
3186 2365 3467 2434 certare,
3514 2364 3584 2422 et
3623 2357 3923 2422 laborare
4014 2358 4267 2423 omines
4310 2358 4414 2424 di-

2456 2448 2725 2516 cuntur,
2774 2437 2968 2504 modo
3011 2462 3096 2506 ne
3137 2438 3206 2504 id
3250 2437 3509 2525 quoque
3567 2442 3757 2507 nobis
3799 2450 4111 2525 negetur,
4157 2453 4290 2508 tam
4328 2442 4415 2510 ad

2455 2532 2808 2603 certamen,
2896 2545 3050 2589 uam
3083 2524 3168 2591 ad
3198 2548 3464 2592 cursum
3496 2534 3613 2592 aut
3643 2527 3951 2605 laborem,
3997 2535 4063 2592 et
4097 2529 4414 2608 animum,

2455 2617 2524 2674 et
2579 2609 2789 2688 vires,
2918 2612 2977 2675 ei
3032 2611 3275 2694 gratia,
3334 2612 3466 2678 illis
3524 2614 3821 2678 conferri.
3911 2614 4082 2691 Aut,
4152 2615 4208 2678 si
4258 2635 4416 2698 pro-

2454 2693 2693 2778 phetae
2749 2694 2971 2760 verbis
3028 2715 3294 2761 sensum
3349 2706 3649 2763 nostrum
3691 2699 3975 2782 exprimi
4019 2699 4228 2783 magis
4270 2698 4414 2781 pla-

2454 2788 2590 2846 cet:
2645 2780 2859 2846 facere
2913 2780 3232 2861 homines,
3276 2780 3556 2848 libenter
3598 2783 4041 2863 concedimus,
4095 2783 4211 2849 sed
4267 2785 4415 2850 Deo

2453 2865 2767 2944 faciente,
2826 2872 2905 2930 ut
2943 2866 3209 2932 faciant.
3295 2868 3441 2932 Aut
3471 2868 3678 2952 igitur
3718 2867 3913 2934 Pauli
3956 2869 4157 2935 verba
4198 2876 4415 2935 mutet

2454 2948 2753 3033 Pighius,
2777 2958 2894 3016 aut
2921 2972 3072 3016 cum
3093 2973 3215 3018 sua
3235 2952 3780 3036 interpretatione
3803 2954 4099 3021 facessat.
4159 2954 4255 3018 At
4273 2975 4412 3021 ser-

2452 3037 2669 3102 monis
2694 3037 3089 3119 proprietate
3110 3058 3180 3102 se
3213 3044 3470 3104 tuetur:
3498 3041 3651 3121 quia
3667 3040 3966 3105 laborare
3991 3059 4413 3123 nequaquam

2453 3119 2602 3186 Deo
2638 3122 3006 3187 conveniat.
3076 3121 3404 3189 Laborem
3433 3124 3644 3207 igitur
3661 3134 3873 3190 totum
3908 3145 4051 3190 8888
4085 3137 4410 3205 nostrum,

2454 3206 2570 3272 sed
2613 3205 2950 3273 laborandi
2987 3207 3304 3272 virtutem
3347 3228 3388 3272 a
3428 3214 3577 3289 [pag.
3615 3222 3691 3274 23
3706 3212 3766 3288 1]
3800 3212 4014 3293 gratia
4055 3208 4411 3276 subminis-

2455 3293 2636 3357 trari.
2737 3295 2839 3357 Ac
2893 3312 3001 3356 me
3066 3312 3143 3357 co
3211 3313 3433 3359 errore
3510 3294 3856 3377 deceptum
3946 3296 4151 3359 fuisse
4230 3293 4408 3374 dicit,

2451 3378 2607 3460 quia
2648 3376 2771 3441 1188
2825 3397 2961 3441 888
3004 3377 3604 3444 animadverterim.
3696 3381 3840 3463 Ego
3883 3400 4041 3445 vero
4084 3379 4258 3445 hanc
4303 3402 4410 3445 re-

2450 3461 2956 3545 prehensionem
2974 3514 2990 3540 ,
3055 3462 3231 3546 quod
3286 3462 3499 3529 fidelis
3567 3466 3778 3549 magis
3833 3485 4032 3547 quam
4085 3464 4407 3530 facundus

2449 3550 2777 3631 interpres
2818 3548 3077 3626 fuerim,
3121 3547 3404 3614 libenter
3444 3551 3752 3616 sustineO.
3841 3547 4238 3633 Quanquam
4280 3551 4410 3615 ista

2450 3633 2720 3717 quidem
2763 3633 3268 3716 reprehensione
3323 3636 3690 3719 apostolum
3732 3637 3982 3720 potius,
4038 3656 4238 3720 quam
4279 3658 4406 3718 me,

2449 3720 2746 3802 impetat.
2834 3719 3022 3785 Haec
3078 3720 3254 3785 enim
3312 3728 3469 3786 sunt
3523 3721 3722 3787 Pauli
3778 3722 4013 3788 verba:
4069 3722 4134 3786 N
4134 3742 4220 3787 on
4285 3743 4407 3805 ego

2450 3827 2617 3884 sum,
2667 3805 2780 3888 (1111
2818 3804 3132 3885 laboravi,
3178 3804 3294 3871 sed
3336 3809 3567 3890 gratia,
3612 3829 3779 3891 quae
3820 3828 4080 3873 meeum
4123 3816 4289 3873 erat:
4335 3807 4409 3872 in

2450 3891 2687 3975 quibus
2730 3891 2789 3956 si
2839 3890 3009 3955 nihil
3063 3899 3324 3957 mutare
3380 3912 3580 3959 ausus
3634 3915 3814 3972 sum,
3871 3890 4029 3975 quid
4081 3904 4183 3958 est
4232 3892 4407 3975 quod

2448 3978 2615 4042 mihi
2681 3975 2965 4061 Pighius
3042 3985 3389 4060 propterea
3453 3978 3639 4044 litem
3713 3977 4060 4043 intendat?
4158 3976 4200 4040 V
4217 3999 4406 4042 erum

2448 4062 2808 4147 Augustini
2853 4063 3207 4127 autoritate
3251 4083 3359 4127 me
3402 4073 3624 4148 urget,
3670 4063 3785 4148 qui
3828 4064 4020 4129 Pauli
4066 4063 4271 4129 verba
4311 4063 4407 4129 818

2448 4149 2726 4232 accepit:
2752 4148 2943 4231 quasi
2973 4147 3304 4214 laborasse
3339 4170 3409 4214 se
3444 4149 3639 4229 dicat,
3677 4148 3792 4216 sed
3819 4149 4137 4215 adiutrice
4168 4148 4401 4233 gratia.

2447 4233 2659 4315 Quasi
2692 4255 2851 4301 vero
2884 4254 3019 4298 non
3051 4235 3213 4300 satis
3255 4244 3537 4315 constet,
3594 4233 3705 4300 hic
3737 4235 4126 4301 hallucinari
4169 4235 4405 4317 Augu-

2445 4321 2728 4398 stinum,
2785 4320 2939 4403 quia
2978 4318 3189 4384 latina
3237 4320 3809 4402 interpretatione,
3872 4339 4039 4403 quae
4091 4318 4405 4403 ambigua

2446 4415 2515 4471 et
2555 4407 2779 4471 minus
2823 4406 3019 4489 plena
3047 4412 3210 4484 erat,
3254 4412 3619 4483 contentus,
3665 4404 3820 4489 quid
3853 4404 4176 4471 haberent
4203 4404 4404 4470 Pauli

2448 4491 2681 4571 verba,
2740 4512 2871 4556 non
2924 4490 3306 4573 inspexerit.
3397 4487 3534 4555 Sed
3590 4489 3756 4556 haee
3798 4499 3900 4556 est
3940 4490 4166 4574 Pighii
4208 4489 4403 4554 sedu-

2445 4577 2616 4655 litas,
2662 4599 2745 4642 ex
2788 4597 2951 4642 auro
2995 4577 3272 4642 scoriam
3315 4574 3639 4640 duntaxat
3680 4575 3917 4659 legere.

2617 4663 2983 4740 Postremo,
3029 4659 3313 4726 adducta
3343 4662 3415 4724 in
3456 4660 3749 4726 medium
3782 4659 4092 4744 parabola
4134 4658 4215 4725 de
4247 4680 4400 4743 ope·

2446 4748 2641 4814 181118
2681 4748 2756 4811 18
2800 4749 3061 4814 vineam
3105 4745 3474 4826 conductis,
3518 4754 3728 4830 rogat,
3816 4748 4075 4812 uisnam
4120 4745 4207 4810 sit
4248 4767 4402 4829 ope-

2445 4834 2663 4898 rarius
2696 4832 2828 4910 ille,
2870 4852 3065 4916 quem
3104 4831 3405 4897 mercede
3448 4829 3724 4915 dignum
3759 4771 4066 4898 ghristus
4111 4851 4400 4912 pronun-

2445 4919 2595 4985 ciat.
2683 4917 2868 4984 Nihil
2913 4916 3091 4982 enim
3131 4914 3373 4982 habere
3417 4936 3538 4982 1188
3571 4917 3751 4983 aliud
3794 4925 4012 5001 putat,
4080 4913 4251 5000 quod
4293 4935 4399 4978 re-

2443 5002 2917 5088 spondeamus,
2974 5002 3104 5069 nisi
3149 5002 3280 5067 Dei
3323 5002 3636 5086 gratiam:
3704 5000 3878 5087 quod
3916 5022 4237 5086 perquam
4298 5008 4402 5066 est

2442 5088 2810 5155 ridiculum.
2888 5090 2983 5153 At
3025 5107 3141 5153 cur
3181 5087 3275 5154 sic
3317 5087 3761 5155 vaticinatur?
3835 5088 3899 5154 N
3901 5109 3974 5154 os
4016 5087 4192 5153 enim
4234 5083 4398 5151 fide-

2442 5174 2543 5240 les
2584 5175 2914 5257 operarios
2967 5194 3143 5252 8888,
3201 5174 3475 5239 18181188
3530 5195 3881 5260 negamus:
3934 5172 4050 5239 sed
4101 5191 4215 5236 cor
4267 5191 4397 5255 quo

2445 5259 2672 5340 velint,
2720 5260 2922 5325 robur
2964 5280 3093 5344 (1118
3125 5259 3476 5339 sufficiant,
3519 5280 3758 5327 manus
3802 5260 4040 5344 quibus
4071 5256 4393 5336 laborent,
