4967 5992
20 4631 78 5142 ,='z³···÷m1,a;„-J,a

55 4857 102 5172 μιῆναι·
63 4551 72 4562 ·
61 4135 76 4192 2

111 5059 158 5082 t·
107 4999 126 5014 fi
119 4935 126 4955 .,
103 4869 118 4902 .’
115 4809 122 4814 ,
101 4695 106 4698 ⁴

147 4311 158 4320 Q

437 349 560 410 235
1745 339 2274 408 RESPONSIO
2321 339 2699 406 CONTRA
2742 341 3156 408 PIGHIUM
4340 343 4468 405 236

607 533 746 599 Cur
801 541 1022 598 autem
1077 553 1182 598 me
1227 554 1311 597 ex
1371 539 1506 596 tam
1546 531 1770 596 multis
1828 551 2032 595 unum
2081 528 2397 612 delegerit

430 619 733 704 Pighius,
772 621 878 685 cui
913 625 1250 683 certamen
1286 617 1624 696 indiceret,
1659 618 1799 700 ipse
1834 615 2104 681 viderit:
2143 614 2200 680 si
2236 614 2393 698 quid

431 719 654 770 tamen
738 703 919 769 rabie
1011 713 1395 769 excaecatus
1485 703 1706 769 videre
1785 709 2015 784 potest.
2106 699 2394 766 Fallitur

430 791 637 868 enim,
697 792 753 855 si
810 810 917 854 me
961 790 1072 854 illo
1128 789 1368 873 clogi0,
1429 788 1602 872 quod
1656 788 1820 853 mihi
1877 788 2086 853 obiter
2140 785 2392 866 tribuit,

431 877 536 941 vel
582 875 916 941 tantillum
972 876 1368 940 commoveri
1422 882 1639 958 putat:
1697 874 1890 958 fingit
1944 873 2067 938 hoc
2110 873 2278 937 forte
2320 871 2393 936 in

432 983 632 1028 suum
686 961 1128 1040 commodum,
1197 982 1401 1042 quum
1456 961 1619 1025 mihi
1676 980 1835 1044 prae
1888 958 2033 1024 aliis
2088 956 2394 1023 nonnihil

433 1048 751 1124 concedit,
799 1070 883 1112 ne
929 1046 1231 1111 videatur
1276 1068 1428 1112 cum
1475 1047 1777 1130 gregario
1822 1044 2116 1128 quolibet
2155 1063 2394 1108 manus

432 1135 857 1200 conseruisse.
951 1134 1204 1197 Verum
1277 1132 1593 1215 quidquid
1657 1132 1932 1208 sentiat,
2009 1150 2161 1193 mea
2227 1127 2397 1192 nihil

433 1229 549 1285 aut
592 1221 940 1284 minimum
976 1220 1198 1283 refert.
1272 1219 1499 1301 Neque
1544 1218 1721 1281 enim
1763 1217 1834 1280 in
1872 1215 2237 1280 eruditione
2280 1220 2397 1278 aut

436 1305 771 1383 facundia,
832 1304 945 1370 sed
1000 1305 1075 1368 in
1133 1325 1300 1386 pura
1351 1304 1778 1380 conscientia,
1834 1299 2129 1366 fidelium
2185 1298 2396 1383 gloria

433 1392 757 1457 consistit:
805 1391 1001 1473 idque
1045 1410 1181 1455 non
1217 1387 1392 1472 apud
1437 1389 1755 1465 homines,
1799 1384 1916 1452 sed
1957 1388 2028 1451 in
2071 1387 2197 1450 Dei
2242 1406 2393 1451 con-

433 1489 681 1560 spectu.
774 1475 1033 1541 Deinde
1086 1496 1218 1552 non
1279 1476 1449 1539 tanti
1503 1474 1644 1539 eius
1698 1473 1865 1538 facio
1922 1471 2266 1547 iudicium,
2321 1478 2397 1534 ut

432 1571 784 1646 propterea
832 1562 1001 1626 mihi
1057 1561 1369 1642 placeam.
1460 1561 1709 1625 Laetus
1763 1580 1908 1624 sum
1965 1557 2223 1623 laudari
2268 1577 2392 1634 me,

434 1650 652 1732 inquit
704 1648 814 1712 ille
858 1647 930 1711 in
973 1647 1184 1712 veteri
1230 1644 1600 1729 tragoedia,
1663 1644 1778 1710 sed
1835 1665 1874 1708 a
1915 1643 2184 1708 laudato
2229 1642 2391 1707 viro,

435 1735 649 1817 Ergo,
708 1734 909 1798 etiam
950 1733 1005 1797 si
1064 1732 1449 1797 ambitiosus
1495 1732 1732 1809 forem,
1792 1751 1927 1795 non
1971 1739 2195 1793 tamen
2238 1747 2394 1794 cau-

435 1841 578 1884 sam
647 1817 959 1882 haberem
1011 1816 1415 1901 expetendae
1482 1815 1695 1882 laudis
1761 1815 1841 1880 ab
1898 1816 2020 1882 hoc
2090 1836 2201 1879 ore
2257 1825 2393 1877 tam

433 1907 696 1987 impuro
755 1924 831 1968 ac
888 1902 1156 1979 foetid0,
1226 1903 1400 1986 quod
1454 1924 1592 1967 non
1645 1903 1776 1967 nisi
1832 1900 2263 1966 exsecrabiles
2321 1899 2393 1962 in

433 1988 778 2055 Christum
821 1990 1251 2055 contumelias
1295 1988 1572 2054 subinde
1615 1990 1839 2071 spirat.
1927 1987 2082 2052 Huc
2126 1985 2393 2062 accedit,

433 2074 604 2158 quod
678 2074 834 2140 dum
891 2097 1010 2140 sua
1060 2075 1449 2159 intemperie
1504 2073 1854 2157 abripitur,
1924 2072 2094 2137 nihil
2148 2070 2398 2136 iudicat

437 2183 559 2227 nec
604 2163 843 2226 cernit:
893 2163 1031 2227 sive
1077 2160 1249 2243 quod
1289 2161 1649 2245 impietatis
1695 2180 1853 2226 suae
1896 2160 2130 2225 merito
2173 2159 2244 2221 in
2291 2177 2393 2221 re-

434 2246 708 2329 probam
751 2255 1040 2311 mentem
1079 2246 1291 2325 datus‚
1338 2248 1765 2312 manifestum
1801 2253 1902 2310 est
1937 2243 2200 2310 divinae
2245 2243 2394 2306 vin-

433 2331 644 2398 dictae
701 2333 1109 2416 exemplum:
1166 2334 1307 2399 sive
1362 2332 1536 2416 quod
1593 2331 2021 2397 intolerabilis
2064 2328 2393 2413 superbia,

432 2440 560 2501 qua
607 2428 848 2502 turget,
892 2420 1251 2502 pessimum
1296 2427 1401 2484 est
1434 2418 1767 2483 caecitatis
1802 2437 2031 2501 genus.
2103 2413 2395 2481 Proinde

433 2504 637 2570 veluti
686 2506 756 2570 in
793 2506 1027 2583 scenis,

711 2606 1069 2660 Eumenidum
1106 2607 1252 2660 videt
1286 2607 1498 2671 agmina
1533 2604 1825 2671 Pentheus,

571 2675 646 2729 Et
681 2676 852 2729 solem
885 2677 1170 2743 geminum,
1208 2683 1263 2728 et
1297 2675 1540 2742 duplices
1577 2690 1636 2727 se
1672 2673 1956 2728 ostendere
1992 2672 2223 2738 Thebas,

431 2761 528 2825 ita
569 2759 679 2825 hic
733 2767 872 2824 tam
927 2767 1152 2826 acutos
1197 2760 1400 2825 habet
1440 2759 1689 2837 oculos,
1738 2767 1814 2822 ut
1854 2757 2025 2840 quod
2070 2777 2397 2840 nusquam

437 2855 573 2924 est,
629 2843 854 2910 videre
898 2867 968 2917 se
1012 2855 1215 2927 putet.
1246 2847 1292 2929 ¹)
1382 2844 1638 2910 Verum
1682 2844 1807 2910 hoc
1849 2845 2105 2908 interea
2146 2843 2397 2908 malum

437 2930 637 2996 simul
682 2930 909 3009 habet,
966 2930 1138 3014 quod
1181 2933 1251 2994 in
1304 2930 1484 2996 clara
1541 2931 1685 2996 luce
1727 2950 1861 2994 non
1903 2929 2128 2994 minus
2166 2949 2398 2995 caecu-

439 3017 540 3093 tit,
587 3036 784 3164 qluam
828 3017 884 3080 si
929 3023 1228 3082 extrema
1270 3017 1599 3100 vertigine
1640 3036 1989 3099 percussus
2034 3016 2221 3081 foret.

673 3109 855 3166 ateor
897 3102 1060 3166 alias
1095 3102 1432 3167 hominem
1486 3122 1629 3168 esse
1681 3104 2091 3186 ingeniosum
2137 3112 2204 3167 et
2246 3100 2396 3166 doc-

438 3197 611 3252 tum:
671 3207 948 3252 acumen
1004 3187 1106 3252 illi
1157 3187 1230 3253 in
1284 3187 1865 3271 disputationibus,
1936 3194 2004 3253 et
2057 3186 2396 3273 digerendi

437 3283 647 3339 artem
691 3273 1003 3339 concedo:
1062 3295 1349 3358 agnosco
1408 3274 1812 3358 populariter
1870 3273 2188 3340 disertum
2231 3293 2395 3355 esse,

435 3358 562 3426 hoc
606 3373 737 3437 est,
796 3359 1017 3425 valere
1069 3381 1148 3425 ea
1191 3359 1592 3444 eloquentia,
1651 3381 1819 3445 quae
1862 3359 2276 3426 mediocriter
2317 3360 2397 3423 li·

437 3446 597 3510 teris
643 3446 884 3511 tinctos
907 3497 922 3523 ‚
981 3446 1168 3511 cuius
1212 3447 1475 3529 generis
1517 3447 1785 3530 plurimi
1831 3445 2025 3513 hodie
2067 3455 2245 3526 sunt,
2290 3465 2396 3512 ca-

433 3553 592 3615 pere
642 3541 708 3595 et
751 3531 1014 3598 allicere
1068 3545 1283 3615 queat.
1373 3532 1511 3599 Sed
1570 3537 1722 3613 [pag.
1761 3538 1827 3612 4]
1883 3554 2196 3616 quorsum
2257 3553 2397 3597 om-

437 3638 557 3682 nes
601 3618 766 3682 istae
810 3616 1023 3695 doteS,
1072 3617 1185 3683 ubi
1230 3627 1369 3683 tota
1411 3619 1698 3684 hominis
1740 3640 1930 3685 mens
1974 3619 2194 3684 furore
2237 3618 2396 3683 alie·

435 3711 593 3767 nata
646 3711 746 3767 est
787 3724 862 3768 ac
916 3703 1216 3786 perdita?
1307 3704 1756 3785 Quamobrem
1812 3706 1867 3769 si
1929 3725 2125 3788 quem
2178 3705 2396 3769 locum

438 3789 680 3854 habere
725 3788 870 3853 vult
902 3790 1077 3855 inter
1117 3789 1417 3867 literatos
1456 3792 1672 3872 (cuius
1710 3789 1958 3875 gloriae
1992 3812 2062 3855 se
2098 3790 2246 3872 plus
2290 3811 2394 3855 sa-

437 3875 525 3938 tis
581 3872 891 3957 cupidum
943 3896 1090 3940 esse
1144 3876 1393 3959 prodit)
1466 3876 1548 3942 ad
1603 3897 1834 3942 sanam
1894 3884 2183 3942 mentem
2240 3889 2394 3941 ante

435 3961 660 4026 redcat
732 3969 1005 4042 oportet.
1095 3962 1317 4027 Huius
1384 3973 1604 4026 autem
1624 4014 1638 4040 ,
1705 3984 1836 4045 qua
1887 3983 2068 4028 nunc
2118 3963 2391 4040 laborat,

433 4047 766 4112 curandae
812 4049 1140 4112 amentiae
1195 4047 1358 4113 haec
1405 4047 1533 4112 duo
1588 4063 1747 4113 sunt
1801 4047 2117 4113 remedia:
2176 4050 2233 4113 si
2276 4046 2392 4113 ad-

439 4154 670 4198 versus
715 4133 960 4198 claram
1007 4145 1385 4216 certamque
1429 4132 1561 4198 Dei
1605 4134 1950 4199 veritatem
2036 4133 2395 4199 deliberata

434 4219 686 4283 malitia
733 4217 978 4284 bellum
1024 4239 1253 4302 gerere
1298 4218 1585 4283 desinat:
1644 4220 1700 4285 si
1745 4219 2050 4285 stolidam
2097 4222 2199 4285 sui
2244 4241 2393 4303 per·

437 4308 840 4382 suasionem,
897 4313 965 4369 et
1020 4305 1220 4369 nimis
1270 4304 1665 4371 insolentem
1708 4307 1984 4384 fastum,
2046 4327 2172 4389 quo
2215 4313 2392 4371 totus

436 4389 865 4473 obstupescit,
938 4402 1139 4457 exuat
1204 4403 1272 4455 et
1335 4392 1613 4457 abiiciat.
1701 4391 1956 4456 Verum
2022 4413 2106 4456 ne
2168 4391 2396 4457 videar

437 4477 870 4542 contentionis
913 4477 1146 4542 ardore
1179 4487 1406 4544 contra
1449 4477 1785 4543 hominem
1818 4487 2083 4560 praeter
2123 4476 2394 4542 modum

437 4559 727 4637 incitari,
786 4561 960 4626 malo
1017 4563 1150 4627 iam
1203 4564 1272 4627 in
1330 4564 1472 4629 eius
1527 4562 1805 4642 librum,
1876 4564 2063 4646 quasi
2118 4563 2192 4628 in
2252 4585 2392 4628 rem

437 4661 852 4726 praesentem
873 4697 887 4722 ,
947 4647 1224 4714 lectores
1268 4648 1622 4716 adducere:
1669 4658 1745 4714 ut
1786 4649 1923 4715 illic
1967 4669 2395 4733 quaecunque

438 4728 598 4807 dico,
647 4743 765 4796 aut
805 4731 1000 4813 plura
1040 4735 1260 4810 etiam,
1306 4745 1795 4821 mcognoscant.

579 4918 634 4983 1)
683 4918 873 4972 Verrio
913 4920 1118 4987 ,valleca
1176 4921 1310 4977 haec
1356 4925 1438 4978 sic
1480 4924 1690 4979 reddit.-
1752 4925 2012 4980 Pourtant
2059 4940 2266 4980 comme
2312 4925 2395 4979 les

435 5002 737 5110 {vx-ongnes
786 4994 970 5042 conns
1016 4989 1282 5044 eslourdis
1328 4991 1395 5047 de
1431 4992 1519 5045 vin
1533 5031 1547 5055 ,
1595 5001 1822 5048 souvent
1856 5001 2087 5063 pensent
2119 5003 2266 5049 estre
2299 4995 2395 5049 ail-

357 5079 358 5082 ¹
460 5071 586 5111 eurs
621 5056 779 5138 qu'ilz
815 5072 885 5136 ne
920 5066 1068 5137 sont:
1106 5075 1177 5113 ou
1214 5073 1419 5116 comme
1444 5060 1526 5116 les
1560 5075 1760 5130 povres
1793 5063 2042 5130 phreneti
2079 5077 2178 5118 ues
2213 5071 2395 5118 emus

103 5185 142 5240 «κ
345 5169 360 5252 f
437 5125 2175 5317 {3:33⁸}¹⁰203¹?*33⁰3032352292“123}222¹’.1⁰21312.⁰”022¹3’
2205 5130 2395 5255 ⁰0:122:

139 5263 180 5296 ‘'⁴-
243 5267 260 5274 ι
1603 5264 1652 5317 V

433 5264 1519 5334 rummmn‘llimntVerqo‘liiAen.
1650 5263 1820 5320 ‚wa

2676 528 2929 595 Verum
2976 536 3330 612 antequam
3375 529 3506 594 huc
3549 528 3776 604 venio,
3825 528 3905 593 de
3951 527 4179 595 ordine
4222 527 4467 613 agendi

2500 635 2666 691 meo,
2712 635 2906 698 quem
2953 621 3180 680 tenere
3225 614 3499 692 institui,
3545 615 3771 696 paucis
3814 615 4098 695 praefari
4137 613 4302 679 mihi
4346 636 4466 680 ne-

2501 721 2682 767 cesse
2726 711 2844 765 est.
2918 701 3271 784 Principio,
3316 721 3453 764 non
3497 708 3597 764 est
3639 698 3812 783 quod
3856 707 4197 782 exspectet
4234 699 4464 779 lector,

2501 793 2577 851 ut
2643 787 2715 850 in
2770 786 3223 869 respondendo
3292 785 3481 866 filum
3550 784 3864 850 orationis
3934 785 4303 870 Pighianae
4360 808 4467 852 se-

2501 893 2683 955 quar.
2773 872 2947 937 Nam
3003 874 3056 937 si
3113 872 3374 955 singula
3422 869 3660 936 vellem
3716 872 4099 936 minutatim
4153 878 4467 938 excutere

2500 969 2567 1023 et
2620 957 2787 1022 nihil
2840 958 3210 1041 relinquere
3263 958 3615 1034 intactum,
3671 977 3880 1040 usque
3937 956 4021 1022 ad
4069 957 4469 1024 immensam

2498 1043 3027 1126 magnitudinem
3072 1055 3479 1109 excresceret
3520 1042 3704 1108 liber.
3775 1043 4251 1125 Praeterquam
4284 1045 4465 1109 enim
4534 1074 4547 1083 ·

2500 1128 2673 1212 quod
2706 1129 3013 1212 loquendi
3049 1129 3517 1212 profluentiam
3553 1127 3754 1193 habet
3787 1129 4153 1211 ingenitam
4178 1131 4227 1210 ¹)
4264 1149 4303 1192 a
4342 1151 4468 1194 na·
4546 1139 4555 1148 '

2500 1227 2677 1292 tura,
2723 1216 2792 1278 in
2837 1216 2962 1282 hoc
3006 1217 3205 1280 ctiam
3249 1235 3508 1296 semper
3551 1213 3837 1278 multum
3882 1234 4118 1297 operae
4161 1215 4347 1296 ponit
4386 1236 4468 1281 ac

2498 1300 2718 1378 studii,
2766 1309 2840 1365 ut
2863 1323 3069 1384 quum
3099 1322 3219 1367 sua
3254 1299 3814 1383 magniloquentia
3840 1319 4107 1365 causam
4135 1298 4461 1376 obscuret,

2500 1396 2646 1450 tum
2689 1385 3141 1452 adversarium
3177 1387 3373 1469 longo
3416 1406 3492 1450 ac
3538 1384 3805 1450 volubili
3842 1393 4060 1449 rotatu
4104 1384 4465 1451 verborum

2499 1472 2751 1538 obruat.
2842 1473 3174 1538 Fortassis
3229 1475 3431 1537 etiam
3486 1469 3748 1536 laudem
3791 1470 3945 1535 inde
3989 1479 4236 1553 captat:
4297 1492 4463 1554 quo-

2499 1559 2680 1621 niam
2732 1557 2894 1623 haec
2938 1568 3039 1623 est
3091 1559 3339 1641 optima
3383 1577 3526 1622 sese
3582 1555 3865 1621 iactandi
3910 1558 4080 1621 ratio
4122 1557 4296 1621 inter
4335 1558 4465 1621 im-

2498 1644 2770 1726 peritos,
2818 1645 3075 1727 magnis
3119 1643 3513 1709 clamoribus
3558 1651 3625 1708 et
3664 1643 3862 1726 longa
3904 1642 4258 1707 verborum
4302 1665 4462 1708 con-

2545 1731 2680 1794 erie
2752 1729 3099 1794 exsultare.
3190 1731 3337 1813 Ego
3385 1749 3544 1794 vero
3610 1728 3899 1811 palmam
3954 1727 4080 1794 hac
4142 1728 4216 1792 in
4271 1739 4469 1810 parte

2527 1814 2781 1879 ibenter
2822 1815 2917 1880 illi
2962 1814 3429 1892 concesserim,
3487 1813 3594 1879 vel
3638 1814 3781 1879 sine
3823 1815 4209 1878 certamine:
4257 1815 4466 1897 siqui-

2500 1899 2650 1965 dem
2718 1921 2853 1965 non
2907 1900 3222 1966 orationis
3281 1901 3502 1965 minus
3571 1921 3770 1984 quam
3835 1899 3973 1964 alvi
4042 1900 4464 1982 profluvium,

2501 2006 2618 2067 pro
2663 1987 2824 2052 vitio
2870 1986 3094 2052 habeo,
3185 1984 3377 2067 Quod
3431 1993 3650 2051 autem
3693 1983 4012 2050 eiusmodi
4055 1986 4332 2051 artificio
4375 1984 4467 2050 ad

2500 2091 2765 2137 causam
2815 2072 3238 2137 obtinendam
3293 2073 3558 2150 nititur,
3627 2072 3815 2155 quasi
3867 2070 4072 2137 verba
4124 2071 4465 2137 fundendo

2500 2157 2819 2224 lectorum
2878 2158 3128 2236 oculos,
3180 2158 3367 2224 velut
3419 2157 3664 2240 sparsis
3718 2156 4003 2235 nebulis,
4059 2158 4268 2240 possit
4310 2178 4464 2240 per-

2488 2244 2861 2328 stringere,
2917 2244 2985 2309 id
3031 2244 3203 2327 apud
3263 2265 3458 2309 sanos
3513 2243 3813 2308 homines
3866 2243 4064 2307 nimis
4117 2243 4467 2307 infirmum

2501 2330 2626 2393 erit
2679 2330 3098 2414 praesidium.
3188 2329 3495 2395 Rudibus
3546 2330 3776 2412 procul
3831 2327 4029 2393 dubio
4087 2337 4155 2393 et
4208 2327 4463 2393 nullius

2500 2414 2723 2481 iudicii
2767 2415 3142 2481 hominibus
3184 2415 3412 2481 fucum
3457 2415 3681 2480 faciet:
3727 2415 3842 2481 sed
3878 2415 3992 2498 qui
4028 2414 4270 2481 micam
4315 2435 4463 2480 rec-

2502 2509 2608 2565 tae
2647 2501 3123 2585 intelligentiae
3166 2501 3462 2581 habebit,
3508 2500 3678 2565 nihil
3716 2500 4087 2566 morabitur
4131 2499 4463 2582 ampullas

2501 2585 2666 2665 illas,
2712 2589 2783 2651 in
2828 2588 3067 2670 quibus
3113 2593 3262 2666 [pag.
3304 2592 3368 2665 5]
3415 2586 3584 2652 nihil
3628 2586 3819 2652 solidi
3864 2588 4164 2670 reperiet.
4224 2587 4466 2669 Itaque

2501 2679 2847 2738 contentus
2888 2694 3001 2739 ero
3047 2676 3332 2751 efficere,
3389 2683 3465 2737 ut
3505 2673 3907 2756 perspiciant
3947 2693 4176 2737 omnes
4221 2671 4344 2755 pii,
4392 2683 4468 2738 et

2502 2779 2661 2824 vero
2716 2759 2957 2824 iudicio
3013 2758 3291 2843 praediti
3346 2759 3652 2836 lectores,
3712 2759 4031 2843 Pighium
4076 2779 4160 2823 ex
4202 2757 4466 2841 fulgore

2500 2843 2864 2927 fumum,²)
2920 2867 3027 2910 me
3070 2868 3155 2910 ex
3198 2846 3377 2910 fumo
3423 2844 3579 2909 dare
3622 2845 3874 2922 lucem,
3931 2844 4058 2910 hoc
4103 2853 4232 2921 est,
4290 2863 4467 2926 quae

2501 2951 2541 2995 a
2582 2952 2690 2996 me
2734 2931 2901 2996 bene
2955 2933 3201 3015 scripta
3242 2933 3532 3011 fuerant,
3591 2933 3727 2997 suis
3770 2931 3958 2995 illum
4002 2930 4349 2996 calumniis
4392 2937 4467 2995 et

2500 3017 2845 3082 malitiosis
2900 3018 3155 3084 cavillis
3212 3016 3637 3101 depravasse:
3686 3038 3794 3082 me
3850 3036 4009 3083 vero
4066 3016 4235 3081 nihil
4277 3014 4469 3082 aliud

2501 3123 2844 3185 quaerere,
2891 3104 3017 3169 nisi
3066 3115 3142 3168 ut
3181 3124 3350 3186 pura
3392 3111 3460 3168 et
3501 3102 3797 3186 simplex·
3827 3101 3960 3167 Dei
4003 3104 4276 3182 veritas,
4325 3101 4469 3168 dis-

2502 3189 2710 3255 cussis
2749 3188 3040 3255 Satanae
3079 3188 3306 3267 fumis,
3369 3189 3638 3255 eluceat.
3727 3188 3810 3254 Id
3854 3189 4030 3254 enim
4075 3189 4280 3253 satius
4324 3189 4471 3254 sore

2500 3285 2690 3358 puto,
2745 3295 2944 3358 quam
2987 3276 3188 3359 longa
3240 3285 3308 3339 et
3360 3296 3769 3359 supervacua
3822 3276 4173 3358 scriptione
4214 3275 4470 3340 frustra

2501 3382 2609 3427 me
2676 3361 2959 3445 fatigare
2974 3413 2990 3440 ,
3068 3374 3136 3427 et
3193 3359 3396 3426 simul
3463 3383 3605 3427 esse
3672 3361 4033 3443 lectoribus,
4088 3359 4465 3427 molestum.

2501 3448 2629 3513 Est
2670 3449 2872 3513 etiam
2916 3447 3045 3513 alia
3079 3467 3293 3526 causa,
3339 3455 3417 3511 ut
3460 3446 3628 3512 nihil
3673 3445 4098 3526 dissimulem,
4143 3466 4312 3529 quae
4354 3467 4469 3512 me

2501 3535 2772 3600 brevem
2814 3555 2956 3599 esse
2996 3534 3187 3618 cogit.
3277 3533 3714 3617 constringor
3763 3534 3942 3598 enim
3984 3533 4300 3617 temporis
4342 3553 4469 3598 an-

2593 3619 2754 3698 stiis,
2793 3619 3054 3702 quando
3090 3619 3255 3684 mihi
3290 3620 3406 3685 vix
3450 3619 3577 3685 duo
3621 3639 3883 3685 menses
3919 3639 4129 3703 usque
4169 3618 4254 3683 ad
4289 3640 4471 3684 nun-

2551 3706 2564 3720 ⁰
2620 3727 2693 3771 as
2735 3705 3282 3771 francfordienses
3328 3713 3607 3787 restant,
3650 3705 3891 3789 quibus
3936 3704 4170 3784 statui,
4216 3704 4272 3770 si
4317 3703 4472 3770 fieri

2500 3792 2771 3876 poterit,
2834 3791 3007 3857 hanc
3080 3792 3564 3875 responsionem
3633 3792 3845 3857 edere.
3932 3791 4152 3875 Atque
4207 3791 4471 3855 utinam

2500 3877 2847 3942 dimidium
2891 3879 3034 3942 eius
3076 3880 3389 3960 temporis
3433 3898 3716 3943 vacuum
3761 3876 3925 3942 mihi
3969 3897 4238 3960 prorsus
4271 3883 4339 3941 et
4382 3876 4470 3941 li-

2499 3963 2732 4029 berum
2754 3963 2837 4029 ad
2861 3962 3281 4029 scribendum
3316 3963 3816 4045 relinqueretur.
3878 3960 4323 4044 Quamobrem
4346 3983 4471 4028 ve-

2500 4051 2682 4115 niam
2736 4070 2921 4115 meae
2973 4049 3380 4114 festinationi
3436 4048 3689 4115 dabunt
3737 4049 4045 4128 lectores,
4099 4047 4304 4115 sicubi
4358 4047 4463 4113 le-

2499 4137 2645 4202 vius
2686 4156 2766 4201 ea
2807 4144 3276 4213 transcurram,
3322 4156 3489 4218 quae
3530 4135 3898 4220 longiorem
3938 4134 4461 4212 meditationem,

2499 4233 2568 4287 et
2610 4222 2821 4306 magis
2867 4221 3261 4304 exquisitam
3306 4220 3712 4304 diligentiam
3746 4222 4189 4305 requirebant.
4259 4217 4464 4301 Quod

2499 4309 2554 4373 si
2598 4307 2763 4372 mihi
2817 4307 3145 4390 quispiam
3186 4314 3379 4373 vetus
3429 4307 3596 4373 illud
3653 4327 3728 4374 ac
3772 4308 4048 4392 vulgare
4106 4305 4467 4373 dicterium

2500 4394 2780 4470 obiiciat,
2827 4393 3131 4477 ineptum
3173 4414 3316 4459 esse
3359 4393 3622 4476 culpam
3659 4393 4015 4478 deprecari,
4060 4414 4191 4477 qua
4225 4399 4467 4476 potue—

2497 4482 2625 4544 rim
2669 4500 2911 4557 carere,
2957 4479 3013 4544 si
3056 4479 3411 4546 voluissem
3425 4531 3441 4558 ,
3485 4481 3555 4544 in
3600 4487 3907 4564 promptu
3951 4486 4055 4544 est
4087 4499 4195 4545 res
4280 4480 4460 4544 nsio:

2497 4566 2786 4649 primum
2840 4585 2948 4630 me
2990 4566 3185 4632 officii
3230 4566 3618 4632 necessitate
3661 4565 3992 4648 compelli,
4050 4573 4127 4630 ut
4236 4565 4297 4630 ei
4340 4584 4468 4630 ve—

2500 4652 2762 4716 ritatem
2805 4651 3166 4717 sustineam
3208 4671 3284 4718 ac
3326 4651 3695 4730 defendam,
3740 4650 3854 4717 ubi
3898 4650 4073 4716 domi
4116 4671 4301 4716 meoe
4340 4670 4470 4734 op·

2499 4746 2861 4823 pugnatur:
2907 4734 3141 4802 deinde
3183 4758 3290 4803 me
3333 4739 3428 4806 sic
3468 4739 3713 4821 raptim
3758 4738 4154 4820 scripturum
4169 4787 4187 4816 ,
4233 4743 4313 4801 ut
4356 4745 4471 4801 ta-

2501 4844 2656 4889 men
2691 4823 2872 4890 utilis
2912 4823 2982 4887 in
3017 4823 3355 4907 publicum
3387 4824 3653 4890 futurus
3695 4824 3784 4890 sit
3815 4823 4020 4905 labor,
4063 4843 4187 4889 nec
4221 4842 4263 4887 a
4304 4840 4471 4889 cau-

2640 5061 2697 5127 1)
2749 5058 2844 5114 Sic
2898 5063 3188 5118 scribimus
3242 5078 3366 5118 cum
3412 5060 3567 5117 Besa
3609 5068 3662 5118 ct
3704 5063 3881 5118 Amat.
4192 5078 4223 5117 ε
4271 5063 4475 5121 habet.-

2499 5132 2761 5201 genitam
3010 5131 3114 5186 ’tm
3145 5132 3252 5186 vim
3285 5131 3549 5201 genitam3
3596 5129 3791 5186 Gallus
3816 5132 4047 5189 omittit.-
4084 5132 4149 5199 (il
4185 5148 4222 5186 a
4256 5132 4328 5189 de
4368 5150 4479 5190 na-

2500 5201 2622 5255 ture
2660 5215 2732 5252 un
2767 5197 2914 5253 babil
2948 5200 3040 5269 qui
3075 5199 3276 5262 ceule).

2639 5265 2702 5331 2)
2740 5263 2958 5336 fumum,
2993 5283 3095 5323 om.
3128 5268 3405 5337 princepe.
