4967 5992
552 354 845 422 XXXII
1728 353 2276 423 TRAOTATUS
2323 352 2916 423 THEOLOGIOI
2958 353 3403 423 MINORES.

857 540 1178 627 Sequitur
1234 543 1393 609 Vn.
1452 542 1656 626 ipsius
1710 541 2041 610 Oalvini
2096 541 2533 609 consilium
2589 549 2660 609 et
2712 543 3039 611 conclusio
3095 565 3264 628 quae
3320 543 3593 624 dicitur,
3649 543 3877 627 paucis
3929 544 4207 629 pagellis
4263 545 4578 613 absoluta.

546 655 725 722 Hinc
765 655 1192 740 probabiliter
1232 655 1481 720 factum
1524 663 1629 719 est
1669 661 1748 719 ut
1787 653 2059 738 plurimi
2103 662 2366 720 autores
2409 654 2762 722 editionem
2806 654 3096 740 aliquam
3138 656 3470 723 exstitisse
3513 654 3635 722 sibi
3680 654 4159 739 persuaderent
4198 677 4366 741 quae
4406 677 4580 725 anno

552 770 716 832 1545
762 764 1106 849 prodierit,
1163 766 1412 833 scilicet
1464 787 1542 832 eo
1594 765 1868 832 consilio
1912 766 2305 834 concinnata
2347 773 2423 830 ut
2464 766 2714 832 autoris
2757 768 3103 848 sententia,
3148 766 3407 851 pridem
3447 767 3521 831 in
3573 767 3712 833 suis
3755 766 3995 834 libellis
4034 765 4370 835 declarata
4384 819 4402 849 ,
4446 770 4581 834 iam

414 956 423 965 ,
546 877 789 944 additis
829 877 1329 943 triumvirorum
1370 876 1732 943 illustrium
1771 877 2310 960 responsionibus
2354 877 2600 943 maiore
2642 878 2996 944 autoritate
3033 868 3369 963 gauderet.
3461 874 3651 960 Quae
3694 877 3752 943 si
3794 878 3891 943 ita
3933 899 4005 943 se
4048 877 4384 958 haberent,
4428 879 4578 946 iure

545 998 773 1055 nostro
808 1009 1296 1074 quaereremus,
1342 995 1571 1054 utrum
1612 989 1683 1052 in
1725 988 1843 1052 illa
1887 986 2172 1054 editione
2216 988 2706 1055 Germanorum
2751 989 3025 1056 consilia
3067 989 3302 1074 gallice
3343 988 3668 1055 translata
3710 988 4120 1068 exstiterint,
4179 1011 4267 1055 an
4312 989 4577 1059 Calvini

545 1100 792 1183 scripta
831 1099 1038 1165 latine
1082 1120 1292 1177 versa,
1337 1120 1426 1163 an
1468 1098 1747 1182 denique
1793 1120 1913 1164 sua
1957 1101 2190 1182 cuique
2245 1100 2456 1165 forma
2498 1107 2762 1166 servata
2802 1100 3022 1167 fuerit.
3113 1100 3370 1166 Verum
3413 1099 3494 1165 de
3535 1099 3644 1166 his
3686 1099 3868 1183 apud
3910 1119 4138 1166 omnes
4181 1099 4577 1168 altissimum

546 1211 883 1278 silentium
899 1262 914 1288 ,
980 1217 1047 1276 et
1101 1231 1296 1277 nemo
1352 1232 1645 1293 unquam
1703 1211 1907 1275 talem
1965 1210 2323 1276 editionem
2380 1193 2551 1277 vidit
2605 1232 2727 1278 nec
2787 1210 2980 1277 hodie
3021 1210 3264 1278 alicubi
3321 1217 3651 1277 terrarum
3704 1210 3833 1294 ipsi
3888 1212 4180 1296 reperire
4221 1214 4573 1297 potuimus.

547 1322 781 1406 Itaque
824 1343 962 1402 nos,
1009 1321 1168 1387 dmn
1212 1321 1486 1386 meliora
1528 1321 1938 1402 edoceamur,
1984 1341 2131 1386 eam
2175 1343 2260 1387 ex
2303 1342 2489 1387 mera
2529 1321 2907 1389 coniectura
2951 1329 3177 1387 natam
3223 1320 3625 1389 habebimus.

857 1434 1301 1500 Accesserunt
1353 1451 1549 1514 porro
1603 1431 1773 1498 duae
1830 1431 2169 1498 Oalvini
2228 1433 2689 1516 Epistolae,
2748 1432 2960 1499 altera
3003 1432 3198 1498 VIII.
3258 1430 3556 1513 brevior,
3607 1414 3756 1500 'sine
3798 1434 4307 1517 subscriptione,
4366 1435 4577 1502 altera

545 1546 672 1613 IX.
718 1546 916 1629 paulo
959 1544 1235 1628 longior,
1282 1543 1436 1607 data
1478 1563 1534 1608 a.
1581 1543 1641 1607 d.
1696 1549 1790 1608 14.
1841 1543 1981 1610 Oal.
2029 1543 2155 1609 Iul.
2211 1549 2391 1608 1546.
2503 1545 2699 1610 Prior
2753 1543 2837 1609 ad
2891 1545 3177 1610 amicum
3230 1544 3560 1627 quendam
3618 1544 3866 1626 scripta
3908 1553 4011 1609 est
4057 1546 4172 1628 qui
4216 1565 4302 1611 ex
4346 1553 4575 1612 autore

544 1658 920 1743 quaesierat
959 1676 1122 1722 num
1166 1654 1419 1719 homini
1461 1654 1817 1720 christiano
1841 1656 2123 1739 patriam
2166 1655 2536 1738 relinquere
2579 1654 2791 1734 liceat,
2817 1642 3163 1739 propterea
3184 1640 3372 1739 quod*
3387 1655 3525 1720 illic
3567 1676 3904 1722 sacrorum
3938 1663 4383 1722 conventuum
4403 1654 4574 1723 bono

545 1771 864 1852 privetur,
920 1775 987 1832 et
1027 1786 1195 1832 num
1237 1764 1429 1845 idem,
1478 1765 1638 1831 dum
1680 1767 1762 1832 ab
1805 1762 2179 1832 idololatria
2222 1767 2537 1865 papistjca
2579 1767 2923 1843 abstineat,
2968 1765 3224 1832 consilii
3268 1766 3370 1831 sui
3415 1767 3744 1832 rationem
3786 1766 3979 1833 obvio
4023 1767 4256 1851 cuique
4299 1765 4574 1834 reddere

549 1887 867 1945 teneatur.
956 1878 1295 1944 Posterior
1341 1877 1425 1943 ad
1469 1878 1674 1942 alium
1714 1878 1825 1960 qui
1870 1879 2210 1962 Anonymi
2267 1879 2585 1961 scriptum
2637 1876 2969 1960 quoddam
3012 1877 3315 1955 miserat,
3370 1878 3708 1944 occasione
3763 1877 3919 1943 data
3959 1878 4414 1962 quaestionem
4455 1899 4574 1945 ex-

550 1992 732 2071 cutit,
780 2013 866 2057 an
910 1991 1130 2056 missis
1174 1991 1491 2055 interesse
1532 1988 1936 2055 idololatriae
1977 1989 2066 2054 sit
2109 1990 2442 2072 professio.

856 2103 943 2169 X.
1033 2104 1297 2187 Agmen
1353 2100 1603 2168 claudit
1645 2099 2160 2184 Responsum
2204 2100 2815 2185 Tigurinorum
2858 2107 3198 2183 pastorum
3256 2098 3316 2165 d.
3373 2103 3466 2164 17.
3512 2098 3690 2165 Iunii
3740 2105 3905 2164 1549
3966 2101 4070 2168 cui
4125 2099 4576 2183 praemittitur

482 2196 485 2197 ⁷
546 2215 820 2300 epistola
858 2213 1234 2298 Bullingeri
1278 2212 1361 2278 ad
1405 2210 1756 2278 Calvinum
1806 2211 1866 2277 d.
1913 2211 1974 2276 d.
2023 2216 2121 2276 30.
2171 2209 2583 2295 Septembris
2625 2209 2917 2277 eiusdem
2961 2211 3135 2277 anni.

852 2326 962 2391 En
1006 2325 1228 2403 habes,
1273 2322 1587 2390 benevole
1629 2323 1854 2402 lector,
1898 2324 2104 2389 totius
2146 2323 2519 2407 farraginis,
2564 2322 2649 2388 ad
2690 2344 2893 2389 unam
2936 2320 3344 2406 eandemque
3386 2318 3840 2406 quaestionem
3885 2320 3966 2387 de
4008 2321 4300 2389 vitandis
4343 2342 4574 2406 super-

544 2438 922 2505 stitionibus
962 2435 1360 2521 pertinentis
1375 2485 1391 2516 ‚
1450 2444 1826 2502 accuratam
1880 2433 2399 2516 descriptionem.
2489 2433 2633 2501 Iam
2693 2433 2799 2499 his
2842 2434 3157 2516 expositis
3214 2434 3392 2516 ipsos
3446 2432 3647 2499 libros
3691 2432 3874 2518 typis
3916 2440 4221 2499 exaratos
4266 2452 4570 2499 recense·

543 2551 762 2618 bimus
805 2556 1125 2633 quotquot
1160 2548 1350 2613 nobis
1393 2567 1651 2613 summa
1693 2566 1853 2612 cura
1895 2545 2432 2629 conquirentibus
2477 2564 2622 2611 sese
2665 2543 3063 2610 obtulerunt.
3152 2547 3377 2627 Atque
3435 2542 3543 2611 hic
3587 2552 3965 2627 temporum
4007 2542 4306 2610 ordinem
4347 2565 4572 2628 presse

546 2660 805 2743 sequuti
859 2658 1116 2724 nullam
1172 2658 1349 2723 inter
1404 2656 1675 2741 gallicas
1732 2664 1801 2720 et
1850 2655 2091 2722 latinas
2137 2654 2457 2720 editiones
2513 2654 3008 2722 distinctionem
3051 2654 3393 2733 faciemus,
3451 2676 3655 2739 quum
3710 2653 3960 2739 singuli
4001 2653 4213 2721 libelli
4254 2674 4392 2721 non
4437 2675 4571 2722 uno

545 2791 844 2837 sermone
889 2770 1180 2851 primum
1221 2789 1450 2833 omnes
1493 2766 1845 2849 conscripti
1886 2767 2147 2832 fuerint.

2537 3013 2590 3079 I.

815 3164 1224 3285 ‘PETIT
1286 3159 1654 3274 'BHM-1
1676 3177 1872 3258 ΟΤΕ,
1917 3174 2492 3243 MONS'PRAN'P
2541 3176 2552 3262 Ι
2603 3184 2752 3254 QVE
2797 3184 2993 3241 c’Es'r
3041 3183 3190 3253 QVE
3240 3185 3414 3240 Dorr
3467 3175 3478 3261 Ι
3536 3163 3746 3247 faire
3793 3194 3906 3247 vn
3945 3163 4285 3248 homme
4315 3163 4572 3249 fidele

544 3295 994 3407 congnois-
1018 3292 1026 3405 1
1050 3304 1243 3377 sant
1300 3293 1389 3377 la
1448 3293 1718 3377 verite
1781 3293 1887 3377 de
1947 3291 2443 3405 l'euangile:
2527 3292 2812 3403 quand
2878 3297 2891 3403 Ι
2959 3292 3024 3375 11
3094 3302 3229 3377 est
3324 3304 3566 3376 entre
3623 3291 3752 3376 les
3823 3293 4203 3406 papistes
4219 3356 4244 3400 ‚
4322 3294 4573 3379 Auec

542 3455 706 3509 vne
777 3431 789 3535 Ι
859 3424 1210 3536 Epistre
1289 3422 1406 3506 du
1473 3451 1792 3506 mesme
1868 3431 2345 3535 argument.
2383 3424 2393 3539 Ι
2719 3433 2731 3518 Ι
2770 3432 3091 3516 Compose
3131 3453 3254 3517 par
3295 3432 3389 3498 M„
3434 3433 3489 3498 Ι.
3537 3430 3795 3501 Caluin.
3836 3432 3849 3516 ι
4123 3445 4135 3517 ι
4175 3447 4209 3498 3
4248 3444 4400 3514 11οῃ
4443 3434 4568 3519 1s.1

544 3553 912 3662 Iusques
1000 3560 1052 3633 a
1127 3551 1415 3662 quand
1483 3551 1917 3636 clocherez
1974 3580 2186 3634 vous
2258 3558 2310 3632 a
2386 3555 2397 3659 Ι
2477 3550 2708 3633 deux
2801 3550 3137 3633 costez‘?
3263 3547 3359 3633 Si
3413 3548 3498 3632 le
3562 3546 3989 3659 Seigneur
4071 3562 4207 3634 est
4275 3550 4569 3673 Diem}

550 3709 869 3791 suyuez
941 3680 1061 3762 le:
1136 3708 1248 3762 ou
1308 3679 1381 3760 si
1446 3678 1651 3763 c'est
1709 3679 1952 3785 BaaI,
2027 3708 2344 3790 suyuez
2422 3676 2528 3761 le.
2598 3676 2610 3780 Ι
2680 3680 2914 3760 1543.

546 3904 551 3911 ,
855 3820 1105 3884 Forma
1143 3818 1476 3884 octonaria
1529 3819 1823 3885 minima.
1914 3817 2403 3900 Quaterniones
2455 3839 2577 3883 sex
2624 3825 2694 3882 et
2745 3818 3121 3901 quinternio
3179 3839 3357 3883 unus
3401 3817 3699 3902 (A—G).
3791 3816 4089 3902 Paginae
4131 3817 4292 3884 falso
4336 3838 4571 3884 nume-

542 3939 727 4000 ratae
780 3935 919 4006 125,
962 3950 1165 4012 quum
1209 3928 1345 3994 sint
1393 3933 1533 4008 115,
1577 3932 1875 3996 numeris
1921 3932 2173 3995 90-99
2215 3929 2380 3995 vitio
2423 3949 2773 4013 operarum
2815 3929 3091 3995 omissis.
3159 3927 3413 3995 Ultima
3456 3947 3685 4007 vacua,
3730 3928 3893 3994 item
3936 3928 4294 3995 centesima
4332 3936 4571 4013 quarta

524 4044 623 4131 (s.
669 4043 889 4127 potius
935 4041 1065 4122 94).
1155 4041 1502 4106 Tractatus
1545 4042 1685 4123 ipse
1728 4040 2077 4107 exhibetur
2131 4061 2275 4125 pag.
2319 4044 2574 4106 3-103
2613 4040 2780 4126 (93),
2818 4039 3122 4125 Epistola
3162 4060 3309 4124 pag.
3364 4042 3718 4104 105—125.
3808 4038 4078 4106 Adsunt
4120 4061 4277 4125 ergo
4322 4058 4405 4106 ex
4451 4038 4569 4105 do-

540 4154 870 4224 cumentis
916 4171 1119 4236 supra
1160 4151 1503 4218 recensitis
1546 4152 1599 4217 I.
1645 4160 1713 4217 et
1750 4152 1840 4217 11.
1932 4152 2163 4237 Neque
2204 4153 2527 4236 praefatio
2569 4173 2783 4236 neque
2827 4151 3217 4235 subscriptio
3261 4150 3449 4216 adest
3489 4150 3641 4215 ulla.

852 4265 1146 4332 Unicum
1201 4264 1399 4330 huius
1455 4263 1760 4329 editionis
1811 4264 2126 4348 principis
2181 4264 2522 4348 exemplar
2577 4264 2865 4347 reperire
2917 4262 3104 4330 nobis
3162 4262 3439 4346 contigit
3488 4262 3560 4326 in
3611 4260 4027 4330 bibliotheca·
4064 4262 4332 4348 publica
4380 4264 4568 4343 Lau-

547 4376 890 4453 sannensi,
949 4375 1125 4459 quod
1179 4376 1561 4460 petentibus
1616 4396 1766 4441 cum
1819 4376 2295 4442 recentioribus
2371 4374 2843 4441 conferendum
2897 4373 3370 4451 humanissime
3423 4372 3745 4440 concessit
3799 4373 3927 4439 Vir
3978 4373 4131 4439 clar.
4179 4373 4330 4441 Oar.
4385 4374 4563 4441 Phil.

544 4488 659 4579 Du
701 4487 914 4567 Mont,
957 4487 1390 4554 bibliothecae
1431 4488 1832 4571 praefectus,
1891 4488 1997 4554 cui
2037 4487 2118 4553 de
2162 4485 2395 4553 studiis
2439 4487 2687 4553 nostris
2731 4484 3125 4554 calvinianis
3167 4493 3236 4550 et
3278 4484 3440 4552 alias
3484 4484 3727 4569 optime
3771 4484 4009 4551 merito
4052 4483 4305 4553 debitas
4346 4493 4569 4572 grates

132 4606 155 4661 .“
306 4580 311 4585 ’
412 4602 421 4607 ’
538 4574 922 4689 persolvere
965 4598 1154 4666 nobis
1195 4597 1746 4666 iucundissimum
1788 4605 1905 4666 est.

2513 4855 2606 4921 IL

855 5002 1344 5089 EXOVSE
1407 5004 1576 5087 DE
1646 5011 1658 5116 Ι
1741 5018 2041 5085 IEHAN
2074 5019 2450 5099 GALV1N,
2486 5020 2553 5084 A
2601 5017 2613 5102 Ι
2659 5024 3069 5083 usssmvss
3103 5024 3240 5079 Lss
3275 5022 3467 5079 moo-
3484 5011 3805 5099 Ιᾶοωὶιοε,
3855 5036 3970 5080 sm.-
4002 5014 4071 5079 ιε,
4101 5013 4563 5105 complainctol

264 5090 740 5233 “¹³⁴2-2‘53’fflfl2
782 5129 928 5195 font
970 5126 1053 5195 de
1095 5148 1170 5195 sa
1211 5134 1359 5212 trop
1413 5131 1423 5212 Ι
1462 5126 1704 5212 grand’
1748 5129 2098 5215 rigueur.1
2149 5102 2497 5210 (Εηιὸῖὸηιε.)
2555 5136 2752 5194 Amos
2797 5136 2862 5195 V.
2912 5127 2923 5209 Ι
2980 5123 3141 5191 Odio
3199 5122 3542 5190 habam
3597 5125 4033 5206 corripientem
4095 5126 4169 5192 in
4213 5132 4434 5207 porta,

37 5198 948 5338 ..4*¹}{10,'9u0m
987 5245 1152 5308 recta
1192 5239 1539 5308 abominati
1578 5243 1744 5305 sunt.
1796 5242 1809 5323 Ι
1864 5244 2048 5307 1544.
