4967 5992
1460 1572 2009 1643 CONSILIUM
2046 1570 2510 1640 PHILIPPI
2545 1573 3403 1652 BOELANGHTHONIS.

591 1768 744 1846 [pag.
784 1768 894 1843 98]
931 1762 1081 1829 Non
1121 1761 1387 1828 dubium
1427 1766 1534 1841 est,
1579 1780 1789 1827 omnes
1820 1765 2149 1827 creaturas
2189 1762 2382 1827 ratio-

416 1851 593 1924 nales
634 1848 944 1934 obliqatas
983 1867 1115 1914 esse
1151 1846 1241 1913 ad
1260 1847 1553 1928 primum
1665 1851 2013 1928 acceptum.-
2053 1850 2125 1911 ut
2161 1866 2382 1913 verum

417 1935 634 2003 Deum
657 1955 809 2000 vero
840 1935 1063 1999 timore
1090 1937 1149 1999 et
1187 1952 1338 1998 vera
1367 1931 1495 2013 fide
1527 1867 1745 2011 egid,
1788 1937 1847 1997 et
1871 1932 2127 2015 fuyiant
2166 1933 2382 1997 omnia

418 2022 595 2090 idola
650 2019 924 2101 ethnica,
980 2018 1423 2097 mahometica,
1478 2018 1794 2084 haeretica
1845 2021 1903 2081 et
1958 2036 2384 2100 quaoumcun-

416 2128 537 2192 que
576 2111 889 2174 sectarum
938 2109 1256 2188 portenta,
1286 2104 1653 2188 puynantia
1693 2122 1836 2168 cum
1873 2101 2052 2168 verbo
2094 2102 2256 2183 Dei,
2309 2103 2382 2167 in

417 2213 538 2276 quo
591 2212 658 2258 se
709 2210 898 2256 verus
938 2190 1122 2258 Deus
1164 2188 1492 2270 patefecit.-
1543 2188 1895 2256 Dominum
1935 2186 2150 2253 Deum
2203 2193 2383 2254 tuum

414 2277 731 2357 adorabis,
771 2282 831 2343 et
867 2275 974 2342 ali
1013 2275 1134 2341 soli
1164 2275 1398 2341 servies
1439 2274 1714 2358 (Matth.
1749 2277 1812 2354 4,
1855 2273 1985 2357 10).

594 2359 2029 2429 Nectantuminteriorcultusnecessarius
2089 2364 2206 2438 est,
2272 2359 2384 2426 sed

415 2449 606 2516 etiam
646 2452 906 2515 externa
945 2445 1341 2532 siqnificatio,
1379 2465 1493 2512 seu
1533 2446 1854 2529 confessio,
1896 2464 2008 2510 seu
2033 2444 2383 2527 professio.-

426 2535 555 2618 ραι·
573 2535 895 2621 neyaverit
912 2553 1011 2599 me
1047 2551 1261 2598 coram
1279 2529 1659 2610 hominibus,
1702 2529 1938 2615 neqabo
1982 2549 2126 2596 eum
2166 2550 2382 2597 coram

410 2624 596 2704 patre
626 2619 870 2688 coelesti
911 2617 1184 2703 (Matth.
1228 2619 1327 2697 10,
1366 2617 1497 2701 33).
1563 2617 1770 2701 Neqat
1809 2619 2033 2697 autem,
2076 2616 2187 2698 qui
2219 2636 2379 2681 nun-

417 2726 611 2790 quam
652 2709 864 2788 apem
905 2704 1249 2786 cmtfitetur,
1301 2703 1429 2768 inw
1472 2702 1662 2769 etiam
1706 2707 2062 2786 perseverat
2102 2701 2173 2766 in
2214 2702 2381 2769 testi-

417 2792 649 2858 moniis
690 2790 1029 2857 contrariis
1071 2790 1261 2854 ’verae
1302 2789 1705 2854 invocationi.-
1760 2789 1909 2871 leqit
1947 2789 2211 2866 missas,
2269 2792 2380 2852 aut

419 2876 643 2942 adorat
686 2895 956 2958 panem,
1013 2878 1128 2940 aut
1177 2877 1438 2939 statuas.
1533 2873 1712 2955 Quod
1755 2873 1924 2939 enim
1977 2872 2241 2955 quidam
2281 2873 2380 2938 di-

421 2968 593 3043 cunt,
646 2982 715 3028 se
766 2981 892 3026 non
947 2980 1201 3044 neyare,
1258 2959 1369 3024 sed
1422 2960 1858 3044 interroyatos,
1918 2959 2196 3024 dicturos
2246 2978 2379 3025 esse

424 3048 594 3131 quod
634 3048 923 3124 sentiant,
965 3065 1074 3111 nec
1114 3065 1273 3125 opus
1315 3064 1449 3110 esse
1488 3045 1627 3111 sine
1667 3045 1982 3111 vocatione
2014 3043 2377 3126 periculum

412 3152 763 3200 accersere.-
805 3133 920 3196 etsi
956 3131 1105 3196 haec
1147 3150 1295 3195 vera
1329 3135 1490 3209 sunt,
1534 3134 1742 3196 tamen
1783 3131 2022 3194 interea
2064 3149 2191 3195 non
2231 3133 2381 3195 sunt

420 3217 742 3285 contraria
812 3217 1076 3282 acienda
1104 3236 1287 3281 verae
1325 3216 1720 3281 invocationi.
1822 3214 1904 3281 Ut
1943 3216 2005 3278 si
2047 3216 2194 3297 quis
2233 3234 2378 3297 eap-

419 3305 594 3370 tivus
623 3323 701 3367 ex
795 3300 1152 3382 hristianis,
1187 3300 1400 3367 vivens
1428 3303 1594 3365 inter
1632 3300 1895 3379 Turcas,
1938 3301 2169 3365 tacitus
2200 3299 2378 3380 apud

422 3409 556 3456 sese
600 3386 919 3454 Christum
951 3388 1279 3467 invocaret,
1323 3406 1435 3452 nec
1472 3392 1680 3451 tamen
1712 3391 1964 3452 externa
1986 3384 2379 3467 professione

426 3479 573 3555 [pag.
620 3479 730 3554 99]
771 3493 959 3539 suam
995 3473 1187 3553 fidem
1227 3472 1594 3549 ostenderet,
1649 3471 1776 3536 imo
1816 3471 2010 3536 etiam
2060 3472 2380 3538 interesset

423 3561 679 3628 turcicis
730 3560 967 3626 sacris:
1018 3557 1193 3623 haud
1245 3558 1429 3623 dubie
1476 3576 1628 3623 reus
1681 3561 1838 3622 esset
1891 3561 2184 3621 aeternae
2237 3557 2378 3621 irae

422 3646 570 3713 Dei.
661 3644 787 3711 Sed
827 3645 1177 3725 ubicunque
1216 3663 1467 3722 sumus,
1521 3644 1654 3707 sive
1705 3643 1872 3707 inter
1920 3641 2191 3721 Turcas,
2245 3643 2378 3706 sive

423 3732 586 3798 inter
618 3731 981 3811 haereticos,
1024 3730 1157 3795 sive
1198 3730 1363 3794 inter
1399 3749 1545 3793 vere
1572 3729 1754 3809 pios,
1796 3727 2114 3792 interdum
2154 3726 2377 3810 aliqua

422 3818 724 3902 confessio
778 3814 1134 3882 necessaria
1176 3819 1298 3880 est.-
1348 3818 1407 3880 et
1458 3818 1617 3880 certe
1671 3813 1997 3879 contraria
2049 3833 2232 3879 verae
2279 3813 2376 3878 in-

421 3903 733 3971 vocationi
784 3921 911 3967 non
964 3905 1112 3965 sunt
1159 3900 1475 3983 facienda.
1569 3898 1647 3965 Si
1697 3900 1847 3982 quis
1895 3899 2095 3982 iyitur
2145 3903 2233 3964 est
2274 3918 2378 3965 sa-

424 3988 746 4071 crificulus
800 3991 913 4052 aut
962 3984 1332 4067 machus,
1384 3989 1442 4052 et
1480 3985 1720 4070 coyitur
1763 3985 2002 4050 missas
2053 3983 2374 4062 celebrare,

420 4080 496 4142 ut
535 4079 768 4153 vocant,
807 4074 868 4138 si
906 4070 1199 4155 intelliqit
1228 4092 1295 4138 se
1330 4072 1526 4154 impie
1550 4072 1777 4155 facere,
1819 4071 2059 4136 omittat
2091 4090 2200 4136 eas
2225 4070 2377 4135 mis·

419 4181 559 4241 sas,
602 4179 712 4225 nec
753 4162 902 4243 aqat
942 4161 1154 4223 contra
1194 4157 1661 4224 conscientiam,-
1715 4175 1823 4221 nec
1853 4159 2059 4239 potest
2098 4156 2376 4222 inveniri

421 4246 739 4313 excusatio
790 4244 932 4310 ulla
971 4244 1122 4326 pia,
1178 4262 1294 4308 cur
1335 4241 1518 4309 liceat
1568 4243 1832 4308 retinere
1873 4261 2013 4308 eam
2053 4246 2375 4307 consuetu-

421 4334 647 4400 dinem.
738 4329 918 4397 Idem
960 4330 1097 4394 dico
1130 4329 1207 4394 de
1248 4327 1449 4394 laicis.
1537 4327 1646 4395 Ea
1673 4329 1721 4412 ¹)
1965 4332 2196 4393 noncnt
2235 4348 2376 4393 vere

419 4440 556 4487 esse
616 4417 931 4484 idolorum
983 4414 1210 4492 cultus,
1282 4413 1539 4565 fugiant
1610 4415 1797 4479 iuxta
1870 4412 2073 4479 illud.-
2145 4411 2375 4496 Fuyite

420 4505 594 4571 idola
636 4505 703 4589 (l
743 4503 976 4569 Ioann.
1018 4505 1075 4580 5,
1115 4500 1248 4584 21).
1437 4505 1506 4565 nt
1559 4503 1764 4566 autem
1804 4499 2130 4582 manifesti
2170 4498 2375 4563 cultus

420 4591 746 4669 idaim,
790 4588 1097 4655 invocatio
1138 4589 1510 4664 sanctorum,
1549 4584 1661 4668 qui
1679 4604 1779 4658 ,ex
1820 4583 1938 4650 hac
1978 4585 2108 4650 vita
2150 4585 2376 4651 disces-

420 4681 667 4743 serunt.-
712 4674 1019 4741 invocatio
1063 4672 1150 4739 ad
1191 4675 1390 4737 certas
1431 4675 1694 4750 statuas,
1738 4671 2025 4736 adoratio
2058 4670 2262 4751 panis
2302 4671 2375 4735 in

418 4762 644 4846 impiis
685 4761 921 4841 missis,
964 4764 1021 4824 et
1061 4760 1133 4824 in
1175 4756 1757 4841 circumqestatione.

593 4847 827 4929 Aliqui
874 4843 1349 4912 dissimulantes
1403 4843 1687 4926 aynitam
1736 4840 2086 4920 veritatem,
2154 4837 2378 4921 confir-

387 4967 402 4972 ·
420 4940 598 5002 mant
671 4932 1003 4998 saevitiam
1080 4950 1312 5015 reyum.
1402 4928 1502 4994 Hi
1568 4928 1757 4993 etiam
1833 4925 2041 5010 mayis
2102 4930 2376 5009 peccant,

421 5103 598 5111 ...ι-φ*
687 5101 828 5107 -————

559 5209 621 5278 1)
656 5208 731 5264 Et
764 5203 903 5262 1576
936 5218 1076 5275 seqq.

2483 1782 2676 1862 quam
2710 1783 2833 1828 non
2869 1763 3178 1848 fuqientes
3217 1765 3407 1833 idola.
3499 1763 3772 1847 Propter
3813 1767 3935 1834 has
3976 1788 4226 1852 causas,
4267 1774 4446 1842 tutis-

2482 1868 2718 1913 simum
2752 1853 2910 1915 esset
2950 1848 3259 1916 discedere
3299 1871 3376 1916 ex
3414 1850 3582 1931 locis,
3624 1850 3738 1917 ubi
3776 1852 4201 1936 defenduntur
4239 1857 4447 1927 cultus

2483 1933 2811 2000 idolorum.
2903 1932 3029 2000 Sed
3070 1933 3239 2001 dicat
3279 1935 3537 2017 aliquis,
3578 1956 3703 2001 non
3737 1957 3953 2005 omnes
3986 1961 4172 2021 posse
4211 1944 4284 2008 in
4315 1963 4446 2013 uno

2482 2018 2612 2086 loco
2644 2039 2793 2099 esse,
2829 2039 2938 2084 nec
2958 2039 3147 2100 posse
3181 2021 3494 2087 discedere
3524 2022 3845 2106 coniuyem
3877 2045 3921 2090 a
3963 2027 4119 2108 viro,
4164 2034 4277 2096 aut
4307 2049 4446 2097 ma-

2484 2109 2645 2170 trem
2677 2126 2721 2169 a
2756 2104 2989 2170 liberis.
3046 2104 3177 2172 Hic
3226 2126 3265 2169 r
3568 2132 3589 2171 .·
3638 2105 3792 2175 Duo
3833 2115 3985 2175 sunt
4017 2133 4285 2197 ρεπεν-ας
4326 2114 4449 2181 alii

2483 2194 2632 2255 sunt
2659 2190 2853 2271 firmi,
2890 2190 3010 2256 alii
3033 2196 3184 2256 sunt
3215 2192 3243 2256 i
3433 2192 3475 2257 i.
3538 2190 3667 2257 Sed
3689 2193 3823 2258 sive
3849 2193 4081 2275 firmus
4117 2204 4264 2278 [pag.
4295 2205 4442 2278 100]

2483 2281 2574 2341 est
2614 2274 2956 2357 quispiam,
2999 2276 3130 2341 sive
3169 2274 3484 2359 infirmus,
3527 2277 3689 2343 sciat
3718 2279 4090 2347 mandatum
4120 2283 4252 2349 Dei
4294 2304 4445 2366 esse,

2482 2361 2800 2445 utfuqiat
2848 2360 3438 2429 idolaetostendat
3488 2362 4266 2447 aliquamconfessionem.
4354 2368 4447 2435 Et

2482 2466 2680 2530 quum
2713 2447 2888 2513 alius
2920 2446 3051 2513 alio
3088 2446 3342 2529 firmior
3371 2448 3474 2529 sit,
3519 2447 3694 2515 alius
3732 2450 4174 2532 confessionem
4216 2454 4443 2538 mayis,

2482 2531 2659 2599 alius
2729 2533 2945 2598 minus
3020 2532 3330 2600 illustrem
3395 2533 3675 2600 ostendet.
3778 2533 4051 2605 Ioannes
4123 2540 4443 2621 apostolus

2477 2617 2730 2717 firmior
2781 2622 2919 2716 erat
2961 2617 3747 2719 Nicodemosnguanquaon
3786 2625 4041 2705 uterque
4080 2629 4217 2691 erat
4255 2624 4442 2691 imbe-

2480 2702 2667 2769 cillis.
2762 2700 2892 2769 Pia
2954 2708 3154 2769 mater
3197 2704 3493 2787 familias
3548 2703 3726 2772 habet
3770 2727 4030 2775 causam
4083 2730 4209 2776 non
4248 2709 4441 2793 facile

2480 2788 3152 2856 discedendiamarito
3184 2794 3243 2856 et
3274 2811 3318 2854 a
3350 2789 3955 2859 liberismedtamen
3987 2797 4266 2862 ostendat
4302 2814 4440 2862 con-

2475 2874 2811 2973 fessionem
2853 2878 2908 2939 et
2945 2874 3158 2958 fuyiat
3197 2876 3397 2955 idola,
3451 2896 3645 2959 eaque
3685 2878 3757 2943 in
3796 2872 4226 2962 reproficiat,
4269 2881 4441 2948 dicat

2479 2960 2638 3043 quid
2679 2961 2931 3038 sentiat,
2989 2980 3113 3026 non
3154 2961 3401 3028 accedat
3444 2962 3529 3027 ad
3570 2962 3831 3043 missas,
3888 2965 4056 3030 absit
4102 2988 4146 3031 a
4182 2966 4441 3049 pomis

2479 3048 2552 3111 in
2593 3044 2820 3126 quibus
2853 3048 3364 3130 circumyestatur
3391 3049 3612 3129 panis.

2655 3131 2975 3197 Hactenus
3017 3131 3163 3196 dixi
3202 3134 3279 3197 de
3311 3132 3493 3196 rebus
3532 3135 3918 3199 necessariis.
3988 3132 4191 3216 Saepe
4233 3141 4441 3202 autem

2479 3217 2735 3283 ecclesia
2777 3216 2998 3282 habuit
3052 3216 3309 3299 aliquas
3357 3216 3777 3299 confusiones.-
3828 3223 3899 3283 ut
3941 3219 4431 3305 Hierosolymae,

2477 3306 2744 3383 tempore
2779 3301 3149 3380 Zachariae,
3195 3302 3465 3367 multum
3486 3306 3624 3367 erat
3662 3303 4031 3369 vitiosorum
4063 3304 4342 3371 cultuum
4382 3310 4440 3372 et

2467 3407 2830 3468 pravarum
2873 3387 3240 3468 opinionum
3292 3388 3367 3452 in
3408 3387 3632 3468 templo
3645 3411 3664 3450 .·
3708 3393 3766 3453 et
3805 3394 4011 3453 tamen
4046 3409 4115 3454 eo
4146 3410 4299 3457 vera
4341 3410 4433 3456 eo-

2479 3472 2671 3538 clesia
2743 3473 2932 3538 etiam
2996 3471 3416 3553 conveniebat,
3495 3477 3569 3537 ut
3629 3470 4016 3554 Zacharias,
4082 3473 4434 3554 Elisabeth,

2481 3556 2727 3622 Maria.
2823 3558 2973 3624 Tali
3026 3562 3293 3640 tempore
3344 3556 3415 3624 hi
3470 3558 3582 3639 qui
3634 3562 3783 3623 sumt
3836 3560 3910 3623 in
3964 3559 4107 3625 suis
4161 3560 4438 3626 ecelesiis

2478 3648 2692 3724 aperte
2724 3643 3066 3726 improbent
3104 3663 3379 3724 errores,
3406 3648 3477 3709 ut
3511 3643 3659 3726 fecit
3702 3643 4072 3724 Zacharias,
4114 3645 4285 3711 ritus
4323 3664 4437 3711 au-

2477 3734 2598 3795 tem
2640 3727 2824 3794 bonos
2864 3734 2977 3794 aut
3015 3728 3392 3810 adiaphoros
3435 3748 3691 3795 servare
3718 3734 4003 3811 possunt.

2669 3813 2818 3880 Volo
2861 3815 3041 3896 pios,
3092 3813 3311 3895 firmos
3353 3814 3768 3895 etinfirmos‚
3819 3815 4106 3881 accedere
4159 3816 4247 3880 ad
4287 3814 4436 3896 bap—

2475 3900 2736 3965 tismum
2789 3900 3111 3982 infantum
3125 3950 3141 3980 ,
3197 3901 3267 3964 in
3319 3901 3460 3966 suis
3510 3898 3808 3979 eeclesiis,
3864 3898 4214 3982 ubicunque
4267 3905 4430 3966 sunt.

2483 3984 2752 4051 Servare
2808 3986 2998 4050 etiam
3028 3989 3299 4066 possunt
3340 3986 3505 4051 ritus
3555 3984 3967 4069 adiaphoros,
4025 3990 4099 4051 ut
4139 3986 4432 4051 interesse

2477 4071 2725 4136 lectioni
2775 4070 3177 4152 psalmorum
3236 4072 3307 4135 in
3378 4071 3747 4153 vespertinis
3789 4069 4082 4152 precibus
4156 4075 4213 4135 et
4277 4069 4434 4136 aliis

2477 4156 2748 4221 honestis
2988 4156 3254 4238 essibus,
3322 4162 3380 4222 et
3428 4158 3491 4222 si
3557 4161 3705 4236 [pag.
3765 4159 3914 4234 101]
3976 4155 4228 4237 aliquid
4286 4155 4435 4220 vitii

2480 4176 3199 4324 aliquibusmixtum
3242 4249 3359 4323 est,
3416 4244 3572 4326 quia
3614 4243 3687 4306 in
3728 4262 3797 4307 eo
3838 4247 4005 4307 coetu
4044 4247 4193 4306 sunt
4227 4239 4432 4306 adhue

2477 4327 2686 4410 aliqui
2729 4329 2917 4408 electi,
2962 4332 3020 4393 et
3058 4330 3281 4408 sancti,
3321 4332 3392 4393 ut
3419 4329 3645 4410 pueri.-
3686 4332 3744 4392 et
3786 4325 3989 4409 aliqui
4031 4326 4239 4390 adulti
4271 4330 4429 4390 recte

2474 4414 2815 4495 sentientes,
2848 4413 2959 4480 sed
2990 4412 3253 4495 infirmi,
3288 4415 3400 4495 qui
3434 4418 3640 4479 tamen
3671 4417 3818 4477 sunt
3857 4409 4135 4476 membra
4173 4408 4433 4487 Christi,

2476 4503 2535 4564 et
2574 4504 2720 4565 sunt
2749 4500 3072 4583 paulatim
3093 4499 3498 4581 provehendi.

2655 4584 2782 4651 Sed
2833 4585 3004 4651 dicat
3057 4584 3326 4668 aliquis,
3386 4583 3464 4649 Si
3512 4603 3639 4650 non
3693 4582 3981 4648 accedam
4030 4581 4118 4647 ad
4168 4582 4425 4660 missas,

2476 4672 2565 4737 ad
2595 4690 2866 4754 pompas
2892 4670 3213 4753 publicas,
3259 4690 3456 4752 quum
3491 4673 3770 4753 yestatur
3809 4671 4283 4741 sacramentum,
4325 4686 4432 4731 ra-

2466 4758 2630 4841 piar
2668 4756 2755 4822 ad
2791 4755 3189 4838 simplicium.
3260 4755 3374 4821 Ad
3404 4755 3477 4821 id
3504 4753 3866 4835 respondeo:
3909 4751 4236 4836 Reyularn,
4272 4770 4432 4832 quae

2477 4845 2646 4909 docet
2697 4841 2851 4923 quid
2902 4842 2987 4907 sit
3023 4842 3417 4925 faciendum,
3476 4845 3688 4905 notam
3730 4859 3889 4918 esse,
3943 4839 4053 4905 sed
4104 4836 4291 4902 aliud
4340 4839 4433 4901 est

2478 4928 2656 5010 loqui
2695 4928 2774 4993 de
2812 4927 3049 5012 reyula,
3089 4926 3277 4993 aliud
3308 4926 3384 4992 de
3410 4919 3591 5008 fadto,
3681 4923 3928 5010 Regula
3970 4928 4078 5004 est,
4120 4927 4191 4987 ut
4212 4921 4431 5003 potius

2479 5013 2768 5080 discedas
2825 5034 2903 5078 ex
2955 5012 3094 5078 illis
3147 5011 3325 5093 locis,
3380 5032 3575 5096 quam
3621 5012 3841 5077 venias
3881 5010 3968 5076 ad
4008 5006 4429 5091 supplicium.-

2479 5121 2555 5167 ac
2609 5100 2886 5201 infirmis
2933 5098 3200 5181 facilius
3245 5104 3337 5165 est
3355 5185 3369 5199 ·
3389 5099 3697 5252 susstgdnere
3759 5095 4083 5162 exsilium.-
4144 5093 4255 5158 sed
4317 5090 4430 5240 ᾳᾶιὲ

2473 5209 2587 5257 nec
2624 5184 2854 5256 exe-‘lia
2868 5237 2884 5268 ,
2938 5206 3044 5253 nec
3096 5185 3414 5269 supplicia
3606 5203 3776 5252 mere
3812 5180 4049 5259 volunt,
4099 5175 4281 5244 valde
