4967 5992
581 348 715 429 48⁷

586 530 684 597 sic
729 528 1065 596 docemus:
1111 547 1371 610 semper
1415 524 1642 593 deesse
1683 526 1873 592 bonis
1915 524 2215 591 fidelium
2249 522 2554 607 operibus

585 635 916 682 summam
949 614 1327 697 puritatem,
1374 632 1541 696 quae
1575 611 1706 678 Dei
1727 619 2165 694 conspectum
2197 610 2370 675 ferre
2403 628 2552 691 pos-

585 702 702 768 sit:
782 701 915 764 imo
992 701 1192 765 etiam
1268 695 1743 781 quodammodo
1818 697 2162 780 inquinata
2242 716 2416 772 esse,
2497 693 2553 758 si

585 806 847 852 summo
903 785 1045 851 iure
1100 785 1586 851 examinentur.
1677 783 1932 849 Verum
1986 782 2100 847 ubi
2144 780 2347 846 semel
2389 778 2551 845 fide-

583 871 682 937 les
736 872 809 937 in
880 871 1165 955 gratiam
1239 869 1607 953 adoptionis
1673 874 1821 950 [pag.
1869 871 1976 946 66]
2040 867 2287 949 recepit
2343 867 2548 942 Deus,

584 978 720 1024 non
776 978 1005 1023 eorum
1057 954 1251 1021 modo
1299 975 1616 1039 personas
1659 954 1965 1037 amplecti
2010 961 2079 1017 et
2121 973 2373 1030 amare,
2433 950 2550 1015 sed

586 1064 787 1128 opera
837 1043 1071 1120 etiam,
1127 1053 1204 1107 ut
1245 1063 1325 1106 ea
1381 1038 1681 1107 mercede
1726 1040 2052 1125 dignetur.
2140 1038 2225 1103 In
2270 1057 2550 1114 summa,

588 1130 761 1196 sicut
805 1128 884 1193 de
928 1127 1195 1192 homine
1240 1126 1490 1192 dictum
1534 1133 1666 1204 est,
1713 1126 1810 1191 ita
1853 1125 1934 1191 de
1976 1122 2282 1208 operibus
2326 1143 2548 1188 cense-

586 1234 766 1280 mus:
825 1213 1164 1279 iustificari
1220 1212 1471 1279 scilicet
1523 1233 1633 1288 ea,
1697 1233 1832 1277 non
1897 1211 2162 1294 propria
2210 1208 2548 1292 dignitate,

587 1300 702 1366 sed
746 1299 982 1364 merito
1026 1299 1224 1364 unius
1270 1297 1549 1363 Christi:
1598 1296 1757 1362 dum
1803 1297 1983 1375 vitia,
2029 1295 2264 1378 quibus
2308 1292 2551 1375 alioqui

587 1385 1048 1469 displicerent,
1115 1382 1374 1449 Christi
1439 1383 1756 1449 sacrificio
1829 1381 2259 1464 sepeliuntur.
2363 1379 2552 1444 Haec

586 1471 946 1537 admonitio

581 1557 799 1622 mines
857 1557 930 1620 iu

583 1649 917 1726 arrogent,
965 1639 1138 1724 quod
1184 1661 1266 1704 ex
1310 1647 1592 1722 paterna
1632 1637 1764 1704 Dei
1808 1637 2268 1704 benevolentia
2309 1657 2548 1719 prove·

582 1728 716 1793 nit:
765 1737 912 1792 tum
959 1725 1041 1791 ad
1089 1745 1201 1790 eos
1256 1726 1505 1808 optima
1558 1724 1997 1790 consolatione
2042 1721 2419 1807 erigendos,
2466 1742 2551 1785 ne

584 1814 840 1880 animos
885 1810 1369 1894 despondeant,
1432 1810 1586 1874 dum
1631 1831 1901 1894 operum
1959 1829 2227 1875 suorum
2272 1806 2380 1873 vel
2422 1808 2549 1871 im-

583 1896 984 1964 munditiem
1028 1896 1135 1961 vel
1181 1896 1742 1979 imperfectionem
1788 1902 2125 1978 reputant:
2187 1915 2387 1976 quum
2432 1913 2550 1957 au-

586 1983 777 2049 diant
819 1993 1100 2065 paterna
1143 1982 1275 2047 Dei
1317 1980 1729 2065 indulgentia
1771 2002 1918 2047 eam
1962 1981 2106 2046 sibi·
2127 1980 2397 2064 ignosci.

755 2068 1146 2133 Docti-inam
1227 2081 1592 2149 sequuntur
1662 2075 2108 2143 sacramenta,
2179 2068 2249 2129 in
2316 2063 2550 2148 quibus

579 2154 750 2220 nihil
788 2162 891 2219 est
934 2175 974 2218 a
1008 2154 1198 2218 nobis
1234 2162 1619 2231 correctum,
1666 2151 1840 2236 quod
1874 2174 2009 2217 non
2041 2154 2236 2217 firma
2277 2158 2549 2215 testata-

577 2261 705 2325 que
750 2240 879 2305 Dei
912 2238 962 2324 ¹)
1016 2238 1368 2303 autoritate
1426 2237 1776 2305 defendere
1826 2239 2034 2304 liceat.
2128 2236 2355 2318 Quum
2400 2256 2548 2319 sep-

575 2332 709 2392 tem
757 2344 902 2391 esse
946 2324 1371 2390 crederentur
1405 2346 1445 2389 a
1477 2324 1624 2389 Deo
1669 2324 1991 2402 instituta,
2027 2324 2317 2406 quinque
2352 2344 2437 2387 ex
2473 2342 2549 2386 eo

573 2432 855 2477 numero
912 2410 1334 2489 sustulimus,
1403 2430 1479 2474 ac
1528 2411 2159 2485 demonstravimus,
2218 2428 2548 2474 caeremo-

575 2498 721 2563 nias
767 2517 912 2562 esse
957 2495 1347 2561 humanitus
1392 2495 1830 2575 introductas,
1892 2503 2167 2578 excepto
2213 2493 2547 2577 coniugio:

577 2582 751 2668 quod
799 2604 839 2647 a
880 2583 1029 2647 Deo
1074 2580 1339 2664 quidem
1384 2581 1804 2658 mandatum,
1851 2580 1967 2647 sed
2010 2581 2284 2645 minime
2329 2588 2403 2644 ut
2442 2600 2546 2643 sa·

576 2674 993 2735 crementum
1036 2667 1220 2742 foret,
1259 2668 1697 2749 agnoscimus.
1764 2667 1993 2749 Neque
2030 2687 2187 2730 vero
2224 2665 2304 2730 de
2339 2664 2547 2729 nihilo

573 2754 934 2837 litigamus,
985 2772 1187 2833 quum
1239 2751 1409 2816 ritus
1459 2753 1803 2816 hominum
1853 2751 2123 2819 consilio
2166 2749 2547 2833 superaddi-

575 2849 699 2919 tos,
749 2839 951 2902 etiam
997 2836 1054 2900 si
1100 2836 1265 2901 alias
1307 2857 1445 2900 non
1487 2837 1649 2901 mali
1691 2846 1910 2902 essent
1951 2859 2071 2902 nec
2113 2834 2398 2915 inutiles,
2445 2857 2546 2901 se-

572 2943 890 3007 paramus
940 2942 981 2985 a
1037 2922 1470 2988 saerosanctis
1525 2922 1656 2987 illis
1712 2923 2056 3008 symbolis,
2112 2941 2281 3005 quae
2325 2930 2392 2987 et
2433 2941 2548 2986 ore

573 3030 697 3076 suo
743 3006 933 3072 nobis
980 3007 1466 3073 commendavit
1510 3007 1837 3087 Christus,
1881 3016 1949 3074 ct
1993 3007 2371 3073 testimonia
2405 3028 2548 3072 esse

572 3093 792 3162 voluit
844 3092 1293 3176 spiritualium
1339 3091 1691 3158 donorum:
1758 3115 1925 3178 quae
1976 3101 2049 3160 ut
2092 3114 2228 3159 11011
2275 3100 2430 3158 811111
2473 3093 2543 3157 111

572 3179 929 3246 hominum
986 3187 1344 3262 potestate,
1392 3179 1487 3244 ita
1541 3179 1622 3245 de
1673 3181 1754 3245 iis
1797 3180 2030 3246 testari
2081 3180 2353 3245 minime
2395 3200 2546 3262 pos·

574 3274 750 3334 sunt.
820 3264 970 3329 Non
1021 3273 1122 3330 est
1165 3265 1453 3347 profecto
1499 3286 1606 3331 res
1651 3266 1965 3350 vulgaris,
2011 3265 2358 3349 obsignare
2403 3286 2545 3331 001-

575 3351 771 3418 dibus
807 3351 1054 3416 nostris
1092 3371 1404 3416 arcanam
1445 3350 1575 3416 Dei
1610 3353 2153 3431 benevolentiam,
2197 3350 2545 3417 Christum

569 3439 811 3504 offerre
859 3444 926 3500 et
967 3445 1498 3518 repraesentare,
1544 3444 1692 3518 [pag.
1734 3443 1841 3517 57]
1884 3461 2049 3522 quae
2092 3439 2162 3502 in
2209 3438 2350 3521 ipso
2390 3458 2543 3520 per·

573 3524 855 3606 cipimus
914 3522 1104 3587 bona.
1205 3522 1354 3589 Hoc
1421 3524 1617 3588 officii
1676 3546 1877 3608 quum
1943 3524 2234 3590 habeant
2288 3523 2544 3589 Christi

574 3618 1013 3686 sacramenta,
1069 3628 1205 3673 non
1260 3607 1632 3675 discernere
1679 3611 1759 3676 ab
1814 3611 1947 3676 illis
1990 3611 2160 3676 ritus
2201 3608 2287 3674 ab
2330 3609 2542 3674 homi-

570 3693 765 3761 nibus
820 3693 1177 3776 profectos,
1224 3694 1465 3759 coelum
1509 3702 1729 3761 terrae
1784 3698 2061 3761 miscere
2102 3702 2219 3761 est.
2309 3693 2542 3775 Quan-

574 3801 774 3863 quam
818 3779 928 3844 hic
972 3777 1220 3861 duplex
1264 3800 1451 3845 error
1492 3782 1882 3862 invaluerat,
1924 3780 2097 3864 quod
2142 3780 2399 3846 sublato
2439 3782 2542 3845 in·

575 3873 679 3931 ter
722 3863 954 3929 divina
997 3873 1064 3927 et
1124 3864 1417 3930 humana
1472 3866 1875 3947 discrimine,
1931 3867 2214 3932 nimium
2270 3864 2543 3950 deroga·

577 3950 740 4016 bant
783 3969 968 4014 sacro
1011 3947 1141 4013 Dei
1182 3950 1417 4029 verbo,
1477 3973 1605 4035 0110
1649 3960 1789 4018 tota
1831 3954 1934 4018 vis
1981 3959 2541 4017 sacramentorum

576 4043 869 4103 constat:
929 4040 998 4098 et
1052 4032 1226 4116 quod
1267 4034 1617 4102 Christum
1667 4039 1831 4105 falso
1884 4059 2107 4104 eorum
2158 4058 2302 4103 esse
2356 4045 2539 4103 auto-

576 4144 720 4189 rem
799 4119 1153 4204 putabant,
1215 4141 1382 4203 quae
1426 4143 1560 4188 non
1611 4124 1740 4190 nisi
1786 4124 1869 4190 ab
1922 4123 2299 4190 hominibus
2341 4122 2543 4189 habe-

581 4208 741 4274 bant
784 4206 1127 4290 originem.

751 4293 859 4358 Ex
904 4290 1232 4373 baptismo
1273 4292 1577 4358 similiter
1613 4294 1823 4360 multa
1865 4295 2332 4376 additamenta,
2377 4314 2545 4378 quae

579 4380 822 4461 partim
885 4376 1185 4456 inutilia,
1264 4378 1508 4461 partim
1588 4381 1670 4446 ob
1741 4381 2268 4462 superstitionem
2344 4382 2546 4446 noxia

584 4475 793 4542 erant,
839 4461 1247 4530 rescidimus.
1340 4461 1568 4529 Scitur
1604 4485 1802 4547 quam
1847 4466 2221 4549 baptisandi
2263 4467 2547 4532 formam

583 4549 959 4630 acceperint
1010 4567 1051 4611 a
1103 4547 1371 4614 Christo
1427 4551 1736 4632 apostoli,
1800 4574 1998 4636 quam
2050 4552 2546 4618 observaverint

587 4652 710 4696 sua
745 4641 977 4708 aetate,
1015 4653 1210 4714 quam
1255 4632 1535 4718 denique
1571 4640 1849 4719 posteris
1886 4638 2289 4722 reliquerint.
2356 4639 2544 4704 Haeo

587 4716 1002 4799 simplicitas,
1062 4738 1226 4799 quae
1272 4719 1530 4786 Christi
1582 4724 1935 4789 autoritate
1978 4733 2048 4790 et
2101 4724 2545 4808 apostolorum

582 4823 708 4868 usu
752 4798 1172 4883 comprobata
1214 4816 1375 4884 erat,
1418 4808 1888 4889 posterioribus
1944 4811 2219 4876 saeculis
2261 4831 2397 4876 non
2437 4829 2543 4874 sa-

581 4888 841 4954 tisfecit.
910 4887 1064 4950 Non
1107 4886 1371 4970 disputo
1413 4893 1485 4955 in
1527 4894 1919 4976 praesentia,
1963 4915 2156 4978 quam
2201 4896 2395 4962 iustis
2434 4916 2543 4961 ra-

583 4973 876 5040 tionibus
925 4970 1176 5037 fuerint
1220 4971 1517 5056 adducti,
1564 4980 1676 5060 qui
1720 4978 2040 5059 chrisma,
2083 4980 2211 5060 sal,
2256 4989 2543 5065 sputum,

1049 1490 1321 1552 erquam
1381 1469 1564 1533 utilis
1608 1475 1709 1532 est
1763 1468 2057 1551 cognitu,
2113 1475 2258 1530 tum
2304 1464 2387 1530 ad
2429 1464 2549 1528 ho-

1046 1557 1106 1619 ei
1159 1555 1398 1619 timore
1441 1552 1850 1631 retinendos,
1908 1574 1991 1617 ne
2049 1552 2355 1635 operibus
2412 1550 2550 1614 suis

570 5175 924 5316 qamngei
950 5173 1217 5235 omittunt
1245 5192 1433 5232 omnes
1467 5184 1691 5246 praeter
1723 5182 1805 5236 ed.
1835 5184 2139 5251 princepem
2167 5190 2219 5238 et
2246 5186 2543 5240 maionem

2184 334 2316 401 DE
2359 331 3002 402 NECESSITATE

4484 341 4613 404 488

2656 543 2879 589 cereos
2932 529 3159 605 postea
3210 521 3622 588 addiderunt.
3712 523 4001 588 Tantum
4047 521 4192 589 dico
4205 574 4221 602 ,
4277 524 4455 608 quod
4495 546 4612 591 ne-

2656 608 2904 673 minem
2962 608 3151 688 latet,
3219 629 3297 674 eo
3349 617 3624 675 ventum
3689 608 3892 674 fuisse
3935 615 4053 673 aut
4103 610 4611 693 superstitionis,

2657 700 2775 758 aut
2817 694 3167 772 stultitiae,
3225 701 3305 758 ut
3344 694 3555 759 multo
3608 693 3819 776 pluris
3863 695 4103 759 fierent
4140 694 4460 760 eiusmodi
4506 718 4613 764 ae-

2655 780 3009 858 cessiones,
3065 800 3262 864 quam
3316 781 3461 863 ipsa
3515 777 3824 863 baptismi
3870 780 4133 846 veritas.
4220 781 4611 865 Praeposte—

2654 885 2798 929 ram
2854 886 3112 948 quoque
3177 864 3486 931 fiduciam
3541 865 3773 931 tollere
3836 864 4241 944 studuimus,
4311 887 4479 950 quae
4538 869 4613 934 in

2655 957 2934 1016 externa
2991 952 3247 1017 actione
3299 951 3517 1017 defixa
3571 952 3641 1015 in
3687 950 4032 1017 Christum
4087 952 4361 1017 minime
4405 956 4611 1037 respi-

2654 1036 2882 1101 ciebat.
2972 1036 3079 1100 Ita
3136 1037 3346 1114 enim,
3403 1047 3538 1100 tam
3592 1037 3665 1101 in
3708 1036 3949 1103 scholis
3993 1058 4190 1119 quam
4234 1038 4306 1102 in
4351 1041 4612 1106 concio-

2654 1120 2880 1200 nibus,
2936 1124 3278 1207 signorum
3325 1123 3681 1188 efficaciam
3725 1122 4143 1201 extulerunt,
4191 1131 4267 1188 ut
4309 1123 4612 1192 homines

2656 1206 2737 1272 ad
2807 1207 3152 1273 Christum
3224 1229 3359 1273 non
3430 1207 3773 1292 dirigendo
3833 1207 4206 1274 visibilibus
4267 1209 4615 1278 elementis

2652 1292 2983 1359 confidere
3014 1292 3339 1360 docerent.
3404 1294 3752 1359 Postremo
3784 1294 4238 1360 revocavimus
4269 1297 4615 1380 antiquum

2653 1399 2944 1477 nidorem,-
2991 1387 3069 1444 ut
3108 1400 3259 1445 cum
3315 1378 3615 1446 doctrina
3666 1381 3738 1444 in
3781 1379 4071 1446 ecelesiis
4114 1381 4362 1446 nostris
4404 1380 4614 1447 admi-

2654 1474 3065 1530 nistraretur.
3180 1466 3386 1530 Porro
3454 1470 3604 1543 [pag.
3645 1469 3750 1544 58]
3814 1465 4170 1550 diligenter
4233 1473 4302 1531 et
4365 1469 4617 1551 optima

2654 1549 2783 1614 fide
2835 1559 2983 1615 tum
3026 1550 3380 1615 utilitatem
3437 1572 3638 1633 quam
3694 1551 3879 1617 nobis
3924 1552 4142 1629 affert,
4203 1559 4349 1617 tum
4392 1553 4615 1638 legiti-

2654 1656 2837 1699 mum
2877 1637 3082 1718 ipsius
3126 1657 3319 1701 usum
3365 1638 3773 1719 exponimus,
3819 1646 3896 1701 ut
3937 1657 4022 1701 ne
4064 1636 4427 1704 adversarii
4469 1641 4617 1723 qui·

2656 1720 2805 1785 dem
2850 1720 3138 1787 habeant
3177 1722 3248 1785 in
3294 1722 3418 1787 hac
3459 1730 3648 1806 parte
3690 1721 3861 1804 quod
3903 1723 4414 1805 reprehendant.
4492 1726 4618 1791 Ni-

2654 1804 2750 1870 hil
2796 1814 3014 1873 autem
3059 1807 3272 1891 magis
3316 1808 3605 1873 alienum
3651 1829 3689 1873 a
3739 1817 4304 1874 sacramentorum
4348 1821 4617 1890 natura,

2655 1913 2849 1975 quam
2906 1894 3104 1959 inane
3158 1893 3606 1977 spectaculum
3664 1894 3933 1976 popule,
4001 1894 4243 1978 absque
4308 1900 4619 1981 mysterii

2654 1979 3101 2056 enarratione,
3156 1979 3471 2046 exhiberi.
3571 1979 3820 2044 Notum
3878 1989 3980 2044 est
4034 1980 4231 2060 illud,
4301 1982 4477 2064 quod
4529 2005 4621 2049 ex

2653 2065 3033 2148 Augustino
3076 2070 3410 2147 sumptum
3458 2065 3658 2129 refert
3702 2065 4093 2132 Gratianus:
4140 2067 4331 2131 Nihil
4376 2089 4619 2152 aquam

2655 2171 2834 2228 esse,
2889 2151 3018 2213 nisi
3077 2150 3506 2230 elementum,
3564 2151 3620 2215 si
3686 2149 3858 2216 desit
3921 2172 4027 2216 vei
4043 2151 4217 2217 bum.
4321 2153 4430 2218 De
4484 2176 4621 2239 quo

2655 2243 2876 2301 autem
2923 2235 3123 2302 verbo
3182 2237 3450 2310 sentiat,
3501 2237 3811 2301 continuo
3854 2237 4365 2319 interpretatur,
4407 2261 4621 2322 quum

2653 2321 2893 2403 inquit:
2961 2322 3110 2387 Hoc
3165 2331 3269 2387 est
3324 2322 3600 2388 verbum
3656 2321 3838 2399 fidei,
3907 2322 4079 2405 quod
4134 2323 4616 2405 praedicamus.

2652 2406 2914 2472 Novum
2976 2428 3135 2491 ergo
3189 2406 3586 2472 adversariis
3644 2409 3890 2472 nostris
3946 2407 4162 2473 videri
4219 2430 4353 2474 non
4398 2410 4617 2492 debet,

2653 2494 2708 2557 si
2764 2513 2884 2557 nos
2937 2494 3109 2577 signi
3164 2492 3671 2569 exhibitionem,
3732 2515 3771 2558 a
3814 2494 4113 2578 mysterii
4169 2494 4619 2581 intelligentia

2652 2587 3039 2661 separatam,
3097 2579 3574 2662 improbamus:
3640 2579 3769 2643 Est
3822 2579 4001 2644 enim
4055 2580 4451 2665 sacrilegum
4512 2583 4616 2647 di-

2652 2665 2976 2742 vortium,
3033 2664 3206 2746 quod
3253 2663 3551 2729 ordinem
3607 2686 3648 2728 a
3691 2664 3962 2730 Christo
4016 2666 4306 2748 positum
4350 2670 4614 2733 evertit.

2653 2750 2948 2815 Tametsi
3003 2749 3182 2815 aliud
3237 2768 3580 2833 praeterea
3627 2751 3860 2816 vitium
3918 2752 3989 2815 in
4033 2752 4301 2836 vulgari
4344 2760 4412 2819 et
4452 2755 4620 2820 alibi

2652 2836 2895 2899 usitata
2946 2834 3512 2901 administratione
3566 2834 3843 2916 accedit,
3912 2836 4087 2919 quod
4127 2858 4247 2921 pro
4290 2838 4620 2924 religione

2653 2920 2926 3000 habent,
2982 2940 3115 2986 non
3173 2921 3484 3006 intelligi:
3537 2921 3822 3005 qualiter
3874 2922 3946 2987 in
3990 2923 4263 3007 magicis
4300 2924 4621 2992 incanta-

2651 3007 2894 3072 mentis
2936 3008 3081 3072 fieri
3124 3007 3304 3071 solet.

2823 3092 2967 3157 Iam
3025 3113 3182 3158 vero
3237 3102 3717 3159 sacrosanctam
3770 3094 4041 3158 Domini
4087 3115 4387 3176 coenam,
4442 3096 4617 3163 alte-

2650 3199 2800 3243 rum
2844 3177 3242 3244 christianae
3302 3178 3610 3245 ecclesiae
3655 3187 4170 3259 sacramentum,
4218 3203 4351 3246 non
4394 3182 4615 3265 pollu-

2652 3272 2789 3328 tam
2840 3263 3066 3344 mod0,
3133 3264 3250 3329 sed
3301 3285 3505 3348 prope
3559 3265 3869 3331 abolitam
3935 3267 4166 3346 fuisse,
4234 3275 4388 3334 ante
4446 3267 4614 3336 dixi.

2651 3348 2823 3430 Quo*
2841 3351 3055 3434 magis
3088 3350 3159 3414 in
3196 3370 3274 3415 ea
3308 3350 3725 3434 repurganda
3764 3349 4197 3417 laborandum
4232 3352 4421 3419 nobis
4462 3355 4615 3420 fuit.

2649 3435 2896 3515 Primo,
2940 3436 3220 3519 impium
3262 3436 3429 3501 illud
3465 3436 3545 3520 de
3587 3437 3903 3502 sacrificio
3936 3447 4400 3518 commentum,
4436 3439 4620 3523 quod

2649 3521 2894 3586 multas
2949 3521 3388 3587 absurditates
3443 3521 3845 3599 continebat,
3900 3522 4218 3588 revellere
4262 3546 4345 3590 ex
4390 3525 4614 3590 homi-

2647 3628 2809 3672 num
2855 3608 3091 3673 animis
3134 3629 3402 3674 necesse
3458 3609 3599 3673 fuit.
3689 3608 4164 3692 Praeterquam
4210 3611 4393 3674 enim
4432 3613 4618 3694 quod

2648 3701 2877 3758 contra
2921 3691 3231 3759 disertam
3275 3693 3529 3759 Christi
3570 3694 4052 3760 institutionem
4088 3704 4348 3762 erectus
4390 3697 4623 3763 fuerat

2647 3779 2995 3845 oblationis
3037 3780 3225 3858 ritus,
3269 3779 3496 3845 addita
3529 3781 3746 3844 fuerat
3785 3781 4329 3863 pestilentissima
4364 3783 4618 3867 opinio,

2648 3865 2973 3931 actionem
3029 3864 3212 3930 illam
3269 3866 3709 3948 expiationem
3759 3887 3902 3931 esse
3993 3888 4065 3932 ro
4106 3869 4409 3950 peccatis.
4502 3870 4620 3934 Ita

2648 3950 2991 4016 sacerdotii
3028 3949 3335 4035 dignitas,
3375 3973 3543 4034 quae
3577 3952 3651 4015 in
3689 3951 3903 4017 solum
3939 3887 4280 4018 Christum
4320 3958 4461 4032 [pag.
4492 3961 4617 4037 59]

2649 4035 3093 4119 competebat,
3139 4036 3222 4101 ad
3267 4036 3569 4103 homines
3611 4038 3956 4117 mortales,
4002 4049 4069 4103 et
4109 4040 4331 4104 virtus
4372 4042 4623 4108 mortis

2649 4123 2874 4205 ipsius,
2921 4122 3005 4187 ad
3049 4122 3288 4187 horum
3331 4142 3495 4206 opus
3539 4123 3863 4188 translata
3903 4125 4136 4190 fuerat.
4229 4123 4399 4191 Inde
4439 4146 4624 4208 quo-

2649 4228 2775 4290 que
2817 4209 3106 4273 fluxerat
3142 4208 3492 4291 applicatio
3535 4229 3653 4291 pro
3695 4210 3866 4275 vivis
3912 4221 3980 4275 et
4019 4210 4319 4276 mortuis.
4387 4211 4627 4278 Abno-

2647 4301 2804 4377 gata
2866 4294 3071 4378 igitur
3120 4294 3573 4359 commentitia
3632 4293 3749 4359 illa
3812 4294 4259 4361 immolatione
4309 4316 4627 4365 eommu-

2647 4379 2917 4444 nionem
2959 4380 3403 4460 restituimus,
3461 4401 3627 4462 quae
3668 4381 3962 4446 maxima
4003 4382 4075 4446 in
4117 4391 4308 4464 parte
4349 4382 4631 4451 obsole-

2646 4472 2852 4530 verat.
2942 4464 3142 4531 Modo
3185 4466 3359 4531 enim
3406 4466 3610 4531 semel
3651 4468 4001 4549 quotannis
4055 4466 4438 4533 accederent
4486 4468 4632 4536 ho-

2647 4551 2860 4616 mines
2925 4549 3009 4615 ad
3055 4572 3350 4617 mensam
3407 4551 3712 4630 Domini,
3781 4559 3920 4617 toto
3976 4554 4135 4618 anni
4190 4574 4381 4618 cursu
4438 4558 4632 4624 satis

2694 4636 2969 4701 utabant
3008 4658 3180 4716 esse,
3240 4638 3296 4703 si
3340 4645 3713 4720 spectarent
3753 4637 3925 4721 quod
3983 4660 4024 4704 a
4065 4636 4401 4705 sacerdote
4446 4661 4633 4727 age-

2731 4728 2867 4788 tur:
2912 4742 3152 4788 coenae
3196 4722 3458 4805 quidem
3505 4723 3870 4789 dominicae
3911 4731 4287 4807 praetextu:
4345 4725 4475 4791 sed
4524 4728 4635 4795 ita

2645 4815 2721 4872 ut
2773 4808 3027 4874 nullum
3091 4808 3226 4874 illic
3289 4830 3525 4874 coenae
3583 4809 3936 4893 vestigium
4001 4819 4312 4875 exstaret.
4414 4809 4635 4894 Quae

2647 4895 2823 4959 enim
2869 4901 3030 4961 sunt
3063 4895 3333 4961 Domini
3376 4892 3621 4960 verba?
3709 4895 4029 4979 Accipite,
4058 4896 4310 4978 inquit,
4358 4907 4433 4962 et
4482 4899 4635 4968 dis-

2648 4979 2920 5045 tribuite
2980 4981 3155 5046 inter
3198 5001 3332 5045 vos.
3432 4980 3517 5045 In
3561 4981 3765 5045 missa
3805 5002 3991 5060 vero,
4036 5001 4158 5064 pro
4200 4984 4634 5067 receptione,

2647 5064 2993 5131 oblationis
3050 5066 3408 5132 simulatio:
3466 5064 3838 5132 distributio
3887 5067 4105 5144 nulla,
4163 5088 4239 5133 ac
4294 5088 4383 5133 ne
4430 5070 4637 5140 invi-

2650 5152 2810 5217 tatio
2853 5149 3143 5234 quidem:
3200 5152 3501 5218 sacerdos
3545 5152 3746 5231 enim,
3806 5152 3995 5236 quasi
4036 5161 4367 5219 resectum
4416 5176 4468 5220 a
4518 5181 4637 5225 re-

2649 5237 2827 5320 liquo
2862 5256 3151 5333 §corpore
3207 5238 3608 5317 membrum,
3667 5236 3793 5304 soli
3844 5238 3969 5303 sibi
4018 5247 4241 5321 parat,
4308 5247 4377 5304 et
4428 5244 4639 5313 solus
