4967 5992
376 353 500 414 373

371 561 530 607 nere
573 549 641 605 et
684 538 945 623 eligere,
992 540 1109 607 sed
1150 540 1423 624 spiritus
1465 539 1822 607 directione
1865 542 2336 626 gubernatum;

373 648 484 693 cor
541 646 686 692 esse
740 626 1190 692 voluntarium
1205 677 1219 703 ,
1278 625 1395 691 sed
1455 626 1881 692 reformatum
1924 650 2126 693 manu
2175 629 2335 708 Dei;

374 712 707 779 hominem
766 710 981 795 ipsum
1026 722 1095 777 et
1149 711 1375 778 conari
1419 720 1486 776 et
1526 732 1754 796 agere,
1813 721 1881 779 et
1923 713 2007 779 ad
2050 714 2181 780 Dei
2220 715 2335 780 ob-

377 799 677 882 sequium
742 797 1077 881 applicare
1127 818 1279 863 suas
1334 796 1676 864 facultates
1692 850 1709 877 ,
1752 798 1869 866 sed
1911 820 2030 882 pro
2076 800 2332 885 gratiae

370 904 686 949 mensura
728 903 927 966 quam
970 884 1235 966 accepit.
1324 884 1605 949 Frustra
1649 883 1928 968 denique
1974 886 2099 951 Dei
2146 886 2331 952 boni-

370 979 574 1036 tatem
618 967 1054 1053 praedicando
1097 990 1242 1034 eam
1287 968 1442 1035 huic
1491 971 1867 1036 necessitati
1912 970 2186 1056 alligare
2228 973 2330 1037 ni-

369 1058 534 1121 titur
550 1108 565 1134 ,
622 1067 696 1122 ut
747 1054 1050 1120 omnibus
1113 1056 1359 1137 pariter
1409 1057 1771 1137 expositam
1819 1076 1961 1123 6666
2014 1066 2328 1141 oporteat.

367 1142 584 1207 Aliter
626 1142 804 1206 enim
849 1141 1033 1206 Deus
1073 1140 1247 1224 ipse,
1304 1141 1417 1224 qui
1460 1141 1774 1206 bonitatis
1820 1148 1965 1222 [pag.
2016 1147 2158 1221 195]
2203 1145 2328 1207 mi·

368 1227 885 1310 sericordiaeque
936 1248 1093 1293 suae
1155 1225 1420 1292 laudem
1476 1249 1561 1292 ex
1624 1249 1701 1292 66
1765 1228 2004 1293 melius
2069 1229 2328 1295 elucere

366 1313 637 1393 iudicat,
693 1314 749 1378 si
794 1314 936 1378 61116
980 1314 1310 1396 specimen
1357 1334 1494 1378 non
1535 1313 1661 1378 nisi
1704 1315 1775 1378 in
1835 1314 2191 1397 aliquibus,
2253 1314 2325 1379 in

367 1399 512 1465 aliis
561 1420 719 1465 vero
770 1399 909 1464 irae
973 1398 1323 1481 iudiciique
1404 1399 1784 1482 exemplum
1832 1398 2000 1466 edat.
2104 1399 2330 1466 Nihilo

363 1485 515 1569 plus
556 1487 831 1551 rationis
874 1484 1092 1564 habet,
1127 1484 1298 1568 quod
1338 1485 1782 1570 malignitatis
1824 1483 2142 1552 invidiam
2175 1505 2330 1552 con-

364 1572 526 1638 flare
567 1570 754 1637 nobis
797 1571 1052 1652 nititur,
1095 1571 1247 1653 quia
1289 1571 1661 1637 salvificam
1706 1571 1834 1636 Dei
1868 1571 2152 1655 gratiam
2195 1592 2328 1637 non

363 1659 492 1724 nisi
534 1657 759 1724 electis
804 1657 1079 1724 dicimus
1119 1658 1434 1723 exhiberi.
1536 1658 1710 1734 Hoc,
1756 1656 1990 1740 inquit,
2035 1667 2139 1723 est
2181 1676 2327 1722 eam

365 1747 783 1830 restringere.
874 1746 970 1809 At
1022 1745 1207 1809 Deus
1255 1765 1388 1810 non
1445 1744 1538 1808 ita
1584 1742 1839 1827 largam
1887 1741 2031 1807 vult
2070 1741 2326 1825 praedi-

365 1832 531 1910 cari,
590 1841 665 1896 ut
719 1830 926 1896 libera
979 1851 1123 1896 esse
1177 1828 1449 1895 desinat.
1530 1829 1839 1894 Libertas
1896 1849 2089 1911 porro
2132 1829 2204 1893 in
2247 1848 2323 1894 eo

365 1929 484 1998 est,
529 1927 607 1983 ut
648 1937 793 1981 eam
839 1916 1078 1998 quibus
1113 1915 1262 1979 vult
1305 1915 1734 1999 impertiatur.
1825 1913 2222 1996 Quanquam
2266 1914 2322 1979 si

365 2013 674 2069 excutere
720 2001 935 2078 libeat,
981 2011 1229 2084 quanta
1273 2000 1381 2066 vel
1423 2002 1703 2080 inscitia,
1749 1999 1858 2065 vel
1899 2000 2321 2084 improbitate

362 2098 717 2172 pervertat,
762 2107 1185 2171 quaecunque
1227 2086 1352 2153 hoc
1394 2086 1535 2153 loco
1579 2088 1738 2152 citat
1780 2086 2143 2169 scripturae
2188 2095 2317 2152 tes·

360 2176 661 2253 timonia,
718 2175 1114 2240 immensum
1169 2178 1298 2238 erit
1354 2193 1553 2238 mare.
1647 2169 1985 2254 Scriptum
2030 2181 2158 2250 est,
2217 2173 2318 2236 in-

360 2263 518 2344 quit,
565 2281 773 2325 unum
816 2281 933 2325 nos
975 2278 1204 2324 61111166
1246 2257 1489 2324 habere
1534 2267 1790 2340 patrem
1835 2256 2070 2322 Deum.
2163 2258 2313 2323 Non

358 2368 399 2410 e
562 2346 669 2411 his
710 2357 901 2429 pater
943 2354 1061 2423 est,
1107 2343 1239 2410 illis
1281 2346 1570 2410 vitricus.
1636 2343 1892 2408 Verum
1935 2340 2111 2426 apud
2196 2364 2314 2410 uos

358 2368 692 2498 fflntur
732 2431 893 2498 haec
935 2429 1180 2497 verba?
1269 2428 1469 2514 Apud
1513 2428 1756 2507 fideles,
1802 2430 2049 2511 opinor.
2200 2429 2313 2494 uid

356 2539 521 2602 ergo
577 2517 701 2583 hoc
753 2517 836 2583 ad
886 2516 1231 2582 hominum
1286 2515 1786 2581 universitatem
1802 2513 1834 2578 ⁴?
1922 2513 2121 2596 Apud
2164 2515 2312 2581 Ma-

352 2604 650 2669 lachiam
695 2607 780 2688 (2,
824 2604 930 2686 10)
985 2600 1293 2668 habetur:
1352 2598 1691 2684 Numquid
1733 2620 1866 2664 non
1911 2621 2083 2666 unus
2128 2611 2314 2683 pater

355 2699 463 2755 est
519 2691 812 2754 omnium
866 2687 1207 2754 nostrum?
1307 2687 1404 2754 Ut
1460 2687 1691 2753 demus
1744 2685 1853 2751 hic
1910 2705 2046 2750 non
2102 2687 2313 2752 Abra-

354 2777 545 2853 ham,
605 2775 720 2841 sed
765 2776 982 2840 Deum
1025 2772 1531 2857 intelligendum
1585 2793 1759 2851 esso,
1814 2769 2135 2854 numquid
2179 2793 2313 2837 non

354 2861 443 2927 de
486 2861 753 2939 Israele,
799 2861 925 2927 hoo
969 2869 1086 2937 est,
1132 2858 1214 2924 de
1254 2859 1569 2943 peculiari
1609 2869 1676 2923 et
1709 2857 1914 2923 electo
1948 2858 2077 2922 Dei
2112 2877 2313 2942 grege

405 2945 679 3030 ropheta
718 2945 1048 3031 loquitur?
1115 2943 1360 3011 Suavis
1392 2945 1722 3010 universis
1755 2950 2062 3010 cantatur
2100 2965 2140 3009 a
2171 2944 2311 3009 Da-

353 3033 513 3099 vide
556 3033 763 3119 (Psal.
812 3037 952 3112 145,
992 3033 1079 3117 9).
1170 3029 1386 3109 Certe,
1428 3041 1497 3095 et
1535 3030 1988 3095 miserationes
2028 3030 2167 3095 eius
2201 3051 2311 3095 su-

350 3140 480 3203 per
521 3119 745 3184 omnia
786 3140 986 3202 opera
1028 3117 1188 3182 eius.
1276 3117 1543 3201 Ergone
1586 3116 1825 3198 spiritu
1871 3117 2311 3199 regeneratio-

350 3207 465 3270 nis
521 3218 587 3269 et
653 3225 966 3289 agrorum
1018 3223 1282 3287 peoora,
1349 3211 1416 3268 et
1463 3202 1677 3285 pisces
1730 3202 1964 3280 maris,
2033 3212 2101 3267 et
2154 3223 2311 3268 aves

348 3290 519 3358 coeli
556 3289 865 3357 donabit?
933 3291 1026 3355 At
1062 3289 1459 3354 suavitatem
1495 3288 1667 3353 hanc
1703 3287 2139 3371 experiuntur
2171 3308 2312 3352 om-

346 3399 506 3452 nes,
566 3375 678 3459 qui
731 3397 877 3442 eam
919 3373 1356 3441 amaritudine
1408 3395 1531 3438 sua
1575 3394 1706 3438 non
1752 3372 2095 3455 repellunt.
2180 3374 2313 3439 Fa-

344 3477 516 3527 teor.
616 3460 753 3528 Sed
806 3462 1095 3528 radicem
1148 3459 1603 3525 amaritudinis
1653 3458 1830 3523 solus
1883 3457 1994 3522 ille
2045 3460 2315 3541 spiritus

342 3571 439 3615 ex
484 3545 790 3614 cordibus
836 3547 1078 3613 nostris
1121 3546 1400 3625 revellit,
1446 3566 1566 3628 per
1610 3564 1804 3627 quem
1850 3554 2317 3610 consecrantur

344 3635 569 3712 electi,
611 3643 688 3699 ut
729 3653 898 3716 pura
940 3634 1074 3700 sint
1115 3653 1190 3698 ac
1234 3641 1465 3698 sancta
1507 3630 1637 3696 Dei
1683 3629 1944 3713 templa.

852 3889 952 3955 IN
997 3889 1369 3956 LIBRUM
1414 3888 1820 3955 SEXTUM.

529 4063 676 4127 Iam
722 4084 923 4144 quum
968 4082 1201 4145 parum
1246 4062 1457 4146 egisse
1498 4082 1568 4126 se
1612 4061 1964 4139 hactenus,
2021 4061 2091 4124 in
2134 4061 2318 4126 dam-

340 4148 583 4215 nanda
629 4157 857 4213 nostra
895 4146 1206 4227 doctrina,
1255 4157 1582 4225 cerneret,
1642 4146 1702 4210 si
1746 4148 2029 4211 rationes
2073 4168 2156 4212 ex
2202 4148 2317 4212 ad-

338 4256 553 4302 verso
597 4236 881 4299 intactas
926 4233 1356 4317 relinqueret,
1412 4233 1650 4316 quibus
1693 4244 1760 4296 et
1801 4231 2026 4298 multis
2071 4243 2138 4298 et
2182 4243 2320 4299 tam

330 4321 572 4388 firmis
615 4319 876 4384 munita
917 4329 1044 4396 est,
1103 4341 1214 4384 eas
1257 4339 1598 4385 recensere
1643 4329 1709 4382 et
1751 4319 2089 4384 confutare
2134 4328 2320 4384 sexto

330 4408 530 4474 libro
571 4405 877 4471 instituit.
937 4403 1191 4470 Saltem
1235 4405 1358 4471 hoc
1403 4404 1525 4469 sibi
1568 4405 1973 4487 propositum
2019 4426 2163 4471 esse
2206 4404 2319 4471 de-

328 4492 651 4561 nunciat.
741 4491 994 4556 Verum
1037 4493 1190 4573 quia
1230 4492 1354 4557 sibi
1396 4491 1467 4554 in
1511 4489 1634 4555 hac
1676 4493 1893 4574 operis
1934 4501 2123 4574 parte
2161 4512 2319 4557 suae

326 4577 832 4646 imMcillitatis
864 4583 1014 4658 [pag.
1043 4582 1189 4656 196]
1228 4577 1525 4642 conscius
1551 4584 1669 4652 est,
1706 4577 2130 4660 praecipuum
2164 4598 2319 4642 mox

326 4664 569 4732 robur
622 4666 690 4729 in
746 4685 821 4728 eo
872 4664 1071 4741 locat,
1127 4673 1207 4727 ut
1258 4663 1536 4727 lectores
1586 4661 1854 4744 penitus
1896 4683 1936 4727 a
1981 4662 2318 4728 rationum

326 4761 774 4827 nostrarum,
834 4771 967 4815 non
1022 4749 1325 4814 examine
1378 4745 1598 4826 modo,
1653 4745 1767 4812 sed
1820 4748 2019 4813 etiam
2072 4748 2319 4813 intuitu

321 4847 641 4905 avertat.
731 4834 1182 4919 Quaecunque
1201 4884 1219 4912 ,
1270 4834 1512 4915 inquit,
1570 4833 1935 4917 scripturae
1977 4833 2318 4932 proferan-

320 4937 508 5000 tur,
567 4923 637 4985 in
692 4921 824 4986 illis
866 4943 937 4988 se
982 4921 1098 5001 tis,
1139 4940 1307 5003 quae
1351 4919 1471 4985 tibi
1515 4918 1942 4998 circumdedi,
1990 4918 2317 4985 inclusum

320 5025 417 5077 te
469 5007 835 5073 contineas.
985 5015 1050 5072 st
1086 5007 1264 5072 enim
1302 5005 1660 5072 catholicae
1693 5005 2001 5072 ecclesiae
2044 5025 2318 5070 consen-

322 5116 480 5165 sus
495 5145 513 5173 ,
583 5116 624 5158 a
684 5112 816 5174 quo
885 5092 993 5160 vel
1062 5093 1413 5158 minimum
1489 5091 1794 5158 recedere
1862 5090 2129 5158 exitiale
2197 5098 2314 5156 est.

322 5176 552 5265 Quid
595 5187 847 5257 autem,
901 5179 957 5243 si
1000 5177 1182 5243 aliud
1224 5186 1402 5244 certo
1446 5197 1531 5242 ex
1582 5178 1905 5261 scriptura
1946 5175 2315 5245 evincitur?

318 5265 556 5338 Nihil
608 5275 705 5344 te,
750 5264 993 5347 inquit,
1050 5271 1265 5329 totum
1317 5262 1385 5328 id
1428 5275 1707 5330 moveat.
1797 5262 1980 5345 Quin
2022 5264 2221 5329 etiam
2263 5264 2320 5328 si

1861 357 1990 422 DE
2035 356 2392 424 LIBERO
2435 358 2911 425 ARBITfflO.

4278 372 4410 436 374

2444 547 2700 625 videas,
2758 552 3083 617 caecutire
3135 561 3201 616 te
3257 558 3435 635 puta.
3528 552 3768 619 Postea
3825 561 4052 621 tamen
4103 577 4186 621 ex
4231 558 4402 624 inte-

2441 655 2562 719 gro
2605 636 2867 701 solitam
2917 636 3385 702 confidentiam
3441 638 3747 703 resumit:
3816 640 4273 726 facturumque
4329 666 4400 710 se

2440 721 2706 804 recipit,
2751 731 2827 786 ut
2867 742 3097 788 omnes
3141 721 3411 788 videant
3429 774 3446 802 ,
3498 724 3668 788 nihil
3709 726 3779 788 in
3822 726 3990 792 meis
4032 728 4398 796 rationibus

2440 806 2774 872 firmitatis
2840 828 3000 874 esse.
3102 809 3482 888 Caeterum,
3549 810 3858 892 quoniam
3923 813 4152 878 multis
4219 825 4396 882 retro

2437 892 2715 958 saeculis
2749 895 3122 976 opinionem
3159 893 3331 959 hanc
3365 903 3696 979 receptam
3731 897 3935 981 vulgo
3973 899 4174 964 fuisse
4210 899 4394 966 dixe-

2435 998 2581 1041 ram
2596 1029 2611 1055 ,
2669 978 3003 1045 hominem
3055 979 3261 1045 libera
3304 989 3372 1046 et
3414 980 3735 1046 bonorum
3779 991 3848 1047 et
3887 984 4213 1049 malorum
4254 1007 4393 1051 om-

2435 1064 2619 1127 nium
2682 1072 3003 1146 potestate
3061 1065 3156 1130 sic
3211 1084 3355 1130 esse
3407 1065 3805 1149 praeditum,
3861 1076 3939 1133 ut
3994 1090 4187 1135 nemo
4241 1093 4388 1155 peo-

2434 1148 2626 1214 candi
2672 1150 3045 1216 necessitati
3088 1149 3439 1228 subiaceat,
3486 1173 3678 1216 nemo
3724 1154 3958 1235 spiritu
3994 1155 4123 1221 Dei
4168 1177 4389 1222 neces-

2433 1236 2607 1300 sario
2660 1234 2743 1299 ad
2797 1236 3044 1301 bonum
3108 1235 3457 1320 dirigatur,
3538 1237 3721 1302 illam
3785 1239 4028 1304 iterum
4094 1250 4392 1309 veterum

2433 1321 2831 1404 scriptorum
2895 1329 3226 1388 catervam
3279 1321 3353 1385 in
3416 1322 3623 1389 aciem
3691 1322 3936 1390 educit:
4003 1347 4131 1409 quo
4187 1327 4385 1408 hunc,

2432 1427 2627 1488 quem
2684 1404 2960 1490 repudio
2978 1457 2994 1485 ,
3055 1427 3467 1472 communem
3517 1408 3718 1473 fuisse
3762 1409 4070 1477 ecclesiae
4110 1433 4388 1479 consen-

2432 1512 2580 1556 sum
2647 1492 3070 1557 demonstret.
3171 1491 3425 1557 Verum
3493 1493 3738 1559 frustra
3800 1495 4053 1561 laborat
4117 1517 4229 1564 eos
4292 1501 4385 1566 ci-

2430 1577 2663 1655 tand0,
2717 1599 2869 1644 cum
2923 1576 3161 1661 quibus
3215 1577 3384 1643 libro
3441 1577 3727 1644 secundo
3780 1581 3910 1645 iam
3968 1584 4258 1667 transegi
4308 1606 4383 1652 ac

2429 1665 2779 1747 composui.
2870 1662 3269 1747 Quanquam
3323 1663 3539 1730 locum
3596 1664 3774 1730 hunc
3825 1687 4048 1732 meum
4093 1669 4187 1734 sic
4229 1689 4383 1736 con-

2430 1751 2634 1815 vertit
2676 1749 2977 1833 Pighius,
3023 1757 3098 1814 ut
3139 1770 3250 1815 eos
3293 1770 3520 1814 omnes
3563 1750 3934 1833 improbare
3979 1751 4226 1834 videar,
4271 1757 4385 1839 qui

2428 1833 2763 1900 hominem
2809 1833 3127 1900 violenter
3171 1836 3314 1919 cogi
3360 1856 3494 1899 non
3537 1837 3850 1916 fatentur,
3899 1858 4105 1920 quum
4150 1840 4382 1906 volun-

2425 1920 2673 1986 tarium
2737 1929 3038 2004 oportere
3100 1941 3243 1986 6666
3297 1941 3493 2004 opus,
3554 1929 3906 2005 antequam
3962 1923 4209 1989 bonum
4264 1935 4383 1992 aut

2424 2006 2673 2072 malum
2725 2007 2842 2084 sit,
2908 2008 3099 2072 toties
3153 2005 3454 2085 doceam,
3515 2015 3582 2071 et
3633 2009 3705 2073 in
3747 2008 4158 2076 excludenda
4200 2032 4380 2078 coac-

2423 2092 2603 2157 tione
2679 2113 2755 2158 ac
2822 2092 3136 2158 violentia
3214 2101 3351 2156 tam
3426 2090 3777 2176 diligenter
3843 2101 4148 2162 versatus
4234 2099 4375 2162 sim.

2419 2178 2616 2243 Nunc
2660 2189 2734 2243 ut
2774 2177 3157 2263 intelligant
3196 2177 3488 2255 lectores,
3534 2198 3665 2262 qua
3707 2178 3788 2243 de
3828 2199 3900 2243 re
3942 2201 4201 2246 mecum
4238 2204 4379 2249 cer-

2420 2271 2544 2328 tet:
2612 2264 2785 2346 quod
2840 2264 2983 2329 Deo
3051 2271 3390 2346 acceptum
3450 2263 3682 2328 referri
3738 2261 3976 2331 debere
4033 2266 4376 2348 tradimus,

2417 2349 2732 2432 quidquid
2774 2350 2845 2414 in
2890 2350 3076 2416 nobis
3122 2359 3224 2415 est
3264 2348 3439 2426 boni,
3485 2349 3764 2413 libenter
3795 2351 4087 2433 recipere
4130 2373 4201 2418 se
4243 2360 4377 2419 tes-

2417 2443 2626 2501 tatur:
2683 2434 2797 2500 sed
2838 2456 3042 2518 quum
3098 2434 3366 2500 modum
3410 2435 3780 2517 exprimere
3823 2435 4199 2518 incipimus,
4244 2460 4373 2521 quo

2417 2522 2737 2587 bonorum
2781 2522 3075 2586 omnium
3123 2528 3314 2585 autor
3356 2520 3426 2584 in
3472 2519 3659 2585 nobis
3703 2522 3789 2585 sit
3828 2520 4041 2600 Deus,
4084 2522 4192 2589 hic
4237 2532 4372 2590 sta·

2416 2607 2539 2672 tim
2582 2606 2860 2673 resistit:
2920 2607 3075 2690 quia
3116 2613 3324 2670 totum
3372 2627 3504 2670 non
3548 2604 3739 2670 aliter
3793 2606 3992 2672 tribui
4037 2608 4181 2674 Deo
4224 2631 4371 2675 sus·

2417 2693 2615 2773 tinet,
2659 2693 2791 2757 nisi
2833 2701 2911 2757 ut
2951 2712 3107 2776 pars
3153 2690 3402 2757 homini
3459 2691 3885 2774 relinquatur.
3974 2693 4204 2760 Primo
4247 2696 4370 2779 igi·

2414 2786 2558 2856 tur,
2617 2799 2817 2861 quum
2871 2777 3092 2844 locum
3142 2776 3321 2842 hunc
3376 2776 3654 2858 apostoli
3720 2777 4168 2859 protulissem:
4232 2779 4366 2862 Qui

2415 2865 2632 2948 coepit
2690 2864 2761 2929 in
2804 2862 2992 2929 vobis
3045 2884 3209 2947 opus
3264 2863 3541 2939 bonum,
3599 2862 3891 2945 perficiet
3934 2864 4137 2948 (Phil.
4184 2870 4237 2946 1,
4279 2868 4364 2951 6),

2415 2947 2822 3015 addideram:
2876 2949 3141 3014 Bonum
3204 2969 3367 3031 opus
3408 2947 3707 3013 inchoari
3762 2970 3802 3013 a
3842 2949 3990 3014 Deo
4044 2950 4117 3014 in
4160 2953 4367 3032 nobis,

2413 3036 2705 3101 iustitiae
2762 3045 2830 3101 et
2882 3056 3173 3102 amorem
3227 3043 3294 3100 et
3356 3033 3754 3099 desiderium
3809 3044 3877 3099 et
3941 3036 4234 3102 studium
4296 3039 4370 3103 in

2415 3122 2604 3187 nobis
2647 3120 3012 3196 excitando,
3064 3125 3214 3200 [pag.
3266 3124 3412 3199 197]
3454 3119 3562 3186 vel
3605 3120 3821 3204 magis
3854 3123 4135 3204 proprie,
4172 3122 4369 3190 corda

2414 3214 2647 3273 nostra
2687 3205 3029 3272 formando
3044 3257 3059 3283 ,
3113 3202 3435 3272 flectendo
3450 3256 3466 3284 ,
3526 3203 3868 3289 dirigendo
3911 3207 3981 3271 in
4024 3208 4366 3275 iustitiam.

2413 3293 2715 3358 Priorem
2760 3291 3189 3375 expositionis
3244 3297 3498 3373 partem
3541 3290 3686 3354 61116
3738 3293 4184 3359 controversia
4226 3315 4366 3359 am-

2416 3378 2729 3461 plectitur
2778 3378 3089 3461 Pighius:
3159 3378 3228 3440 in
3284 3375 3495 3440 altera
3559 3385 3934 3458 suspectum
3992 3399 4100 3442 me
4154 3377 4371 3456 habet,

2416 3463 2592 3547 quod
2620 3485 2679 3545 ‚a
2721 3463 3058 3530 communi
3099 3462 3356 3544 piorum
3401 3483 3524 3525 usu
3558 3460 3876 3540 recedam,
3921 3483 4126 3545 quum
4163 3464 4374 3530 homi-

2418 3571 2586 3615 num
2631 3547 2827 3614 corda
2871 3548 3012 3614 dico
3055 3546 3343 3625 formari,
3386 3545 3564 3612 flecti
3608 3566 3685 3611 ac
3728 3545 3942 3631 dirigi.
4031 3548 4252 3625 Itane,
4301 3557 4375 3616 ut

2423 3655 2663 3714 novae,
2720 3643 2790 3701 et
2842 3655 2882 3699 a
2924 3633 3255 3701 communi
3307 3631 3605 3697 fidelium
3658 3652 3858 3697 6611611
3915 3631 4166 3699 alienae
4220 3656 4375 3702 cen-

2421 3729 2698 3787 seantur
2747 3720 3192 3805 loquutiones,
3250 3739 3416 3801 quae
3470 3729 3539 3782 et
3589 3717 3838 3799 passim
3893 3732 4247 3786 occurrunt
4303 3723 4377 3786 in

2421 3807 2795 3892 scripturis,
2851 3815 2919 3871 et
2984 3803 3438 3872 ecclesiasticis
3491 3801 3916 3885 scriptoribus
3981 3803 4258 3872 subinde
4306 3810 4379 3872 in

2423 3916 2536 3959 ore
2581 3892 2778 3960 sunt?
2869 3890 3091 3974 Supra
3134 3890 3449 3957 ducentos
3499 3887 3673 3960 locos
3718 3910 3799 3954 ex
3843 3890 4217 3973 Augustino
4261 3892 4379 3958 ad-

2425 3978 2665 4045 ducere
2708 3978 2872 4043 mihi
2914 3978 3102 4043 facile
3146 3976 3260 4054 sit,
3317 3975 3431 4040 ubi
3473 3975 3616 4039 istis
3661 3974 3878 4040 verbis
3923 3976 4148 4042 utitur.
4239 3977 4374 4044 Sed

2424 4065 2582 4148 quid
2639 4064 2910 4150 spiritus
2964 4069 3228 4129 sanctus
3295 4061 3366 4125 in
3423 4061 3793 4143 scripturis,
3860 4060 4038 4125 unde
4095 4061 4378 4146 petenda

2424 4160 2526 4216 est
2571 4149 2736 4216 bene
2788 4147 3097 4232 loquendi
3151 4146 3425 4232 regula?
3515 4146 3711 4212 Hanc
3752 4146 3984 4211 orandi
4027 4148 4376 4215 formulam

2423 4258 2644 4302 nonne
2688 4235 2894 4301 dictat
2945 4233 3279 4300 fidelibus:
3336 4231 3595 4297 Inclina
3651 4252 3764 4298 cor
3808 4253 4029 4297 meum
4072 4234 4145 4298 in
4191 4237 4378 4300 testi-

2422 4322 2648 4388 monia
2690 4332 2821 4399 tua,
2867 4319 3154 4386 Domine
3192 4319 3395 4402 (Psal.
3443 4324 3581 4395 119,
3620 4319 3750 4401 36).
3842 4318 4041 4383 Item:
4087 4319 4376 4386 Inclinet

2420 4408 2749 4473 Dominus
2792 4426 2904 4473 cor
2944 4413 3244 4472 nostrum
3287 4404 3371 4469 ad
3415 4425 3503 4480 so,
3548 4413 3628 4467 ut
3677 4403 4088 4470 ambulemus
4129 4406 4200 4470 in
4238 4428 4378 4472 om-

2422 4493 2618 4559 nibus
2670 4514 2902 4576 praece
2948 4493 3036 4557 tis
3079 4492 3218 4558 suis
3260 4490 3326 4576 (1
3377 4489 3542 4573 Reg.
3581 4495 3641 4568 8,
3683 4489 3812 4573 58).
3898 4490 4103 4556 Item:
4145 4491 4380 4557 Domi-

2421 4601 2550 4644 nus
2607 4587 2830 4645 autem
2936 4578 3130 4663 'rigat
3180 4575 3377 4643 corda
3431 4583 3652 4642 vestra
3704 4576 3775 4638 in
3832 4576 4172 4641 caritatem
4226 4577 4378 4654 Dei,

2422 4674 2491 4728 et
2554 4665 3108 4749 exspectationem
3177 4661 3429 4728 Christi
3496 4662 3565 4744 (2
3616 4659 3845 4725 Thess.
3897 4666 3955 4738 3,
4007 4667 4094 4740 5).
4197 4663 4379 4745 Quid

2421 4749 2661 4834 plura?
2749 4749 2953 4814 Nulla
3003 4759 3104 4814 est
3153 4747 3560 4830 frequentior
3612 4747 3857 4812 sanctis
3898 4750 4104 4813 oratio
4120 4800 4137 4829 ,
4181 4771 4378 4833 quam

2421 4845 2500 4902 ut
2553 4836 2682 4910 Dei
2741 4834 2981 4919 spiritu
3043 4834 3117 4898 in
3184 4833 3362 4900 viam
3426 4840 3675 4897 rectam
3741 4831 4131 4917 dirigantur.
4230 4836 4376 4900 Imo

2422 4943 2623 5005 quum
2671 4928 2738 4986 et
2778 4919 2975 4988 corda
3015 4919 3388 5003 impiorum,
3432 4939 3596 5000 quos
3639 4918 3876 5000 spiritu
3921 4940 4040 4984 6116
4079 4921 4377 5003 speciali-

2422 5015 2528 5073 ter
2579 5028 2713 5073 non
2779 5006 3130 5092 gubernat,
3201 5005 3333 5071 huc
3384 5003 3575 5082 111116,
3629 5011 3826 5086 prout
3883 5004 4102 5071 visum
4157 5006 4376 5086 fuerit,

2420 5094 2688 5159 flectere
2742 5114 2813 5158 se
2870 5090 3048 5158 dicat
3061 5142 3076 5171 ,
3130 5089 3289 5174 quid
3340 5089 3421 5156 de
3484 5088 3790 5155 fidelibus
3842 5088 4194 5156 dicendum
4257 5103 4378 5170 est,

2470 5179 2537 5243 ui
2590 5199 2723 5244 non
2778 5200 2884 5243 am
2931 5178 3062 5243 lius
3116 5177 3238 5244 sibi
3296 5178 3557 5255 vivunt,
3616 5174 3731 5241 sed
3785 5176 3857 5239 in
3911 5175 4151 5258 quibus
4209 5178 4383 5245 vivit

2482 5262 2779 5330 hristus?
2881 5198 3072 5330 Sicut
3124 5265 3347 5329 fluxus
3395 5282 3749 5347 aquarum,
3800 5261 4019 5343 inquit
4062 5259 4382 5328 Solomon

3865 5360 3966 5415 2⁴*
