4967 5992
357 385 482 446 289

353 569 736 635 voluntatis.
813 566 1008 632 Nunc
1053 588 1136 631 ex
1181 567 1462 632 adverso
1508 565 1765 632 concilii
1794 567 2240 633 Auransicani
2266 566 2317 648 ¹)

352 655 613 741 profero
649 652 1009 717 decretum:
1031 653 1089 737 ²)
1135 651 1215 718 Si
1250 655 1413 736 quis,
1459 659 1534 717 ut
1568 673 1607 715 a
1641 660 1903 734 peccato
1938 674 2316 736 purgemur,

353 741 765 804 voluntatem
835 746 1134 802 nostram
1198 739 1419 803 Deum
1498 744 1878 820 exspectare
1958 737 2314 816 contendit,

353 846 489 892 non
527 832 772 902 autem,
833 832 908 888 ut
950 824 1148 888 etiam
1194 825 1464 907 purgari
1509 823 1788 889 velimus
1804 876 1817 900 ,
1873 844 1994 905 per
2047 824 2320 906 spiritus

354 912 570 977 sancti
615 910 1065 992 operationem
1107 911 1178 974 in
1222 908 1407 974 nobis
1451 911 1595 974 fieri
1639 911 2021 989 confitetur,
2067 909 2319 974 resistit

354 996 616 1080 spiritui
657 1003 883 1060 sancto
934 1014 1055 1077 per
1088 995 1514 1062 Solomonem
1556 995 1825 1060 dicenti:
1868 996 2320 1078 Praeparatur

356 1105 399 1147 a
441 1081 729 1146 Domino
775 1080 1097 1145 voluntas.
1189 1078 1304 1146 Sic
1358 1082 1536 1145 inter
1579 1080 1866 1145 hominis
1909 1081 2317 1147 voluntatem

355 1176 426 1233 et
484 1166 614 1231 Dei
669 1167 951 1250 gratiam
1009 1166 1344 1232 distribuit
1398 1166 1730 1242 Hilarius,
1785 1175 1862 1230 ut
1913 1166 2316 1248 principium

356 1253 440 1319 ad
483 1252 667 1316 illam
715 1253 982 1329 referat,
1042 1250 1340 1318 adiuvari
1396 1261 1623 1336 postea
1677 1251 1853 1317 dicat
1895 1252 2026 1316 Dei
2070 1252 2314 1336 gratia:

356 1339 704 1404 concilium
749 1358 859 1402 eos
904 1339 1176 1419 spiritus
1222 1339 1432 1403 sancti
1478 1338 1701 1401 hostes
1744 1339 2152 1419 pronunciat,
2204 1338 2328 1419 qui·

355 1427 449 1492 sic
494 1425 808 1502 sentiunt,
853 1423 962 1489 vel
1004 1422 1383 1505 loquuntur.
1473 1422 1604 1488 Ubi
1649 1444 1828 1489 nunc
1871 1424 1987 1487 illa
2033 1431 2134 1488 est
2177 1431 2315 1487 tam

355 1517 538 1576 certa
593 1509 885 1573 definitio
901 1559 915 1584 ‚
975 1527 1175 1591 quam
1217 1509 1498 1592 Pighius
1554 1508 1750 1572 tertio
1806 1528 2061 1591 quoque
2114 1508 2317 1575 verbo

353 1594 648 1660 iactitat?
735 1594 820 1658 In
881 1593 1088 1658 altero
1144 1594 1388 1658 Hilarii
1456 1593 1596 1659 loco
1662 1595 1755 1658 sic
1815 1594 2125 1659 habetur:
2189 1594 2319 1659 Est

355 1702 535 1765 ergo,
580 1699 781 1761 quum
827 1700 1109 1756 oramus,
1156 1701 1195 1744 a
1239 1681 1427 1745 nobis
1470 1679 1831 1758 exordium,
1879 1686 1954 1743 ut
1995 1701 2241 1744 munus
2278 1699 2318 1742 a

353 1766 504 1831 Deo
548 1767 649 1830 sit.
739 1765 919 1830 Huic
975 1765 1216 1830 iterum
1262 1766 1543 1830 alterum
1589 1763 1884 1830 eiusdem
1929 1765 2164 1852 synodi
2210 1786 2316 1830 ca·-

354 1861 478 1934 put
517 1856 666 1929 [pag.
708 1854 814 1929 79]
858 1870 1143 1933 oppono:
1165 1851 1224 1934 3)
1290 1849 1367 1916 Si
1411 1851 1555 1932 quis
1601 1852 1743 1915 sine
1787 1852 2002 1935 gratia
2028 1849 2157 1915 Dei
2200 1871 2319 1915 vo-

354 1935 644 2002 lentibus
661 1988 676 2015 ,
721 1935 1200 2012 laborantibus,
1248 1935 1694 2015 studentibus,
1740 1937 2157 2014 conantibus,
2202 1956 2317 2019 pe-

357 2022 671 2098 tentibuS,
719 2023 1183 2104 quaerentibus
1199 2074 1214 2100 ,
1259 2021 1675 2104 pulsantibus
1716 2022 1906 2086 nobis
1949 2023 2317 2087 misericor-

357 2107 538 2173 diam
581 2107 741 2172 dicit
781 2107 1092 2185 conferri,
1137 2129 1271 2172 non
1314 2116 1532 2172 autem
1578 2107 1925 2186 divinitus,
1970 2116 2047 2171 ut
2090 2107 2317 2173 creda-

357 2214 524 2273 mus,
574 2192 880 2271 velimus,
925 2200 1256 2276 petamus,
1299 2199 1370 2257 et
1411 2193 1633 2258 omnia
1675 2193 1867 2272 haec,
1912 2194 2086 2259 sicut
2127 2214 2317 2276 opor-

357 2287 485 2357 tet,
554 2298 750 2362 agere
803 2277 1175 2357 valeamus,
1241 2298 1361 2360 per
1414 2279 1721 2361 spiritum
1785 2280 1856 2342 in
1921 2280 2108 2344 nobis
2171 2279 2317 2344 fieri

355 2366 726 2438 confitetur,
769 2364 1019 2427 resistit
1050 2383 1091 2426 a
1175 2363 1339 2428 stolo
1373 2363 1644 2428 dicenti:
1692 2361 1873 2445 Quid
1906 2364 2107 2429 habes
2144 2362 2316 2448 quod

353 2472 496 2515 non
561 2450 890 2531 acceperis
958 2449 1023 2532 (l
1126 2470 1216 2513 or.
1267 2457 1325 2526 4,
1366 2448 1473 2533 7)?
1565 2448 1671 2514 De
1735 2449 1865 2515 fide
1928 2451 2317 2515 nominatim

353 2537 482 2601 hoc
539 2534 842 2598 Hilarius
898 2536 1161 2612 asserit,
1229 2536 1369 2599 eius
1423 2535 1686 2599 initium
1743 2537 1816 2599 in
1872 2536 2058 2601 nobis
2115 2536 2317 2601 situm

353 2639 523 2688 esse.
597 2620 806 2702 Atqui
858 2619 1055 2704 longe
1106 2618 1287 2684 aliud
1341 2619 1594 2684 concilii
1639 2622 1842 2685 verba
1894 2628 2147 2687 sonant.
2240 2619 2312 2686 Si

354 2706 507 2791 quis
546 2712 686 2769 tam
729 2705 992 2769 initium
1036 2725 1234 2788 quam
1278 2713 1707 2789 augmentum
1752 2707 1933 2783 fidei,
1990 2715 2056 2772 et
2096 2707 2117 2771 i
2168 2727 2316 2772 sum

353 2788 667 2858 credendi
711 2790 1049 2869 affectum,
1106 2811 1240 2855 non
1296 2812 1417 2873 per
1458 2793 1708 2876 gratiae
1753 2792 2027 2866 donum,
2083 2794 2104 2856 i
2197 2801 2315 2869 est,

354 2878 631 2960 spiritus
666 2876 876 2941 sancti
916 2877 1380 2959 operationem,
1427 2879 1866 2961 corrigentem
1906 2879 2317 2944 voluntatem

353 2967 674 3028 nostram'
705 2961 788 3026 ab
845 2961 1232 3026 infidolitate
1286 2962 1371 3027 ad
1429 2962 1654 3041 fidem,
1714 2964 1795 3028 ab
1847 2964 2184 3046 impietate
2233 2962 2317 3028 ad

354 3050 692 3132 pietatem,
739 3046 854 3112 sed
898 3047 1291 3112 naturaliter
1334 3049 1522 3114 nobis
1579 3050 1795 3114 inesse
1848 3048 2005 3113 dicit
2019 3102 2034 3129 ,
2081 3047 2316 3114 adver-

356 3139 547 3200 satur
591 3132 883 3215 apostolo
927 3132 1196 3198 dicenti:
1242 3131 1377 3213 Qui
1421 3133 1636 3216 coepit
1674 3135 1746 3198 in
1784 3135 1970 3200 vobis
2005 3156 2168 3217 opus
2201 3135 2317 3200 bo-

356 3240 553 3296 num,
609 3219 901 3300 perficiet
954 3239 1161 3300 usque
1216 3219 1286 3282 in
1346 3218 1519 3283 diem
1572 3219 1841 3283 Domini
1900 3220 2055 3285 Iesu
2111 3220 2314 3304 (Phil.

362 3309 419 3382 1,
469 3304 559 3386 6).
652 3302 991 3384 Quidquid
1042 3325 1125 3367 ex
1179 3303 1441 3367 Hilario
1497 3303 1765 3369 adducit
1820 3304 2134 3388 Pighius,
2199 3326 2319 3388 pro

355 3397 598 3455 testata
642 3389 952 3453 ecclesiae
993 3386 1346 3453 traditione
1389 3389 1535 3453 vult
1581 3388 1829 3454 haberi.
1921 3388 2070 3470 Quo
2113 3390 2135 3454 i
2188 3391 2323 3454 'tur

355 3476 500 3540 loco
540 3474 923 3539 habebimus
965 3473 1132 3539 illud
1186 3474 1580 3539 concilium?
1670 3472 1863 3554 Quod
1903 3483 2170 3541 tamets1
2212 3496 2320 3541 ae-

356 3567 497 3625 tate
541 3562 629 3625 sit
670 3561 1024 3641 posterius,
1082 3561 1433 3624 autoritate
1484 3568 1708 3624 tamen
1753 3560 1984 3627 cedere
2023 3583 2161 3626 non
2205 3561 2318 3627 de-

355 3647 489 3711 bet.
581 3645 983 3710 Praesertim
1042 3665 1248 3726 quum
1293 3645 1459 3709 nihil
1504 3645 1684 3710 aliud
1727 3667 1923 3728 quam
1968 3648 2318 3729 superiori-

357 3731 484 3797 bus
529 3730 821 3796 conciliis
840 3782 853 3806 ,
897 3730 1410 3814 Carthaginensi
1457 3741 1523 3795 et
1567 3731 1991 3807 Milevitano‚
2039 3732 2319 3798 subscri-

354 3818 490 3883 bat.
555 3817 1004 3899 Augustinum
1044 3816 1259 3882 adhuc
1293 3825 1491 3893 taem,
1538 3818 1650 3899 (1111
1694 3820 2048 3900 separatim
2092 3826 2318 3900 postea

355 3925 478 3969 0110
523 3901 752 3966 ordine
799 3902 956 3965 dum
1001 3902 1316 3985 prodibit,
1373 3911 1580 3967 totam
1625 3904 1849 3988 Pighii
1906 3903 2314 3969 harmoniam

399 4009 632 4053 rorsus
687 3987 995 4051 turbabit.
1088 3986 1282 4068 Quod
1328 3989 1385 4053 si
1426 3991 1740 4071 temporis
1788 3997 1855 4054 et
1896 3991 2010 4054 otii
2055 3997 2318 4054 tantum

397 4082 655 4150 aretur,
720 4072 890 4155 quod
945 4072 1099 4137 huic
1156 4074 1254 4136 rei
1311 4075 1469 4139 satis
1534 4077 1729 4139 foret:
1798 4075 2101 4141 collectas
2161 4075 2318 4140 hino

353 4159 512 4225 inde
555 4169 857 4223 veterum
904 4160 1266 4222 sententias
1309 4159 1484 4224 inter
1526 4181 1595 4224 se
1638 4160 2062 4236 conferendo,
2119 4181 2314 4242 quam

353 4246 627 4311 infirma
670 4266 754 4309 ex
797 4243 928 4308 illis
974 4243 1293 4308 habeatur
1335 4246 1635 4327 perpetui
1688 4246 2000 4311 ecclesiae
2044 4267 2317 4311 consen-

353 4353 470 4396 sus
516 4329 833 4414 probatio,
878 4329 1096 4412 palam
1138 4330 1440 4394 facerem.
1531 4328 1666 4395 Sed
1710 4333 2019 4412 quoniam
2063 4331 2144 4395 ad
2187 4331 2317 4396 alia

351 4437 465 4482 me
527 4416 842 4497 temporis
883 4414 1196 4480 'brevitas
1261 4415 1571 4479 festinare
1637 4418 1837 4499 cogit,
1905 4416 2031 4480 hoc
2093 4416 2316 4481 labore

353 4523 535 4567 nuno
589 4499 1004 4583 supersedeo.
1095 4498 1445 4582 Specimen
1510 4507 1731 4564 tamen
1793 4501 1918 4567 1100
1971 4502 2046 4564 111
2097 4510 2316 4567 trans-

355 4605 558 4651 cursu
598 4587 891 4669 proferre
931 4584 1143 4656 libuit,
1192 4585 1370 4649 unde
1415 4585 1856 4650 coniecturam
1899 4587 2143 4652 faciant
2185 4587 2316 4652 100-

353 4680 564 4750 tores,
611 4671 822 4753 qualis
865 4672 1091 4735 futura
1133 4679 1308 4736 esset
1349 4668 1504 4735 fidei
1545 4678 1809 4735 nostrae
1852 4673 2204 4750 certitudo,
2260 4674 2318 4736 si

351 4758 443 4822 Pi
491 4757 603 4821 hio
662 4758 1199 4839 obsequeremur:
1257 4755 1418 4820 dum
1467 4755 1633 4819 nihil
1687 4756 1877 4821 nobis
1934 4765 2185 4822 certum
2245 4759 2314 4820 in

349 4841 681 4926 religione
739 4842 980 4907 habere
1036 4842 1390 4925 permittit,
1451 4840 1582 4907 nisi
1639 4840 1811 4924 quod
1868 4861 1952 4905 ex
2005 4841 2317 4907 ecclesiae

502 5082 562 5146 1)
629 5080 1142 5135 Amseelodamenoe’s
1202 5079 1481 5134 emendat.-
1540 5082 1876 5136 Arausicani.
1954 5078 2178 5132 Gallus=
2241 5079 2312 5133 du

349 5149 570 5233 cpucile
619 5147 998 5218 d’Arausiqu03
1037 5147 1198 5203 1611:
1236 5148 1558 5218 d'Aurange.
1605 5151 1851 5203 Arausio
1888 5147 2152 5218 oppidum
2180 5145 2311 5202 Gal-

345 5219 470 5274 bae
502 5217 666 5271 hodie
706 5216 925 5288 Oranqe
956 5217 1280 5286 appellatur.

498 5285 562 5352 2)
597 5285 727 5354 Cap.
760 5284 812 5339 4.
1085 5285 1148 5350 3)
1185 5288 1316 5355 Cap.
1353 5283 1406 5339 6.

577 5370 799 5426 Calvisi
831 5385 1015 5439 opera.
1079 5371 1194 5426 Vol.
1242 5370 1339 5426 VI.

1843 377 1974 445 DE
2018 377 2374 446 LIBERO
2415 377 2891 444 ARBITRIO.

4260 385 4389 447 290

2422 564 2773 639 traditione
2816 566 3150 650 prodierit,
3197 575 3266 633 et
3308 568 3389 635 ab
3432 570 3574 651 ipso
3617 567 3928 633 ecclesiae
3964 569 4253 648 exordio,
4301 571 4387 636 ad

2418 659 2714 717 nostram
2756 675 2967 736 usque
3011 660 3311 733 aetatem,
3358 661 3679 737 perpetua
3722 654 4130 719 successione
4174 657 4390 722 fluxe-2

2421 740 2524 801 rit.
2618 738 2811 819 Quod
2881 741 2934 804 si
2996 740 3450 823 exceptionem
3506 739 3588 804 ab
3643 740 4050 823 Augustino,
4117 761 4247 823 qua
4310 744 4385 806 in

2423 822 2653 888 eadem
2694 829 2841 904 [pag.
2882 829 2990 904 80]
3035 846 3233 891 causa
3275 826 3514 902 utitur,
3561 824 3856 889 mutuari
3897 824 4120 903 velim,
4166 835 4382 909 nemo,

2422 909 2552 974 nisi
2609 909 2802 974 valde
2867 911 3137 994 iniquus
3154 963 3169 990 ,
3237 911 3500 993 opinor,
3569 931 3770 992 quum
3828 910 3916 974 sit
3968 912 4381 993 aequissima,

2421 993 2810 1077 repudiabit.
2898 997 3072 1061 Nam
3129 1017 3331 1078 quum
3397 1017 3477 1060 ex
3535 994 3814 1060 adversa
3866 1002 4055 1079 parte
4115 998 4385 1080 quidam

2422 1082 2833 1162 acquiescere
2888 1104 2959 1146 se
3016 1088 3279 1164 paratos
3337 1084 3801 1164 profiterentur
3817 1132 3833 1160 ,
3904 1081 3962 1144 si
4016 1081 4386 1149 doctrinam

2421 1187 2610 1231 suam
2645 1174 2905 1249 patrum
2943 1167 3295 1231 autoritate
3335 1167 3660 1249 probaret,
3704 1166 4056 1249 respondet
4090 1167 4194 1232 his
4231 1191 4385 1234 ver-

2419 1250 2539 1316 bis.
2641 1250 2820 1331 Quid
2884 1253 3091 1335 igitur
3154 1273 3316 1334 opus
3383 1259 3512 1328 est,
3575 1258 3653 1316 ut
3719 1271 3947 1316 eorum
4012 1260 4388 1321 scrutemur

2421 1337 2752 1419 opuscula,
2800 1339 2911 1420 qui
2958 1338 3342 1420 priusquam
3387 1337 3514 1401 ista
3555 1336 3851 1402 haeresis
3896 1339 4198 1420 oriretur,
4250 1362 4385 1406 non

2420 1422 2800 1487 habuerunt
2854 1423 3318 1488 necessitatem
3369 1422 3441 1486 in
3497 1422 3622 1487 1100
3680 1420 3927 1486 difficili
3981 1424 4062 1488 ad
4118 1426 4385 1490 solven-

2423 1508 2585 1572 dum
2640 1511 3020 1592 quaestione
3076 1507 3371 1573 versari?
3437 1507 3609 1590 quod
3676 1509 3901 1589 procul
3958 1509 4152 1575 dubio
4209 1513 4383 1577 face-

2421 1601 2599 1672 rent,
2658 1595 2716 1659 si
2761 1595 3158 1677 respondere
3215 1593 3457 1659 talibus
3501 1601 3911 1675 cogerentur.
4001 1595 4197 1661 Unde
4248 1599 4383 1664 fac-

2420 1686 2562 1744 tum
2609 1687 2738 1758 est,
2797 1687 2875 1745 ut
2919 1679 3000 1745 de
3046 1680 3259 1764 gratia
3302 1679 3432 1743 Dei
3476 1677 3631 1760 quid
3687 1680 4039 1759 sentirent,
4096 1680 4385 1748 breviter

2422 1765 2815 1848 quibusdam
2861 1767 3257 1847 scriptorum
3301 1785 3574 1829 suorum
3614 1762 3795 1842 locis,
3851 1772 3918 1829 et
3961 1774 4385 1835 transeunter

2421 1853 2853 1934 attingerent:
2900 1853 3416 1915 immorarentur
3456 1870 3617 1914 vero
3661 1850 3731 1913 in
3777 1850 3856 1914 iis
3873 1902 3887 1928 ,
3934 1872 4102 1933 quae
4147 1853 4382 1920 adver-

2420 1958 2537 2001 sus
2578 1936 2737 2002 alios
2778 1936 3147 2002 haereticos
3184 1935 3622 2018 disputabant.
3691 1936 3819 2000 His
3857 1934 4076 2002 verbis
4112 1938 4171 2002 si
4206 1959 4385 2004 nunc

2420 2022 2739 2105 Pighium
2804 2023 3227 2101 conveniam,
3294 2029 3371 2084 ut
3434 2021 3734 2085 remittat
3798 2020 3972 2105 quod
4036 2029 4385 2106 tantopere

2421 2114 2645 2191 urget,
2700 2127 2838 2174 non
2894 2107 3161 2175 aliunde
3215 2106 3568 2190 petendam
3626 2106 3825 2173 huius
3870 2127 4107 2174 0011000
4149 2109 4384 2175 defini-

2421 2194 2700 2270 tionem,
2747 2215 2944 2277 quam
2988 2214 3074 2258 ex
3118 2201 3422 2260 veterum
3467 2192 3756 2273 scriptis,
3815 2213 4013 2275 quam
4058 2194 4385 2278 Augusti-

2422 2300 2549 2343 nus
2591 2279 2886 2344 breviter
2928 2301 3003 2344 00
3045 2286 3467 2344 transeunter
3510 2296 3621 2343 eos
3666 2279 3962 2361 attigisse
4018 2280 4207 2345 testis
4264 2291 4382 2360 est,

2421 2364 2615 2445 pleno
2660 2370 2928 2448 gutture
2972 2386 3096 2430 sua
3136 2364 3254 2430 illa
3296 2364 3606 2441 convicia,
3655 2362 3891 2445 quibus
3935 2366 4216 2431 refertus
4262 2374 4381 2446 est,

2419 2450 2494 2514 in
2545 2470 2654 2514 me
2708 2450 3014 2516 ructabit.
3107 2448 3391 2530 Quando
3445 2449 3650 2532 igitur
3708 2448 3875 2513 nihil
3930 2451 4119 2533 aequi
4174 2452 4382 2536 impe-

2387 2535 2585 2600 ·trari
2629 2543 2845 2618 potest
2888 2537 2970 2602 ab
3012 2538 3143 2601 ista
3184 2536 3386 2612 furia,
3444 2532 3526 2598 ad
3568 2534 3846 2600 lectores
3889 2555 3997 2599 me
4040 2547 4383 2604 converto:

2421 2621 2596 2704 apud
2641 2643 2801 2704 quos
2844 2621 3155 2706 ponderis
3189 2618 3497 2685 nonnihil
3531 2639 3725 2701 spero
3761 2619 4159 2702 habiturum,
4208 2623 4380 2706 quod

2382 2785 2388 2791 ‚
2421 2714 2559 2772 tam
2602 2709 2779 2773 iusta
2820 2709 3077 2772 ratione
3121 2707 3371 2771 nititur.

2595 2792 2854 2859 Verum
2878 2794 2953 2857 in
2997 2793 3120 2858 hoc
3162 2792 3576 2876 potissimum
3608 2789 3873 2856 cardine
3904 2793 4186 2857 vertitur
4230 2816 4382 2860 nos-

2420 2887 2528 2943 tra
2572 2879 2896 2958 defensiO,
2954 2877 3129 2961 quod
3173 2879 3343 2956 (1100,
3399 2876 3719 2962 Pighium
3764 2879 4005 2960 partim
4051 2899 4382 2946 commen-

2421 2965 2588 3028 titiis
2632 2965 2900 3029 testium
2944 2963 3323 3029 nominibus
3368 2962 3448 3027 ad
3494 2961 3869 3028 faciendum
3917 2985 4267 3030 numerum
4308 2967 4381 3031 in

2419 3071 2542 3114 nos
2584 3050 2785 3127 abuti,
2830 3050 3075 3133 partim
3121 3071 3200 3114 ea
3241 3069 3412 3132 quae
3455 3050 3689 3113 recitat
3729 3050 4108 3124 testimonia
4147 3072 4383 3135 perpe-

2420 3153 2566 3199 ram
2609 3155 2684 3201 ac
2726 3135 2893 3200 falso
2937 3135 3009 3198 in
3053 3156 3173 3200 nos
3223 3133 3647 3216 detorquere,
3704 3154 3913 3216 quum
3967 3134 4137 3198 nihil
4193 3136 4383 3203 nobis

2419 3230 2813 3304 repugnent.
2904 3218 2981 3287 Si
3077 3220 3299 3284 uidem
3342 3220 3620 3284 Petrum
3676 3225 3743 3282 et
3798 3218 4210 3284 Clementem
4263 3244 4383 3286 no-

2419 3304 2753 3383 minando,
2799 3306 2961 3388 quid
3000 3327 3041 3370 a
3070 3305 3178 3369 ‘ud
3221 3325 3418 3387 quam
3461 3304 3691 3368 fucum
3736 3302 3934 3369 facit?
4013 3306 4234 3371 Toties
4273 3328 4382 3373 me

2419 3390 2873 3473 impudentem
2927 3390 3330 3457 nominando
3343 3440 3359 3467 ,
3419 3409 3679 3466 cavere,
3738 3395 3896 3470 puto
3912 3440 3926 3465 ,
3985 3391 4108 3455 sibi
4151 3391 4379 3471 voluit,

2422 3497 2499 3541 ac
2542 3483 2974 3556 antevertere,
3019 3497 3104 3540 ne
3140 3474 3314 3558 quod
3355 3480 3649 3538 meretur
3684 3493 3724 3535 a
3758 3494 3864 3537 me
3901 3473 4176 3539 audiret.
4243 3475 4381 3542 Sed

2421 3582 2550 3643 quo
2604 3563 2872 3625 nomine
2925 3561 3250 3644 perditam
3311 3561 3514 3624 istam
3563 3579 3638 3622 ac
3691 3557 4099 3641 deploratam
4151 3564 4381 3645 nequi-

2421 3648 2581 3711 tiam
2637 3646 3142 3730 appellabimuS‚
3198 3645 3370 3727 quod
3426 3655 3561 3708 tam
3613 3644 4020 3710 confidenter
4068 3648 4259 3712 nothi
4315 3657 4383 3714 et

2420 3734 2757 3798 confictitii
2802 3733 2952 3798 libri
2996 3739 3346 3814 praetextu
3379 3732 3655 3796 Petrum
3696 3738 3764 3794 et
3807 3729 4219 3797 Clementem
4261 3757 4382 3799 no-

2419 3819 2524 3883 bis
2567 3817 2905 3883 obtrudit?
2999 3816 3194 3898 Quod
3252 3816 3335 3881 ad
3380 3816 3729 3881 henaeum
3790 3826 3855 3880 et
3900 3816 4382 3885 Tertullianum

2421 3906 2691 3982 attinet,
2747 3924 2951 3987 quum
3005 3903 3257 3967 homini
3313 3903 3686 3966 libertatem
3746 3900 3809 3963 in
3858 3902 4073 3983 prima
4114 3911 4399 3972 tantum.

2421 4011 2543 4054 sua
2586 3990 2839 4072 origine
2881 3989 3203 4067 tribuant,
3264 3999 3331 4052 et
3386 3989 3459 4052 in
3513 3986 3628 4050 illa
3671 3997 3952 4050 naturae
3994 3989 4380 4072 integritate

2420 4076 2493 4139 in
2538 4095 2667 4157 (1110
2722 4074 3027 4140 conditus
3084 4080 3232 4152 [pag.
3271 4078 3380 4152 81]
3434 4073 3586 4148 fuit,
3643 4072 4079 4154 corruptionis
4137 4085 4378 4155 autem,

2421 4181 2621 4243 quam
2655 4160 2816 4226 vitio
2848 4181 2969 4224 suo
3007 4159 3351 4236 contraxit,
3389 4158 3642 4222 nullam
3676 4159 3921 4224 faciant
3954 4160 4377 4241 mentionem,

2421 4265 2651 4314 eorum
2695 4244 2919 4310 verbis
2964 4246 3239 4312 minime
3282 4242 3636 4316 laedimur,
3681 4245 3793 4326 qui
3839 4244 4181 4309 servitutis
4225 4267 4379 4311 cau-

2422 4353 2566 4396 sam
2604 4349 2739 4396 non
2782 4332 2855 4396 in
2898 4338 3140 4395 natura
3178 4330 3485 4413 ponimus
3530 4328 3644 4394 sed
3687 4331 3755 4392 in
3792 4329 3984 4411 lapsu
4020 4331 4219 4412 primi
4256 4331 4377 4395 ho-

2420 4416 2638 4482 minis.
2726 4416 2839 4480 Illi
2891 4417 3096 4499 igitur
3139 4416 3472 4481 hominem
3518 4413 3797 4478 liberum
3840 4415 4040 4480 fuisse
4083 4423 4377 4481 creatum

2420 4502 2720 4567 tradunt:
2776 4522 2898 4566 nos
2941 4501 3010 4566 id
3052 4523 3185 4566 non
3241 4521 3589 4583 negamus,
3644 4498 3758 4564 sed
3800 4498 4079 4566 'dicimus
4124 4503 4192 4565 in
4239 4523 4378 4567 ser-

2420 4590 2699 4651 vitutem
2752 4587 3092 4663 incidisse,
3151 4587 3305 4668 quia
3349 4585 3644 4667 aprimo
3700 4605 3817 4648 suo
3872 4593 4047 4650 statu
4096 4586 4379 4670 degene-

2421 4673 2687 4738 raverit.
2775 4672 2889 4735 Illi
2941 4679 3280 4755 peccatum
3337 4691 3471 4735 non
3541 4669 3811 4734 haerere
3871 4672 3942 4733 in
4009 4670 4379 4738 substantia

2422 4757 2853 4823 contendunt:
2911 4778 3029 4821 nos
3071 4777 3326 4839 quoque
3369 4756 3437 4820 id
3481 4757 3701 4838 ipsum
3726 4756 3776 4839 ¹)
3821 4757 4202 4834 asserimus,
4260 4758 4375 4823 s'ed

2422 4841 2753 4918 addimus,
2810 4843 3021 4923 primo
3071 4842 3323 4906 homini
3340 4893 3354 4918 ,
3411 4863 3493 4906 ex
3548 4862 3676 4924 quo
3730 4863 3771 4906 a
3823 4863 3942 4906 sua
3995 4844 4377 4925 integritate

2421 4926 2683 5005 excidit,
2724 4924 2934 4991 bonae
2978 4934 3252 4991 naturae
3287 4929 3769 5010 corruptionem
3805 4927 4131 5004 accidisse,
4178 4948 4373 5010 qnam

2421 5012 2504 5077 ad
2550 5020 2764 5075 totum
2809 5032 3004 5075 suum
3045 5033 3251 5096 genus
3294 5014 3752 5077 transmiserit.
3832 5014 4013 5096 Ergo
4056 5012 4173 5076 hos
4218 5027 4377 5094 quo—

2419 5178 2507 5187 -ι-

2559 5283 2618 5346 1)
2655 5281 2707 5335 id
2744 5295 2846 5336 nos
2879 5297 3093 5350 quoque
3129 5283 3303 5351 ipsum
3340 5281 3476 5334 1552
3509 5295 3653 5352 seqq.
3898 5365 3964 5416 19
