4967 5992
416 336 542 400 293

412 522 688 588 fectione
764 517 1053 583 iustitiae
1128 515 1370 581 scribit.
1482 515 1659 581 Nam
1731 514 1869 580 illic
1946 514 2206 598 Pelagii
2277 513 2377 578 di-

411 608 656 673 lemma
709 604 924 688 ponit,
982 598 1429 685 quaerendum
1488 621 1663 679 esse,
1717 620 1838 683 per
1890 598 2048 684 quid
2095 600 2377 666 efficitur

413 693 612 759 homo
671 711 823 756 cum
869 686 1179 773 peccato?
1237 707 1357 770 per
1415 694 1694 751 naturae
1745 688 2232 766 necessitatem,
2290 705 2375 750 an

410 800 533 864 per
584 776 837 842 arbitrii
899 772 1315 839 libertatem?
1414 773 1590 839 Nam
1636 773 1693 836 si
1754 792 1873 853 per
1925 778 2205 836 naturae
2258 791 2376 837 00-

414 865 808 941 00081101010,
854 860 1088 943 inquit,
1134 859 1331 942 culpa
1374 866 1581 936 caret;
1626 859 1684 922 si
1725 879 1845 941 per
1887 857 2139 922 arbitrii
2176 857 2377 923 liber-

412 957 619 1016 tatem
640 1000 654 1025 ,
710 943 1160 1030 quaerendum
1206 965 1245 1009 a
1302 965 1430 1028 quo
1487 945 1826 1026 acceperit.
1914 944 1979 1008 A
2014 942 2160 1008 Deo
2203 942 2377 1010 scili-

413 1045 535 1106 cet.
623 1036 890 1100 Bonum
930 1033 1139 1116 igitur
1182 1051 1222 1096 a
1276 1030 1464 1095 bono.
1555 1029 1695 1096 Cur
1735 1031 1959 1111 itaque
2003 1027 2088 1095 ad
2128 1030 2380 1094 malum

411 1121 801 1209 propensius
856 1115 1135 1182 dicitur?
1245 1115 1632 1198 Respondet
1694 1114 1928 1180 deinde
1991 1117 2149 1197 ipse.
2246 1117 2381 1181 Per

413 1207 671 1274 arbitrii
722 1203 1098 1269 libertatem
1152 1203 1398 1268 factum
1455 1208 1584 1279 est,
1651 1208 1727 1265 ut
1769 1208 1942 1266 esset
1984 1200 2181 1265 homo
2227 1221 2379 1265 cum

410 1301 706 1380 peccato;
769 1287 883 1355 sed
940 1290 1071 1353 iam
1125 1286 1421 1370 poenalis
1465 1287 1788 1352 vitiositas
1847 1284 2251 1369 subsequuta
2295 1308 2379 1352 ex

411 1381 716 1447 libertate
759 1376 915 1441 fecit
955 1374 1429 1439 necessitatem.
1518 1372 1714 1439 Unde
1756 1370 1840 1436 ad
1872 1373 2095 1437 Deum
2139 1372 2381 1436 clamat

387 1466 608 1532 ‘fidesz
656 1464 760 1528 De
805 1458 1304 1525 necessitatibus
1348 1459 1513 1523 meis
1568 1479 1725 1523 erue
1767 1478 1874 1523 me
1924 1458 2060 1538 (Ρο.
2103 1461 2203 1535 25,
2247 1458 2374 1542 17).

412 1550 558 1618 Sub
598 1549 834 1631 quibus
875 1544 1074 1628 positi
1116 1545 1221 1610 vel
1264 1565 1400 1609 non
1434 1564 1800 1627 possumus,
1839 1543 2012 1627 quod
2052 1543 2376 1622 volumus,

408 1635 807 1719 intelligere:
862 1631 975 1696 vel
1030 1630 1201 1712 quod
1263 1630 1811 1707 intellexerimus,
1871 1630 2209 1706 volumus,
2256 1651 2379 1695 nec

411 1723 712 1789 valemus
771 1717 1063 1801 implere.
1158 1715 1330 1780 Nam
1400 1724 1468 1780 et
1530 1717 1674 1797 ipsa
1719 1715 1994 1781 libertas
2050 1737 2090 1780 a
2140 1715 2377 1781 libera-

409 1817 554 1875 tore
637 1804 1035 1871 romittitur:
1075 1799 1296 1868 sivos
1313 1801 1492 1866 filius
1525 1800 1919 1880 liberaverit,
1946 1808 2067 1866 etc.
2117 1801 2374 1885 (Ioann.

412 1899 474 1976 8,
512 1897 592 1960 36
631 1943 642 1957 .
722 1889 922 1955 Victa
961 1886 1138 1953 enim
1184 1887 1360 1967 vitio,
1407 1887 1474 1951 in
1519 1886 1694 1970 quod
1729 1886 1979 1966 eccidit,
2016 1887 2377 1964 voluntate,

407 1980 628 2048 caruit
668 1977 971 2042 libertate
1013 1979 1270 2037 natura.
1356 1973 1530 2038 Nam
1573 1972 1780 2037 altera
1820 1974 2147 2055 scriptura
2190 1972 2379 2037 dicit:

409 2067 479 2133 A
523 2086 652 2148 quo
705 2063 849 2146 quis
905 2059 1204 2126 devictus
1263 2067 1396 2135 est,
1453 2059 1609 2122 111110
1665 2067 1732 2122 01
1786 2079 2020 2124 servus
2077 2058 2377 2123 addictus

410 2157 515 2217 est
568 2149 790 2226 (Rom.
832 2151 890 2225 6,
935 2144 1063 2228 16).
1165 2142 1354 2209 Sicut
1416 2164 1573 2227 ergo
1628 2164 1762 2207 non
1822 2151 1924 2209 est
1980 2164 2146 2226 opus
2201 2143 2378 2209 sanis

404 2236 735 2306 medicus,
782 2230 894 2297 sed
937 2229 1113 2294 male
1159 2228 1586 2307 habentibus,
1641 2228 1735 2292 sic
1775 2249 1907 2294 non
1952 2237 2054 2294 est
2095 2249 2258 2312 opus
2298 2228 2378 2293 li-

403 2323 590 2390 beris
636 2319 978 2394 liberator,
1034 2313 1148 2378 sed
1190 2314 1432 2392 servis,
1475 2325 1552 2379 ut
1596 2315 1658 2379 ei
1703 2312 2024 2380 dicamus:
2084 2313 2377 2380 Salvasti

393 2407 487 2473 de
532 2400 1029 2471 necessitatibus
1083 2401 1374 2464 animam
1430 2420 1662 2465 meam.
1761 2400 1918 2483 Ipsa
1960 2400 2137 2465 enim
2198 2401 2376 2466 sani-

391 2501 510 2558 tas
572 2499 676 2555 est
728 2506 887 2553 vera
937 2485 1234 2564 libertas,
1302 2506 1469 2567 quae
1532 2506 1667 2551 non
1723 2487 2050 2568 periisset,
2107 2486 2162 2550 si
2207 2485 2378 2550 bona

385 2576 879 2664 permansisset
925 2571 1258 2637 voluntas.
1348 2569 1525 2653 Quia
1568 2593 1727 2636 vero
1785 2571 2086 2653 peccavit
2140 2571 2374 2636 volun-

390 2671 525 2742 tas,
575 2666 855 2744 sequuta
906 2662 1009 2723 est
1062 2663 1443 2739 peccantem
1484 2657 1651 2723 dura
1704 2665 2048 2740 peccatum
2093 2656 2377 2722 habendi

391 2746 777 2820 necessitas,
817 2742 1023 2808 donec
1047 2749 1183 2806 tota
1216 2750 1486 2807 sanetur
1519 2743 1890 2810 infirmitas,
1960 2740 2162 2806 Dicat
2197 2764 2375 2808 nunc

393 2832 687 2918 Pighius
739 2850 848 2894 me
900 2827 1329 2894 sententiolas
1394 2837 1664 2895 truncas
1717 2835 1786 2894 et
1838 2828 2107 2894 mutilas
2166 2827 2374 2893 addu-

398 2939 572 2987 cere.
663 2915 836 2982 Item
880 2914 1056 2997 quod
1099 2914 1325 2980 scribit
1367 2915 1451 2979 ad
1495 2915 1966 2980 Laurentium:
2015 2913 2375 2979 Hominem

396 3003 610 3071 libero
655 3000 925 3067 arbitrio
976 3000 1151 3065 male
1192 3020 1416 3079 usum,
1463 3007 1528 3066 et
1568 3021 1639 3065 se
1680 3007 1751 3065 ct
1787 3000 1950 3065 illud
1990 2998 2374 3082 perdidisse.

397 3091 499 3157 Et
521 3086 694 3172 quod
728 3088 803 3151 in
835 3086 1117 3152 eundem
1163 3106 1433 3151 sensum
1477 3107 1562 3151 ex
1604 3086 1799 3151 tertio
1844 3084 1930 3151 ad
1960 3085 2375 3151 Bonifacium

398 3176 576 3242 libro
621 3172 884 3238 adduxi.
974 3169 1168 3251 Quod
1221 3173 1278 3237 si
1320 3172 1426 3237 vel
1470 3172 1823 3254 abruptum
1867 3172 1974 3237 vel
2025 3170 2373 3238 obscurum

399 3260 650 3345 Pighio
706 3258 994 3336 videtur,
1064 3255 1288 3322 audiat
1338 3279 1421 3322 ex
1479 3257 1709 3322 eodem
1761 3256 1927 3322 libro
1979 3256 2375 3340 interpreta-

405 3347 676 3411 tionem.
762 3344 1055 3422 Iustitia,
1112 3343 1346 3426 inquit,
1391 3343 1557 3427 legis
1596 3364 1733 3407 non
1776 3342 2114 3425 impletur,
2172 3364 2375 3426 quum

405 3433 522 3498 lex
584 3429 800 3506 iubet,
867 3436 936 3493 et
990 3429 1185 3494 homo
1251 3431 1438 3511 quasi
1503 3430 1640 3494 suis
1695 3428 1944 3494 viribus
2009 3429 2194 3508 facit,
2261 3426 2379 3494 sed

455 3539 618 3582 uum
674 3514 946 3613 spiritus
1001 3513 1303 3593 adiuvat,
1361 3527 1428 3578 01
1467 3514 1757 3578 1101111018
1798 3535 1932 3579 11011
1975 3514 2213 3592 1111010,
2260 3514 2377 3579 8οᾶ

407 3611 831 3755 Εῗιὶῖἱῖῗᾏ
844 3599 1926 3769 Μᾶἓῗὲηέξιῖῗῗὲιῗὲΐωῗῗηῗι
1948 3621 2095 3751 ἕέἒ
2100 3600 2379 3752 1ἓέῗὰ

459 3772 819 3839 0000οᾶ001
875 3771 1076 3835 valet:
1138 3771 1220 3835 ad
1274 3772 1605 3841 iustitiam
1662 3776 1809 3850 [pag.
1847 3777 1957 3851 85]
2009 3793 2196 3852 voro,
2250 3774 2380 3839 nisi

462 3859 736 3925 ’vinitus
793 3857 1140 3921 liberatum
1195 3857 1650 3940 adiutumque,
1716 3877 1850 3922 non
1893 3858 2088 3924 valet.
2173 3859 2379 3924 Libro

411 3954 642 4011 autem
696 3944 910 4027 primo
967 3943 1251 4007 dixerat:
1309 3942 1405 4008 Ut
1447 3943 1625 4008 filius
1667 3944 1793 4008 Dei
1839 3943 1985 4025 quis
2027 3945 2172 4022 fiat,
2221 3945 2381 4010 haec

409 4039 708 4116 potestas
762 4028 948 4092 nulla
1000 4049 1144 4093 esse
1206 4037 1421 4112 potest
1472 4050 1555 4093 ex
1614 4027 1817 4093 libero
1873 4028 2171 4110 01111111ος
2228 4030 2382 4112 (11110

409 4139 541 4183 1100
581 4115 863 4180 liberum
897 4114 968 4177 in
1013 4115 1179 4178 bono
1222 4116 1367 4191 erit,
1411 4113 1589 4197 quod
1624 4136 1758 4180 non
1799 4114 2110 4182 liberator
2141 4115 2383 4180 libera-

412 4204 608 4268 verit.
707 4201 913 4265 Libro
977 4207 1212 4283 quarto
1277 4200 1370 4264 sic
1443 4200 1688 4265 iterum
1753 4202 2124 4266 confirmat:
2202 4201 2383 4282 Quid

411 4288 582 4354 mihi
627 4285 926 4351 obtendis
960 4285 1239 4350 liberum
1283 4284 1672 4350 arbitrium?
1715 4286 1887 4368 quod
1930 4285 2213 4352 liberum
2248 4309 2382 4351 non

414 4375 566 4450 erit,
610 4373 743 4437 nisi
786 4372 928 4436 ovis
970 4371 1189 4437 fueris.
1272 4368 1405 4450 Qui
1438 4372 1644 4456 igitur
1681 4373 1835 4437 facit
1872 4373 2168 4438 homines
2204 4394 2380 4452 oves,

416 4461 561 4542 ipse
637 4457 722 4522 ad
797 4456 1233 4521 obedientiam
1306 4457 1604 4522 veritatis
1677 4457 1916 4522 liberat
1990 4458 2379 4524 voluntates.

415 4545 639 4613 Nimis
682 4551 858 4609 certe
902 4564 1198 4607 morosus
1238 4542 1435 4608 homo
1481 4541 1583 4608 e'st
1620 4542 1918 4626 Pighius,
1965 4545 2021 4608 si
2066 4542 2222 4626 quid
2267 4543 2381 4607 ad-

417 4629 554 4695 huc
598 4630 974 4713 obstrepere
1024 4628 1132 4694 hic
1187 4629 1373 4694 ausit.
1434 4629 1817 4693 Postremus
1858 4628 2044 4694 locus
2087 4649 2170 4693 ex
2214 4628 2383 4692 libro

422 4715 507 4780 de
573 4715 1004 4797 correptione
1065 4723 1133 4778 et
1198 4715 1411 4798 gratia
1475 4722 1775 4795 sumptus
1838 4723 1964 4779 est:
2035 4713 2147 4778 ubi
2220 4714 2381 4793 dico,

420 4799 879 4886 Augustinum
955 4801 1134 4878 vocis
1223 4820 1417 4865 usum
1503 4798 1732 4865 iocosis
1804 4799 2024 4865 verbis
2101 4798 2384 4879 eludere,

421 4908 632 4970 quum
684 4887 777 4952 810
821 4885 1137 4969 loquitur:
1191 4886 1508 4951 Liberum
1548 4884 1915 4962 arbitrium,
1958 4884 2238 4949 liberum
2283 4887 2384 4948 iu-

421 4975 678 5050 stitiae,
733 4993 998 5037 servum
1055 4972 1320 5055 peccati.
1427 4972 1600 5037 Nam
1665 4970 2036 5036 libertatem
2099 4969 2384 5035 hominis

420 5080 560 5124 non
617 5058 812 5122 aliam
855 5059 1177 5141 agnoscit,
1231 5059 1355 5122 nisi
1400 5079 1440 5121 a
1493 5057 1746 5132 iustitia
1784 5055 2384 5133 manumissionem,

423 5165 594 5226 quae
637 5144 1010 5208 miserrima
1053 5151 1154 5208 est
1195 5145 1444 5227 peccati
1486 5144 1786 5210 servitus.
1877 5141 2127 5223 Quinto
2164 5150 2384 5205 autem

426 5239 586 5296 ante
633 5250 847 5308 versu,
891 5250 1024 5293 non
1059 5229 1188 5294 alia
1233 5230 1486 5295 radone
1528 5230 1808 5295 liberum
1852 5249 1995 5296 esse
2039 5227 2383 5293 arbitrium

1915 327 2044 394 DE
2088 325 2444 394 LIBERO
2488 327 2965 396 ARBITRIO.

2459 3336 2612 3408 'tius
2656 3338 3019 3406 tradiderit.

4328 339 4459 403 294

2480 514 2773 596 dixerat,
2837 517 2965 583 nisi
3034 515 3194 582 dum
3256 538 3376 601 per
3453 519 3739 602 gratiam
3794 520 4129 587 liberatur.
4230 521 4454 590 Locus

2481 608 2705 667 autem
2747 604 3024 686 11111008,
3071 625 3156 669 ex
3191 603 3479 669 secundo
3523 603 3841 671 adversus
3881 606 4220 672 Iulianum
4263 608 4451 689 libro,

2479 688 2593 753 ubi
2650 709 2916 754 servum
2972 688 3289 773 appellat,
3345 689 3443 756 sic
3497 690 3724 756 habet:
3794 692 3927 758 Hic
3982 692 4190 758 vultis
4240 692 4455 759 homi-

2481 794 2637 837 nem
2682 776 2936 855 perfioi;
2981 784 3180 859 atque
3223 775 3479 840 utinam
3523 774 3657 841 Dei
3701 775 3890 856 dono,
3933 787 4001 844 et
4044 799 4178 842 non
4225 778 4451 857 libero,

2482 858 2591 924 vel
2632 860 2854 942 potius
2906 881 3099 926 servo
3141 860 3504 927 voluntatis
3560 863 3848 929 arbitrio.
3938 865 4033 929 Et
4087 864 4196 927 1110
4238 863 4455 931 0(11100

2481 943 2835 1010 oblatrabit
2895 946 3209 1030 Pighius,
3267 968 3402 1012 000
3467 947 3840 1033 intelligere
3904 970 4013 1014 100
4077 948 4249 1032 quod
4305 952 4452 1031 cito,

2481 1029 2589 1094 vel
2635 1037 2942 1097 truncata
3000 1032 3199 1097 verba
3242 1032 3617 1115 decerpere,
3676 1056 3845 1118 quae
3890 1035 4254 1118 Augustini
4300 1057 4453 1102 sen-

2483 1136 2631 1180 sum
2688 1117 2960 1182 minime
3012 1117 3386 1200 explicent?
3484 1120 3704 1202 Atque
3757 1120 3920 1187 haec
3954 1120 4220 1203 quidem
4265 1123 4454 1187 testi-

2483 1202 2707 1265 monia
2762 1223 2893 1266 non
2950 1222 3026 1266 eo
3071 1202 3341 1274 consilio
3384 1202 3821 1285 adduxeram,
3881 1206 4053 1271 sicut
4093 1206 4201 1272 hic
4240 1228 4453 1291 nuga-

2483 1294 2589 1351 tor
2632 1287 2852 1370 fingit‚
2909 1294 2987 1352 ut
3051 1288 3131 1352 de
3188 1295 3325 1353 tota
3380 1310 3453 1354 re
3509 1288 3886 1357 diiudicatio
3930 1314 4011 1357 ex
4067 1292 4199 1357 illis
4242 1289 4452 1370 fieret,

2485 1371 2602 1437 sed
2644 1379 2905 1437 tantum
2948 1382 3028 1438 ut
3069 1374 3280 1439 obiter
3323 1374 3737 1443 ostenderem
3783 1376 4028 1456 lectori,
4075 1398 4274 1459 quam
4314 1380 4452 1444 vim

2482 1456 2722 1522 habeat
2765 1459 3103 1542 epitheton
3147 1458 3357 1538 liberi,
3399 1480 3605 1542 quum
3643 1459 3926 1528 hominis
3971 1464 4240 1529 arbitrio
4276 1464 4452 1548 apud

2483 1543 2937 1627 Augustinum
2983 1546 3314 1610 tribuitur.
3403 1546 3539 1609 De·
3568 1548 3832 1613 nomine
3877 1549 4083 1632 igitur
4124 1548 4452 1614 duntaxat

2481 1635 2721 1693 tracto:
2781 1630 2890 1694 hic
2942 1636 3151 1695 totam
3202 1631 3300 1695 rei
3356 1630 3803 1698 definitionem
3859 1655 3968 1699 me
4020 1634 4093 1699 in
4147 1635 4449 1718 pauculis

2483 1715 2704 1781 verbis
2749 1716 3148 1782 constituere
3188 1718 3528 1782 mentitur.

2656 1801 3033 1883 Antequam
3076 1821 3235 1866 vero
3277 1803 3730 1886 Augustinum
3773 1805 4183 1870 committere
4229 1806 4450 1871 nobis-

2481 1907 2634 1952 cum
2689 1887 2759 1950 in
2814 1893 3148 1952 certamen
3204 1888 3497 1970 incipiat:
3559 1887 4105 1960 considerandum
4158 1910 4290 1954 non
4332 1890 4451 1956 abs

2482 1993 2556 2037 re
2612 1969 2948 2051 admonet,
3003 1972 3238 2055 quibus
3292 1974 3574 2056 quidque
3639 1976 4043 2057 temporibus
4095 1977 4449 2059 scripserit.

2482 2059 2703 2140 Atque
2772 2058 2867 2123 ita
2930 2078 3204 2141 operum
3269 2059 3438 2138 eius,
3516 2067 3840 2142 quantum
3897 2059 3980 2125 ad
4050 2061 4451 2144 propositam

2481 2143 2964 2226 quaestionem,
3022 2153 3160 2210 tres
3214 2144 3457 2211 classes
3510 2145 3683 2210 facit.
3772 2146 4071 2210 Primam
4115 2149 4200 2212 iis
4245 2148 4451 2231 assig-

2481 2237 2617 2308 nat,
2674 2250 2841 2312 quae
2898 2235 3050 2295 aute
3105 2237 3401 2295 exortam
3458 2235 3606 2310 [pag.
3646 2234 3755 2308 86]
3807 2230 4062 2314 Pelagii
4121 2232 4452 2297 haeresim

2481 2315 2773 2396 scripsit:
2820 2314 3096 2380 alteram
3137 2316 3272 2395 his,
3320 2337 3488 2399 quae
3530 2314 3603 2378 in
3646 2315 3792 2398 ipso
3837 2317 4273 2382 contentionis
4319 2319 4449 2382 ier-

2480 2422 2639 2467 vore
2704 2400 2910 2465 edidit
2973 2409 3203 2465 contra
3274 2399 3622 2486 Pelagium
3690 2402 3907 2483 ipsum
3922 2425 3937 2481 ;
4016 2403 4281 2466 tertiam
4346 2403 4447 2481 iis,

2478 2505 2646 2569 quae
2692 2495 2841 2569 post
2873 2487 3220 2552 remissum
3264 2507 3341 2552 ac
3385 2487 3687 2553 sedatum
3737 2487 4022 2553 calorem
4067 2489 4447 2570 composuit.

2479 2573 2677 2638 Hanc
2732 2571 3259 2637 distributionem
3327 2595 3448 2658 ego
3501 2593 3762 2655 quoque
3827 2572 4108 2638 libenter
4171 2574 4447 2656 recipio:

2479 2659 2611 2723 nisi
2664 2655 2838 2741 quod
2890 2678 3236 2724 censuram
3291 2658 3503 2739 illam,
3563 2680 3761 2741 quam
3817 2659 4130 2723 continuo
4172 2659 4447 2723 subiun-

2479 2744 2599 2827 git,
2643 2765 2876 2809 veram
2920 2763 3064 2810 esse
3120 2764 3257 2809 non
3313 2742 3613 2811 concedo.
3715 2744 3890 2809 Nam
3932 2746 4085 2827 quia
4128 2745 4447 2828 Augusti-

2478 2849 2643 2894 num
2687 2831 2755 2893 in
2800 2837 2936 2895 toto
2989 2829 3103 2895 illo
3158 2830 3445 2896 secundo
3496 2828 3820 2895 librorum
3876 2830 4106 2895 ordine
4164 2830 4291 2896 sibi
4331 2851 4447 2912 pa-

2478 2936 2631 2980 rum
2688 2936 2830 2980 esse
2883 2915 3246 3000 propitium
3302 2917 3518 2995 novit,
3577 2922 3652 2978 ut
3704 2916 3837 2982 illis
3891 2914 4089 2980 fidem
4158 2915 4447 2999 abroget,

2477 3001 2587 3066 vel
2654 3001 2885 3066 saltem
2955 3001 3377 3067 autoritatem
3442 3001 3740 3084 deroget,
3821 3021 4051 3083 sapere
4115 3003 4449 3067 conflicta-

2479 3086 2680 3151 tionis
2723 3085 3025 3151 ardorem
3071 3084 3249 3151 dicit.
3335 3086 3604 3151 Nudam
3648 3086 3856 3170 igitur
3872 3088 4192 3153 veritatis
4236 3086 4449 3171 expli-

2478 3172 2801 3238 cationem
2845 3192 2929 3236 ex
2971 3170 3117 3237 aliis
3158 3173 3627 3254 posterioribus
3671 3172 3908 3238 melius
3952 3174 4145 3252 sumi,
4189 3173 4262 3237 in
4304 3173 4448 3256 qui-

2476 3258 2604 3322 bus
2647 3257 3002 3338 composito
3056 3264 3124 3322 01
3174 3265 3408 3340 1100010
3464 3257 3684 3322 001100
3733 3278 3877 3321 1001
3919 3259 4132 3340 ipsam
4176 3257 4448 3323 distinc-

3107 3342 3255 3426 Ego
3291 3363 3449 3410 vero
3490 3349 3571 3408 ut
3612 3343 3883 3408 minime
3919 3343 4224 3420 detrecto,
4260 3342 4450 3407 litem

2481 3449 2566 3493 ex
2625 3427 2730 3492 1118
2782 3426 3257 3510 posterioribus
3309 3427 3526 3503 libris,
3586 3429 3642 3491 si
3684 3448 3846 3509 opus
3891 3429 3993 3506 011,
4042 3427 4293 3505 dirimi,
4351 3428 4449 3492 ita

2478 3516 2576 3581 sic
2636 3511 2974 3597 pugnandi
3030 3511 3392 3596 cupiditate
3449 3512 3801 3578 incaluisse
3857 3513 4305 3596 Augustinum
4370 3514 4445 3576 in

2481 3597 2630 3665 alii's
2671 3619 2864 3682 neg0,
2922 3598 3080 3681 quin
3133 3597 3455 3681 liquidam
3500 3607 3567 3663 et
3619 3598 3997 3664 distinctam
4060 3599 4198 3664 veri
4241 3618 4445 3683 expo-

2481 3688 2787 3752 sitionem
2830 3705 3088 3767 semper
3131 3685 3496 3749 retinuerit.
3573 3684 3723 3749 Non
3769 3685 3944 3748 00110
3988 3683 4250 3749 iuvenis
4283 3691 4446 3762 erat,

2484 3773 2675 3838 sicuti
2720 3791 2925 3853 quum
2982 3767 3295 3836 adversus
3336 3769 3759 3836 Manichaeos
3800 3769 4145 3835 scriberet:
4207 3770 4446 3835 deinde

2483 3879 2688 3940 quum
2730 3855 3080 3938 diligenter
3132 3856 3361 3920 multis
3413 3855 3577 3921 locis
3632 3855 4094 3921 retractaverit
4136 3875 4328 3920 suum
4372 3856 4445 3918 in

2482 3940 2917 4026 praedicando
2974 3941 3178 4006 libero
3235 3942 3502 4006 arbitrio
3547 3962 3917 4020 excessum,
3975 3960 4302 4022 nusquam
4345 3940 4449 4004 ni—

2485 4030 2611 4094 mis
2648 4049 2717 4092 se
2758 4026 2925 4091 illud
2970 4035 3364 4093 extenuasse
3403 4028 3732 4105 meminit,
3776 4048 3904 4110 quo
3947 4026 4108 4091 satis
4150 4046 4284 4090 non
4328 4024 4449 4088 ali-

2486 4125 2589 4180 ter
2653 4134 2724 4180 se
2789 4121 2938 4196 post
2998 4113 3199 4177 finem
3264 4114 3641 4178 certaminis
3708 4114 3979 4190 sentire,
4033 4131 4231 4193 quam
4285 4118 4447 4176 tunc

2484 4222 2688 4285 quum
2730 4198 3060 4276 scriberet,
3104 4198 3438 4263 indicavit.

2658 4286 2822 4350 Post
2873 4285 2996 4350 hoc
3040 4284 3480 4367 prooemium,
3549 4281 3891 4347 audiamus
3947 4280 4142 4363 quale
4197 4281 4446 4361 primae

2484 4371 2715 4439 classis
2757 4370 3020 4434 initium
3064 4370 3278 4435 faciat.
3343 4369 3568 4444 Libro,
3614 4368 3843 4449 inquit,
3890 4365 4204 4442 secund0,
4250 4386 4449 4448 quem

2485 4458 2568 4522 de
2611 4457 2819 4522 libero
2873 4455 3143 4519 arbitrio
3197 4454 3530 4536 inscripsit
3583 4463 3811 4517 contra
3866 4451 4288 4516 Manichaeos
4307 4500 4320 4526 ‚
4365 4451 4448 4516 li-

2484 4543 2713 4607 beram
2749 4540 3003 4605 homini
3043 4539 3452 4606 voluntatem
3486 4538 3851 4602 necessario
3887 4536 4107 4600 datam
4139 4538 4447 4610 affirmat,

2484 4628 2681 4711 idque
2725 4628 2796 4690 in
2841 4646 2991 4690 eum
3046 4625 3241 4689 finem
3290 4631 3363 4688 ut
3416 4633 3593 4688 recte
3636 4624 3906 4687 viveret.
3997 4621 4144 4687 Hac
4185 4629 4445 4705 negata,

2486 4714 2692 4780 divini
2751 4709 2977 4776 iudicii
3027 4710 3171 4774 tolli
3237 4708 3646 4791 aequitatem.
3745 4710 3845 4773 Ac
3900 4727 3986 4771 110
4045 4707 4448 4783 cavillemur,

2490 4799 2571 4864 de
2625 4799 2930 4863 libertate
2984 4795 3121 4860 hoc*
3163 4793 3397 4859 debere
3450 4793 3733 4877 intelligi
3791 4813 3956 4877 quae
4015 4790 4209 4855 detur
4258 4791 4449 4855 nobis

2485 4907 2606 4969 per
2647 4881 2960 4966 gratiam,
3018 4881 3436 4963 occupatione
3488 4880 3718 4944 utitur.
3808 4877 4019 4959 Quasi
4061 4897 4218 4943 vero
4275 4876 4453 4958 peri-

2486 4970 2709 5035 culum
2754 4968 2843 5032 sit
2884 4987 2968 5031 ne
3008 4966 3441 5050 subterfugia,
3495 4964 3683 5029 velut
3723 4963 4143 5047 deprehensi,
4189 4962 4451 5044 quaeri-

2488 5064 2732 5120 temus:
2800 5075 3006 5135 quum
3064 5053 3481 5136 Augustinus
3538 5052 3680 5134 ipse
3744 5051 3882 5116 suis
3938 5048 4161 5113 verbis
4224 5045 4451 5130 Pighii

2488 5141 2914 5207 obiectionem
2958 5160 3090 5203 000
3127 5145 3383 5203 tantum
3420 5136 3654 5212 solvat,
3691 5136 3805 5201 sed
3848 5133 4152 5201 frivolam
4195 5139 4264 5195 et
4299 5151 4451 5196 eva-

2434 5219 2440 5272 ¹
2490 5226 2719 5291 nidam
2761 5221 3192 5303 demonstret,
3239 5223 3404 5288 libro
3450 5221 4017 5318 Retractationum
4064 5217 4295 5301 primo,
4340 5235 4449 5281 ca-

3931 5317 4045 5373 19·
