4967 5992
392 288 518 350 497

388 472 700 557 possibile
744 493 905 551 esse,
952 472 1206 556 experti
1246 476 1401 537 sunt
1434 470 1806 553 quicunque
1842 468 2029 547 serio,
2078 469 2201 535 hoc
2236 475 2354 549 est,

393 580 546 626 cum
604 580 761 625 vero
804 558 934 623 Dei
979 557 1241 635 timore,
1295 558 1594 623 fecerunt
1647 553 2034 637 periculum.
2122 553 2354 638 Neque

395 646 570 709 enim
627 644 958 728 explicare
1013 664 1083 708 se
1141 642 1277 707 ullo
1331 641 1622 708 remedio
1676 646 2013 723 poterant,
2072 639 2231 723 quin
2272 640 2355 705 ad

395 729 909 815 desperationem
967 727 1409 812 adigerentur.
1499 726 1634 809 Qui
1690 746 1847 791 vero
1900 725 2138 790 leviter
2192 723 2356 791 alias

397 815 768 883 satisfacere
824 815 967 880 Deo
1031 813 1416 897 cupiebant,
1475 813 1556 879 iis
1611 811 2029 896 aptissimum
2087 820 2228 875 erat
2272 810 2354 875 ad

397 902 780 989 hypocrisin
857 899 1329 971 velamentum.
1432 899 1610 964 Nam
1671 897 1824 979 quia
1885 896 2224 961 defunctos
2287 917 2358 962 se

397 987 572 1071 apud
613 986 744 1052 Dei
788 985 1073 1051 tribunal
1126 984 1497 1064 credebant,
1541 982 1738 1049 simul
1771 988 1966 1065 atque
2008 982 2081 1045 in
2128 1002 2358 1048 aurem

401 1071 757 1138 sacerdotis
804 1077 1237 1138 evomuerant
1280 1091 1402 1136 sua
1491 1076 1731 1146 eccata,
1776 1068 2046 1133 liberius
2088 1087 2358 1149 peccare

400 1157 759 1237 audebant,
816 1178 1024 1241 quum
1072 1164 1210 1221 tam
1263 1176 1429 1239 expe
1480 1156 1570 1221 ‘ta
1626 1161 1800 1220 esset
1840 1174 1911 1218 se
1954 1152 2359 1219 exonerandi

399 1244 584 1309 ratic.
675 1243 968 1322 Deinde,
1021 1263 1223 1326 quum
1268 1241 1582 1308 insideret
1631 1260 1859 1304 eorum
1915 1238 2154 1304 animis
2198 1238 2360 1303 haec

398 1330 769 1415 persuasio,
815 1350 888 1395 se
929 1330 1145 1394 facere
1160 1379 1178 1407 ,
1221 1326 1396 1411 quod
1434 1327 1546 1392 lex
1588 1324 1883 1403 iubebat,
1930 1324 2358 1407 comprehen-

402 1416 559 1482 dere
603 1437 703 1495 se,
748 1414 1184 1498 qualicunque
1228 1434 1350 1479 sua
1394 1411 1920 1489 enumeratione,
1974 1410 2196 1475 omnia
2240 1430 2359 1475 sua

401 1508 669 1585 peccata
696 1500 1184 1578 existimabant,
1226 1519 1504 1582 quorum
1541 1520 1625 1564 ne
1645 1496 2062 1561 millesimam
2094 1495 2359 1578 quidem

447 1593 657 1651 artem
719 1586 1248 1670 assequebantur.
1338 1585 1446 1650 En
1502 1606 1620 1650 cur
1654 1582 2034 1665 dissipatam
2084 1602 2126 1645 a
2170 1580 2356 1646 nobis

398 1608 602 1737 {iisse
656 1672 966 1739 eeclesiae
1022 1670 1432 1754 disciplinam
1487 1670 1933 1738 vociferantur
1997 1664 2356 1733 adversarii

399 1756 639 1823 nostri:
684 1759 837 1842 quia
879 1757 1232 1825 subvenire
1269 1756 1526 1823 miseris
1568 1754 1983 1822 conscientiis
2025 1751 2357 1818 studueri-

398 1864 577 1922 mus,
635 1866 718 1909 ne
770 1843 895 1909 sub
944 1842 1396 1909 erudelissima
1450 1840 1807 1927 tyrannide
1851 1858 2200 1923 oppressae
2242 1859 2355 1921 pe·

395 1929 631 1994 rirent:
692 1937 761 1994 et
813 1929 1195 2012 hypocritas
1250 1950 1332 1993 cx
1389 1929 1526 1994 suis
1581 1925 1874 1992 latibulis
1929 1925 2000 1989 in
2057 1932 2355 2006 apertam

392 2015 603 2080 lucem
665 2015 1105 2093 extraximus,
1166 2021 1243 2079 ut
1287 2022 1356 2079 et
1408 2035 1478 2081 se
1531 2013 1707 2098 ipsos
1765 2012 2035 2094 propius
2090 2017 2354 2075 excute-

393 2108 560 2178 rent,
606 2112 675 2166 et
715 2100 846 2166 Dei
888 2100 1231 2178 iudicium,
1289 2099 1464 2182 quod
1518 2104 1714 2165 antea
1769 2094 2352 2178 subterfugiebant,

393 2185 628 2252 melius
674 2185 920 2251 sentiro
962 2186 1344 2268 inciperent.

565 2271 822 2337 Verum
877 2278 1215 2354 utcunque
1271 2269 1467 2334 multi
1520 2276 1769 2345 essent,
1831 2274 1899 2333 et
1951 2266 2354 2333 correctione

395 2357 582 2442 digni
633 2358 903 2435 abusus,
962 2355 1136 2422 dicet
1187 2355 1540 2439 quispiam,
1594 2354 1774 2439 leges
1822 2361 2048 2419 tamen
2093 2360 2354 2419 sanctas

394 2443 669 2526 alioqui,
725 2449 791 2507 et
843 2440 1066 2520 utiles,
1127 2448 1195 2506 et
1247 2441 1446 2524 long-a
1500 2446 1830 2507 vetustate
1875 2438 2353 2523 quodammodo

392 2529 529 2594 iam
573 2535 1013 2606 consecratas,
1066 2526 1161 2592 ita
1202 2526 1502 2611 protinus
1555 2527 1626 2591 in
1669 2534 1879 2591 totum
1927 2523 2178 2590 aboleri
2220 2546 2356 2591 non

394 2614 703 2698 oportuit.
793 2614 900 2678 De
956 2612 1252 2678 carnium
1310 2632 1458 2692 esu,
1513 2611 1682 2677 nihil
1737 2608 1916 2677 aliud
1971 2609 2355 2693 respondeo,

393 2699 522 2765 nisi
578 2698 749 2782 quod
804 2697 1175 2765 doctrinam
1227 2697 1549 2763 habemus
1607 2718 1755 2764 cum
1815 2696 2027 2761 veteri
2081 2695 2354 2763 ecclesia

398 2791 548 2867 [pag.
576 2788 683 2864 76]
721 2783 1267 2850 consentientem:
1304 2784 1377 2848 in
1412 2805 1544 2867 qua
1573 2782 1852 2848 liberum
1889 2780 2093 2847 fuisse
2128 2781 2352 2861 scitur,

394 2868 700 2937 carnibus
744 2891 1005 2953 semper
1039 2869 1233 2948 vesei,
1279 2877 1396 2935 aut
1430 2868 1773 2935 abstinere.
1846 2867 2157 2951 Coniugii
2203 2888 2353 2950 pro·

393 2955 623 3020 bibitio
667 2956 939 3039 antiqua
977 2961 1095 3033 est,
1141 2956 1366 3036 fateor,
1410 2956 1480 3020 in
1524 2953 1999 3020 sacerdotibus:
2047 2953 2355 3019 similiter

393 3041 464 3107 in
529 3041 869 3107 monachis
922 3048 990 3106 et
1044 3040 1438 3107 monialibus
1492 3048 1849 3124 perpetuae
1911 3040 2354 3104 continentiae

393 3134 638 3192 votum.
730 3124 865 3192 Sed
918 3128 973 3192 si
1027 3126 1374 3192 hominum
1429 3125 1893 3193 consuetudini
1944 3123 2352 3207 praeponde-

393 3233 543 3277 rare
594 3213 959 3278 concedunt
1008 3218 1251 3277 certam
1307 3210 1439 3276 Dei
1504 3210 1940 3286 voluntatem,
2007 3217 2351 3293 postquam

395 3299 569 3364 hanc
605 3318 645 3362 a
687 3297 875 3363 nobis
910 3304 1113 3375 stare,
1155 3296 1472 3379 nobisque
1523 3304 1747 3380 aperte
1784 3296 2162 3379 suffragari,
2206 3294 2353 3359 illos

392 3384 667 3449 minime
697 3383 879 3463 latet,
926 3381 1084 3465 quid
1116 3381 1197 3447 de
1232 3383 1623 3465 antiquitate
1655 3381 1805 3447 lites
1834 3381 2021 3446 nobis
2055 3379 2350 3446 faciunt?

394 3470 593 3535 Clara
672 3482 774 3534 est
841 3469 1198 3535 sententia:
1264 3467 1643 3534 honorabile
1705 3489 1848 3532 esse
1911 3467 1981 3530 in
2049 3465 2354 3530 omnibus

394 3557 773 3640 coniugium
829 3553 1063 3638 (Hebr.
1110 3557 1206 3633 13,
1246 3557 1336 3637 4).
1425 3554 1518 3619 Et
1575 3552 1893 3637 episcopis
1959 3551 2354 3616 nominatim

395 3662 637 3707 uxores
679 3640 983 3706 attribuit
1023 3638 1276 3705 Paulus
1320 3641 1379 3723 (1
1429 3640 1597 3705 Tim.
1637 3644 1694 3719 3,
1739 3642 1775 3702 2
1789 3662 1807 3719 ;
1844 3639 1970 3703 Tit.
2016 3641 2067 3716 1,
2108 3639 2197 3721 6).
2268 3637 2353 3701 In

394 3728 782 3792 universum
851 3733 1074 3791 autem
1130 3723 1216 3790 ad
1271 3725 1462 3791 coniu
1514 3725 1646 3790 ‘um
1707 3729 1924 3801 vocat,
1981 3723 2353 3806 quicunque

394 3819 685 3877 uruntur
740 3813 804 3896 (1
849 3811 999 3876 Cor.
1040 3815 1105 3889 7,
1157 3812 1256 3893 9):
1314 3820 1381 3876 et
1483 3811 1804 3877 octrinam
1861 3810 2352 3874 daemoniorum

394 3918 541 3963 esse
595 3897 1014 3980 pronunciat,
1070 3898 1125 3962 si
1186 3898 1562 3981 coniugium
1612 3896 2031 3962 interdicitur
2075 3896 2141 3978 (1
2183 3895 2350 3962 Tim.

397 3989 459 4061 4,
500 3983 587 4068 3).
681 3981 1013 4064 Quorsum
1057 3980 1375 4049 adversus
1419 3989 1554 4047 tam
1594 3983 1804 4049 claras
1840 3982 2109 4065 spiritus
2144 3984 2357 4049 sancti

393 4089 592 4135 voces
684 4068 1026 4133 hominum
1116 4068 1654 4134 consuetudinem
1739 4088 2069 4151 opponere
2139 4068 2353 4135 iuvat:

397 4155 529 4221 nisi
595 4162 669 4220 ut
733 4155 1031 4220 homines
1088 4153 1234 4219 Deo
1299 4154 1800 4237 praeferantur?
1891 4152 2152 4219 Deinde
2202 4175 2354 4238 ope-

396 4262 512 4306 rae
559 4241 843 4325 pretium
900 4248 1003 4305 est
1057 4239 1611 4318 animadvertere,
1681 4260 1878 4324 quam
1949 4240 2155 4322 iniqui
2223 4240 2358 4304 sint

399 4327 880 4405 aestimatores,
949 4327 1062 4408 qui
1117 4326 1308 4392 nobis
1360 4347 1558 4392 usum
1616 4327 1854 4394 veteris
1911 4324 2222 4392 eeclesiae
2287 4327 2356 4390 in

398 4412 525 4478 hac
553 4434 649 4495 ,re
705 4410 1039 4477 obiiciunt.
1130 4410 1318 4493 Quae
1384 4413 1562 4476 enim
1620 4410 1725 4477 vel
1777 4411 1958 4495 prior
2008 4411 2118 4476 vel
2171 4418 2353 4476 auto-

398 4498 596 4564 ritate
638 4496 900 4583 dignior
943 4497 1251 4564 ecclesiae
1295 4498 1684 4580 antiquitas,
1730 4517 1925 4579 quam
1988 4497 2108 4563 sub
2166 4517 2357 4581 apos-

400 4583 598 4649 tolis?
695 4584 900 4667 Atqui
977 4606 1105 4649 non
1186 4583 1526 4666 negabunt
1601 4582 1989 4661 adversarii,
2081 4583 2358 4666 permis-

402 4687 552 4734 sum
608 4675 764 4735 tune
840 4690 917 4736 ac
982 4670 1300 4735 usitatum
1377 4667 1681 4734 omnibus
1758 4667 2065 4733 ecclesiae
2128 4669 2358 4733 minis-

401 4754 528 4819 tris
568 4756 942 4841 coniugium
985 4755 1201 4821 fuisse.
1291 4752 1368 4820 Si
1413 4752 1723 4836 expedire
1773 4754 2129 4820 censebant
2169 4775 2359 4837 apos-

400 4838 546 4918 toli,
605 4848 680 4906 ut
722 4862 761 4906 a
802 4842 1104 4926 coniugio
1147 4847 1528 4907 arcerentur
1568 4837 1968 4919 sacerdotes,
2011 4861 2132 4905 cur
2173 4846 2360 4905 tanto

401 4927 573 4992 bono
604 4925 998 4991 fraudabant
1042 4925 1428 4993 ecelesiam?
1500 4925 1879 4991 Fluxerunt
1913 4924 2152 4989 exinde
2198 4927 2358 4989 anni

402 5011 673 5078 ducenti
729 5011 987 5077 circiter
1043 5019 1109 5077 et
1172 5013 1676 5097 quinquaginta,
1743 5032 1948 5094 usque
2004 5010 2087 5075 ad
2144 5011 2358 5077 conci-

401 5097 566 5162 lium
613 5097 967 5162 Nicenum:
1027 5098 1094 5162 in
1148 5120 1275 5182 quo
1320 5099 1401 5164 de
1455 5096 1803 5164 indicendo
1845 5097 2167 5163 ministris
2212 5117 2357 5163 cae-

401 5184 617 5249 libatu
678 5182 997 5267 agitatum
1063 5183 1328 5266 quidem
1390 5184 1589 5250 fuisse
1653 5183 1856 5249 refert
1915 5181 2323 5249 sozomenus
2339 5205 2356 5262 ;

622 5282 845 5340 Calvisii
864 5299 1048 5354 opera.
1133 5285 1245 5341 Vol.
1285 5286 1384 5342 VI.

1746 278 2476 348 REFORMANDAE
2520 276 3066 347 EOOLESIAE.

4296 286 4423 349 493

2459 466 2577 535 sed
2629 467 3082 539 intercedente
3124 468 3505 552 Paphnutio
3523 521 3539 550 ,
3598 475 3811 535 totum
3864 468 4031 536 illud
4084 473 4421 557 negotium

2460 553 2661 620 fuisse
2714 553 3124 620 dissolutum.
3215 554 3391 620 Nam
3446 576 3651 639 quum
3711 554 3966 621 caelebs
4017 557 4160 641 ipse
4205 557 4422 643 legem

2462 644 2613 718 [pag.
2654 645 2761 720 76]
2808 639 2889 704 de
2925 638 3246 706 caelibatu
3292 648 3599 725 negasset
3632 641 3972 707 ferendam
4004 662 4166 722 esse,
4214 650 4423 709 totam

2461 725 2794 810 synodum
2846 724 3129 791 libenter
3181 725 3281 790 illi
3335 747 3673 792 assensam
3727 748 3870 793 esse
3915 727 4133 793 tradit.
4224 727 4421 794 Ores-

2461 820 2651 877 cente
2692 832 2854 877 vero
2899 810 3220 894 paulatim
3263 812 3754 895 superstitione,
3813 812 3952 893 lex,
4013 835 4181 897 quae
4224 835 4421 898 repu-

2462 895 2642 961 diata
2684 904 2844 961 tunc
2882 897 3126 975 fuerat,
3187 897 3451 962 demum
3495 904 3759 981 recepta
3799 899 3944 963 fuit.
4030 899 4271 965 Exstat
4313 920 4423 966 ca-

2461 1002 2600 1045 non
2632 1003 2807 1046 unus
2848 982 3028 1047 inter
3060 1003 3189 1062 eos,
3227 984 3340 1065 qui
3374 1002 3510 1048 non
3534 990 3675 1047 tam
3705 992 3972 1066 propter
4003 991 4421 1065 vetustatem,

2462 1087 2662 1149 quam
2739 1074 3009 1150 propter
3083 1081 3389 1133 autorum
3462 1068 4000 1135 incertitudinem
4016 1121 4031 1147 ,
4111 1070 4421 1153 apostolis

2461 1152 2946 1219 inscribuntur:
3029 1154 3143 1236 qui
3208 1154 3488 1233 clericis,
3566 1161 3914 1238 postquam
3985 1156 4054 1220 in
4120 1155 4420 1222 ordinem

2463 1238 2745 1321 cooptati
2791 1237 3067 1317 fuerint,
3125 1259 3367 1305 uxores
3413 1237 3649 1305 ducere
3693 1261 3826 1304 non
3872 1242 4225 1323 permittit,
4286 1242 4420 1307 nisi

2463 1324 2619 1390 solis
2676 1324 3052 1389 cantoribus
3104 1330 3172 1388 et
3233 1323 3603 1390 lectoribus.
3694 1323 3828 1391 Sed
3896 1326 4102 1392 altero
4168 1348 4418 1393 canone

2461 1411 2796 1492 superiore
2852 1407 3284 1493 prohibentur
3327 1409 3694 1477 sacerdotes
3749 1430 3826 1475 ac
3869 1411 4126 1479 diaconi
4179 1434 4419 1478 uxores

2462 1495 2799 1579 religionis
2842 1502 3191 1578 praetextu
3237 1495 3531 1562 abiicere.
3602 1497 3695 1561 Et
3717 1496 4128 1582 Gangrensis
4162 1497 4421 1564 concilii

2463 1582 2676 1663 capite
2720 1591 2970 1663 quarto,
3018 1580 3373 1646 anathema
3416 1582 3892 1665 pronunciatur
3925 1583 4243 1650 adversus
4288 1604 4416 1663 eos,

2461 1667 2576 1750 qui
2630 1665 3094 1750 presbyterum
3146 1668 3565 1752 coniugatum
3625 1667 4056 1734 discreverint
4102 1670 4184 1736 ab
4238 1668 4415 1735 aliis:

2461 1761 2539 1817 ut
2596 1753 2721 1817 hac
2777 1752 3117 1818 occasione
3172 1774 3243 1818 se
3300 1753 3382 1818 ab
3438 1753 3579 1819 eius
3634 1753 3968 1819 oblatione
4024 1755 4414 1821 abstineant.
4474 1792 4483 1801 ·

2460 1837 2660 1904 Unde
2715 1844 3015 1922 apparet,
3072 1837 3204 1903 illis
3250 1838 3654 1921 temporibus
3706 1838 4043 1922 aliquanto
4097 1839 4245 1922 plus
4298 1839 4416 1906 ad-

2456 1923 2588 1989 huc
2629 1922 2831 1989 fuisse
2865 1922 3230 2007 aequitatis,
3275 1945 3474 2006 quam
3518 1931 3698 1990 aetas
3733 1926 4053 2009 posterior
4087 1925 4415 1991 habuerit.

2457 2010 2691 2093 Neque
2736 2018 2959 2074 tamen
2999 2008 3166 2075 mihi
3210 2009 3320 2075 hic
3362 2010 3769 2093 propositum
3814 2018 3942 2089 est,
3995 2018 4204 2077 totam
4248 2010 4422 2079 hanc

2458 2115 2601 2159 rem
2660 2095 3108 2177 disputatione
3164 2094 3526 2178 complecti.
3617 2097 3910 2161 Tantum
3976 2096 4187 2161 obiter
4252 2097 4426 2162 indi-

2458 2201 2611 2247 care
2647 2180 2860 2261 libuit,
2904 2182 3185 2264 primam
3232 2188 3300 2246 et
3343 2181 3673 2264 puriorem
3706 2182 4060 2247 ecclesiam
4094 2203 4230 2246 non
4265 2182 4427 2248 adeo

2459 2265 2647 2332 nobis
2706 2266 3056 2332 adversam
3115 2266 3222 2332 hic
3274 2286 3445 2344 esse,
3500 2273 3578 2330 ut
3618 2264 3839 2332 hostes
3883 2267 4093 2332 nostri
4136 2269 4420 2351 fingunt.

2460 2350 2599 2418 Sed
2636 2360 2712 2417 ut
2752 2351 2888 2416 illis
2930 2352 2997 2417 id
3043 2371 3300 2435 quoque
3345 2351 3596 2431 demus,
3642 2374 3761 2418 cur
3805 2360 4027 2417 tamen
4064 2359 4202 2418 tam
4246 2359 4438 2437 atro-⁸

2459 2439 2624 2504 citer
2681 2458 2803 2503 nos
2858 2443 3201 2523 accusant,
3256 2439 3441 2522 quasi
3490 2458 3678 2503 sacra
3729 2437 4023 2522 profanis
4078 2438 4422 2503 miscueri-

2456 2524 2649 2590 mus?
2739 2520 2945 2605 Quasi
3000 2545 3161 2589 vero
3215 2532 3593 2606 retorquere
3638 2522 3953 2589 adversus
3998 2543 4108 2589 eos
4151 2543 4420 2608 promp-

2456 2617 2604 2675 tum
2648 2631 2783 2674 non
2821 2609 2927 2688 sit,
2974 2608 3161 2675 nobis
3205 2630 3355 2675 cum
3392 2610 3602 2674 veteri
3638 2608 3911 2674 eeclesia
3943 2608 4143 2692 longe
4184 2607 4421 2675 melius

2457 2717 2654 2778 quam
2692 2695 2853 2779 ipsis
2890 2696 3259 2760 convenire.
3321 2692 3789 2761 Sacerdotibus
3812 2694 4208 2778 coniugium,
4289 2694 4419 2759 uod

2456 2781 2588 2846 illis
2644 2788 2977 2864 negarunt
3032 2788 3319 2860 veteres,
3376 2779 3655 2845 liberum
3709 2781 4006 2846 facimus.
4098 2778 4233 2860 Qui
4338 2780 4420 2847 de

2457 2868 2853 2935 scortatione
2887 2866 3049 2932 mihi
3082 2866 3591 2951 respondebunt,
3628 2886 3795 2948 quae
3826 2866 4001 2930 inter
4033 2886 4143 2930 eos
4173 2866 4420 2949 passim

2457 2951 2784 3018 obtinuit?
2886 2951 3240 3037 Negabunt
3312 2972 3383 3017 se
3458 2950 3836 3035 approbare.
3936 2953 4030 3015 At
4108 2950 4420 3036 castigari

2457 3039 2755 3121 asperius
2809 3037 3144 3117 decuerat,
3210 3039 3267 3102 si
3320 3036 3598 3103 vetustis
3668 3035 4029 3103 canonibus
4085 3037 4421 3120 obtempe-

2458 3144 2606 3189 rare
2644 3123 2905 3190 vellent.
2980 3121 3057 3188 Si
3092 3124 3438 3208 presbyter
3471 3143 3747 3188 uxorem
3790 3127 3940 3201 [pag.
3980 3127 4088 3202 77]
4135 3120 4418 3202 duxerit,

2459 3209 3031 3276 Neocaesariensis
3075 3229 3107 3273 s
3156 3207 3369 3273 nodus
3414 3228 3691 3290 poenam
3748 3208 4010 3286 statuit,
4072 3214 4151 3271 ut
4190 3207 4272 3272 ab
4313 3230 4420 3272 or-

2460 3294 2615 3359 dine
2669 3294 3024 3360 abdicetur.
3109 3231 3194 3360 {i
3251 3314 3408 3358 vero
3464 3293 3861 3358 adulterium
3920 3300 4035 3357 aut
4078 3293 4418 3358 scortatio-

2459 3401 2615 3445 nem
2658 3380 3162 3463 perpetraverit,
3207 3378 3415 3443 multo
3460 3380 3754 3444 severius
3796 3377 4119 3444 vindicat:
4166 3384 4244 3442 ut
4291 3379 4417 3445 sci-

2457 3466 2612 3530 licet
2668 3465 2749 3530 ab
2815 3462 3041 3531 ordine
3117 3464 3450 3548 depositus
3516 3465 3714 3529 etiam
3790 3463 4413 3530 excommunicetur.

2457 3552 2525 3616 N
2526 3572 2653 3617 unc
2688 3552 2743 3617 si
2778 3550 2926 3634 quis
2971 3571 3248 3615 uxorem
3293 3549 3574 3628 duxerit,
3620 3548 3900 3614 habetur
3943 3549 4193 3614 crimen
4238 3550 4416 3633 capi-

2458 3636 2624 3717 tale;
2662 3636 2720 3701 si
2743 3637 2990 3703 centies
3024 3643 3349 3702 scortatus
3384 3636 3488 3714 sit,
3536 3635 3776 3719 exigua
3809 3634 4122 3718 pecuniae
4157 3655 4417 3699 summa

2457 3722 2832 3789 mulctatur.
2908 3721 3117 3803 Adde,
3161 3722 3332 3805 quod
3379 3722 3439 3787 si
3481 3720 3676 3786 hodie
3708 3721 4030 3798 viverent,
4077 3721 4190 3803 qui
4231 3720 4416 3785 illam

2457 3807 2539 3874 de
2584 3809 2907 3875 caelibatu
2949 3808 3164 3893 legem
3208 3808 3504 3874 tulerunt
3546 3807 3761 3892 primi,
3806 3806 4258 3890 praesentibus
4301 3827 4416 3872 ex-

2458 3894 2843 3979 perimentis
2887 3895 3131 3974 edocti,
3188 3914 3333 3959 eam
3377 3894 3606 3977 procul
3661 3891 3855 3958 dubio
3898 3892 4097 3976 primi
4142 3891 4415 3977 abroga-

2459 3988 2629 4047 rent.
2703 3977 3097 4063 Quanquam
3143 3980 3361 4060 nimis,
3407 3986 3483 4044 ut
3519 3978 3677 4056 dixi,
3721 3978 4021 4062 iniquum
4064 3978 4250 4058 foret,
4296 3998 4415 4042 nos

2458 4066 2802 4133 hominum
2854 4067 3207 4132 autoritate
3261 4065 3586 4144 damnari,
3644 4065 3758 4131 ubi
3804 4065 4023 4148 palam
4071 4062 4202 4129 Dei
4253 4083 4416 4129 voce

2458 4152 2881 4219 absolvimur.

2634 4239 2741 4303 De
2795 4238 3196 4305 confessione
3251 4238 3514 4304 brevior
3570 4243 3637 4300 et
3692 4235 3905 4319 magis
3958 4232 4267 4316 expedita
4317 4242 4416 4298 est

2462 4324 2771 4390 defensio.
2860 4324 3092 4408 Neque
3147 4322 3324 4388 enim
3378 4320 3725 4388 ostendent
3768 4318 4158 4399 adversarii,
4208 4318 4414 4384 ullam

2461 4409 2763 4476 fidelibus
2819 4411 3280 4476 necessitatem
3333 4405 3685 4474 confitendi
3743 4413 3895 4470 ante
3952 4404 4413 4471 Innocentium

2461 4495 2737 4561 tertium
2775 4496 2975 4561 fuisse
3020 4494 3409 4578 impositam.
3498 4493 3632 4558 Per
3685 4513 3891 4557 annos
3931 4512 4087 4575 ergo
4126 4490 4303 4555 mille
4348 4497 4416 4555 et

2462 4582 2781 4647 ducentos
2822 4581 3051 4664 ignota
3105 4580 3232 4646 fuit
3272 4579 3414 4644 orbi
3468 4578 3829 4644 christiano
3888 4578 4048 4643 haec
4093 4576 4414 4661 tyranniS,

2461 4689 2581 4750 pro
2639 4688 2769 4749 qua
2824 4675 2962 4731 tam
3016 4667 3255 4732 acriter
3311 4665 3656 4730 nobiscum
3710 4662 4065 4729 decertant.
4164 4662 4256 4728 At
4313 4669 4416 4726 est

2461 4752 2938 4818 Lateranensis
2982 4750 3239 4818 concilii
3280 4751 3635 4816 decretum.
3717 4749 3879 4812 'Pale
3920 4768 4154 4831 nempe
4196 4746 4417 4831 qualia

2462 4837 2808 4921 permulta.
2909 4841 3175 4903 Norunt
3227 4837 3654 4903 historiarum
3722 4831 4136 4900 mediocriter
4199 4833 4413 4916 periti,

2463 4934 2838 5009 temporum
2884 4923 3150 4990 illorum
3204 4931 3349 4989 tum
3392 4921 3752 5000 inscitiam,
3808 4927 3952 4984 tum
3992 4919 4413 4984 ferocitatem.

2463 5010 2558 5075 Et
2598 5010 2763 5075 illud
2810 5031 2936 5076 usu
2979 5010 3209 5077 venire
3253 5009 3444 5075 solet:
3499 5017 3575 5072 ut
3624 5028 3750 5091 quo
3800 5005 4192 5071 indoctiores
4236 5012 4412 5082 sunt,

2464 5096 2578 5179 qui
2633 5105 2979 5179 praesunt,
3038 5118 3115 5162 eo
3167 5095 3380 5181 magis
3438 5095 3576 5160 sint
3618 5093 3969 5177 imperiosi.
4059 5090 4415 5156 Caeterum

2463 5187 2666 5248 testes
2711 5182 2876 5247 mihi
2919 5190 3119 5249 erunt
3161 5202 3388 5248 omnes
3431 5180 3581 5263 piae
3627 5180 3918 5256 animae,
3979 5176 4154 5259 quali
4197 5175 4417 5260 impli-
