4967 5992
401 327 526 390 257

398 514 550 594 Dei,
596 512 727 578 alia
767 513 1062 597 ipsorum
1104 513 1292 580 actio,
1370 513 1514 597 Ipsi
1556 515 1733 579 enim
1776 514 1970 580 malis
2013 522 2083 581 et
2121 515 2369 600 impro-

399 600 501 667 bis
559 600 695 664 suis
752 597 1217 681 cupiditatibus
1250 600 1754 682 obsequuntur:
1827 605 1975 680 [pag.
2017 605 2125 680 34]
2195 601 2369 668 hanc

400 683 890 769 improbitatem
931 685 1255 752 convertit
1294 684 1482 751 Deus
1525 684 1606 750 ad
1644 684 2061 768 exsequenda
2103 707 2227 751 sua
2269 688 2370 753 iu-

405 772 593 838 dicia.
659 771 881 853 Atque
924 769 1086 836 haec
1126 770 1364 837 leviter
1399 771 1671 854 attingo,
1713 778 1782 835 et
1813 771 2000 838 velut
2041 772 2113 836 in
2146 777 2368 837 trans-

401 875 628 923 cursu:
671 855 983 938 quoniam
1027 855 1186 922 alibi
1225 856 1439 923 fusius
1482 877 1559 922 ac
1602 854 1984 941 diligentius
2027 855 2370 924 tractanda

401 948 616 1008 erunt.
687 940 886 1022 Quod
924 947 1144 1007 autem
1186 942 1258 1006 in
1292 941 1779 1026 comparatione
1820 942 2003 1024 impii
2041 963 2192 1009 cum
2228 944 2368 1028 gla-

401 1028 530 1107 dio,
575 1025 872 1092 Luthero
916 1025 997 1092 de
1037 1027 1162 1093 hac
1205 1027 1585 1111 loquutione
1625 1027 1947 1094 invidiam
2001 1029 2217 1093 facere
2260 1048 2367 1094 co·

399 1122 620 1192 natur,
662 1133 796 1177 non
839 1120 942 1178 est
985 1113 1110 1179 hoc
1153 1114 1378 1179 fucum
1419 1114 1653 1194 facere,
1699 1112 1813 1180 sed
1862 1114 2141 1179 ferream
2187 1114 2366 1179 fron-

399 1207 535 1264 tem
576 1196 873 1282 prodere.
978 1196 1156 1263 Sunt
1208 1199 1385 1264 enim
1429 1199 1699 1282 spiritus
1743 1199 1984 1274 sancti,
2043 1220 2178 1264 non
2223 1200 2365 1263 Lu-

397 1283 573 1349 theri
620 1282 853 1349 verba:
910 1284 1125 1349 Assur
1167 1284 1358 1368 virga
1409 1284 1647 1350 furoris
1699 1285 1847 1350 mei.
1935 1285 2138 1350 Item:
2185 1283 2367 1365 Quid

397 1369 756 1538 gloriatug)
775 1370 1021 1435 securis
1037 1420 1053 1448 ,
1098 1390 1263 1453 quae
1306 1391 1511 1436 manu
1555 1370 1842 1436 secantis
1886 1369 2182 1454 regitur?
2246 1370 2364 1455 (Is.

403 1460 504 1536 10,
544 1459 602 1521 5.
646 1459 674 1518 1
759 1503 775 1519 .
1375 1491 1382 1498 -

573 1540 873 1607 Tertium
917 1547 1411 1625 argumentum:
1471 1540 1621 1607 Hoc
1667 1539 1906 1624 dogma
1944 1561 2206 1606 omnem
2250 1561 2367 1624 po-

395 1626 612 1692 litiam
655 1630 723 1690 et
762 1624 1080 1704 ordinem,
1126 1645 1392 1691 omnem
1433 1624 1602 1691 bene
1638 1625 1905 1693 vivendi
1950 1625 2367 1710 disciplinam

399 1733 487 1777 ex
543 1711 887 1776 hominum
931 1710 1074 1777 vita
1123 1711 1489 1794 proscribit.
1593 1712 1878 1777 Frustra
1921 1712 2097 1776 enim
2154 1712 2366 1778 virtu-

398 1798 577 1863 tibus
620 1796 927 1879 praemia,
973 1797 1223 1862 frustra
1255 1795 1606 1862 sceleribus
1641 1817 1887 1880 poenae
1920 1818 2370 1880 proponerem.

397 1892 528 1961 tur,
574 1884 628 1948 si
663 1902 927 1947 necesse
969 1887 1072 1947 est
1098 1883 1240 1946 fieri
1262 1881 1455 1965 quod
1497 1883 1630 1948 fiet.
1699 1881 1909 1963 Quasi
1941 1903 2119 1961 vero,
2162 1903 2365 1964 quum

397 1969 625 2034 Deum
669 1965 944 2034 dicimus
1010 1988 1129 2032 suo
1194 1967 1468 2033 arbitrio
1521 1968 1745 2033 omnia
1803 1967 2229 2048 constituere,
2297 1975 2366 2032 et

399 2052 686 2137 dirigere
728 2052 815 2118 ad
857 2074 1052 2118 suum
1092 2054 1322 2133 finem,
1380 2075 1515 2119 non
1558 2054 1682 2119 hoc
1725 2074 1978 2137 quoque
2022 2052 2362 2133 addamus,

399 2140 594 2205 certis
636 2137 1027 2216 rationibus,
1090 2140 1271 2205 velut
1311 2137 1543 2205 mediis
1589 2145 1704 2204 aut
1744 2138 2162 2204 inferioribus
2206 2160 2363 2204 cau-

398 2226 507 2305 sis,
550 2225 771 2307 ipsum
815 2224 932 2289 uti.
1021 2224 1127 2289 Ita
1168 2223 1456 2290 mundus
1509 2224 1738 2308 politia
1780 2232 1846 2289 et
1894 2223 2122 2309 legum
2168 2224 2363 2290 disci-

397 2309 585 2394 plina
627 2310 1029 2376 continetur:
1076 2308 1191 2376 sed
1232 2316 1559 2393 quatenus
1601 2309 1732 2375 illis
1775 2309 1986 2374 utitur
2028 2310 2233 2389 Deus,
2279 2309 2364 2375 ad

398 2416 571 2475 eam,
629 2416 829 2479 quam
881 2394 1054 2479 apud
1109 2417 1180 2461 se
1234 2397 1600 2479 proposuit,
1655 2394 1887 2460 mundi
1930 2396 2365 2462 conservatio-

395 2502 573 2548 nem.
661 2481 725 2546 N
725 2502 813 2546 on
855 2502 1086 2547 sumus
1131 2479 1370 2560 Stoici,
1425 2483 1539 2565 qui
1583 2480 1794 2546 fatum
1833 2481 2240 2546 somniemus
2280 2502 2365 2546 ex

394 2573 718 2650 perpetua
780 2587 1005 2631 rerum
1062 2568 1504 2636 connexione:
1570 2565 1687 2632 sed
1749 2572 2010 2631 tantum
2066 2565 2361 2647 dicimuS,

394 2653 625 2718 Deum
678 2652 923 2716 mundo
978 2673 1312 2735 praeesse,
1369 2673 1565 2736 quem
1616 2650 1933 2718 condidit:
1992 2673 2115 2718 nec
2166 2652 2362 2717 modo

395 2758 624 2804 rerum
676 2745 955 2805 eventus
1010 2737 1257 2804 habere
1297 2737 1369 2803 in
1415 2759 1537 2803 sua
1578 2744 1932 2821 potestate,
1991 2737 2107 2804 sed
2151 2737 2361 2802 homi-

394 2844 560 2888 num
602 2824 802 2888 etiam
843 2822 1041 2890 eorda
1083 2823 1472 2908 gubernare,
1518 2823 1894 2890 voluntates
1935 2824 2202 2890 flectere
2243 2843 2364 2906 pro

396 2929 517 2974 suo
563 2907 832 2974 arbitrio
876 2909 1007 2975 huc
1052 2917 1246 2992 atque
1287 2908 1465 2989 illuc,
1512 2909 1847 2974 actionum
1888 2930 2030 2975 esse
2064 2909 2364 2975 modera-

394 3000 626 3073 torem,
670 3001 747 3058 ιιι
790 2993 957 3058 nihil
1002 2995 1288 3072 tandem,
1334 2995 1463 3060 nisi
1497 2993 1670 3078 quod
1707 2994 2016 3075 decrevit,
2058 2995 2363 3074 efficiant,

395 3078 717 3163 quidquid
773 3086 1108 3145 conentur.
1209 3078 1503 3145 Proinde
1545 3099 1711 3163 quae
1765 3081 2034 3145 fortuita
2078 3080 2364 3145 maxime

393 3162 726 3245 videntur,
793 3185 871 3230 ea
935 3164 1213 3230 dicimus
1278 3165 1425 3230 fieri
1484 3167 1877 3231 necessario:
1947 3187 2079 3231 non
2133 3173 2365 3249 suapte

392 3257 639 3315 natura
653 3301 668 3331 ‚
725 3249 839 3315 sed
884 3251 1194 3333 quoniam
1250 3258 1591 3316 aeternum
1642 3257 1709 3315 et
1753 3250 1989 3316 stabile
2033 3251 2165 3315 Dei
2207 3273 2362 3317 con-

392 3335 618 3401 silium
669 3337 738 3401 in
791 3334 924 3401 illis
1070 3335 1422 3402 bernandis
1485 3343 1739 3419 regnat
1844 3336 2073 3419 Neque
2138 3343 2362 3402 tamen

392 3420 636 3488 idcirco
690 3421 911 3487 media
964 3421 1080 3486 ila
1142 3420 1581 3500 excludimus,
1649 3442 1815 3504 quae
1867 3420 1940 3485 in
1997 3421 2361 3488 voluntatis

393 3525 552 3572 suae
597 3506 982 3591 obsequium
1040 3507 1227 3573 Deus
1273 3506 1654 3573 destinavit:
1705 3528 1916 3590 neque
1971 3514 2088 3571 aut
2132 3508 2358 3586 otiosa,

395 3598 517 3657 aut
565 3612 974 3676 supervacua
1027 3592 1332 3672 dicimus,
1391 3612 1557 3676 quae
1601 3589 1865 3657 divinae
1907 3591 2360 3676 providentiae

392 3677 869 3761 complemento
912 3679 1229 3745 serviunt.

567 3762 901 3844 Quartum
945 3771 1435 3847 argumentum:
1483 3762 1678 3844 Quod
1712 3764 1926 3829 omnis
1959 3762 2215 3828 tollitur
2255 3785 2359 3828 re-

389 3848 584 3932 ligio,
646 3859 712 3915 et
766 3849 1066 3915 homines
1108 3855 1467 3916 vertuntur
1510 3848 1583 3912 in
1624 3847 1938 3932 pecudes,
1996 3849 2103 3914 vel
2141 3849 2359 3932 potius

387 3934 465 3999 in
523 3940 853 4017 portenta:
904 3939 1052 4014 [pag.
1100 3939 1208 4015 35]
1280 3954 1561 4018 quorum
1603 3934 2032 4000 admiratione
2072 3934 2356 4019 Pighius

383 4018 463 4083 in
516 4040 766 4085 morem
819 4019 1058 4103 lapidis
1118 4021 1499 4104 obrigescat.
1600 4020 1802 4086 Dicas
1854 4018 2191 4085 hominem
2248 4020 2357 4087 hic

383 4103 572 4188 loqui
624 4103 705 4170 de
757 4105 1074 4189 religione
1125 4104 1553 4172 vehementer
1606 4106 1913 4170 anxium:
1971 4125 2048 4171 ac
2104 4106 2162 4171 si
2220 4127 2356 4171 non

382 4189 587 4273 pleno
630 4210 743 4256 ore
782 4190 1028 4274 ubique
1078 4191 1361 4274 spiraret
1412 4210 1873 4257 romanensem
1926 4189 2352 4275 theologiam:

383 4274 582 4341 cuius
634 4265 920 4359 primum
977 4276 1238 4342 axioma
1277 4284 1407 4355 est,
1458 4283 1725 4341 tantum
1772 4275 1853 4341 de
1896 4277 2040 4341 Deo
2083 4275 2354 4343 creden·

385 4359 552 4425 dum
595 4381 758 4441 esse,
803 4369 1123 4445 quantum
1167 4362 1370 4427 libeat
1403 4368 1471 4427 et
1505 4361 1842 4428 conducat.
1908 4360 2042 4428 Sed
2087 4362 2355 4429 homine

440 4447 781 4527 raeteritO,
837 4447 1177 4515 videamus
1221 4468 1421 4531 quam
1464 4468 1700 4513 verum
1746 4448 1860 4527 sit’,
1906 4447 2079 4531 quod
2124 4448 2353 4514 obten-

444 4531 510 4597 't.
597 4532 899 4599 Dicimus
940 4533 1275 4599 hominem
1316 4553 1454 4597 non
1496 4532 1690 4598 modo
1726 4532 1892 4597 nihil
1935 4554 2131 4618 agere
2164 4554 2355 4618 posse

381 4614 566 4696 boni,
612 4617 728 4684 sed
769 4640 855 4684 ne
899 4619 1186 4702 cogitare
1231 4618 1523 4702 quidem,
1581 4623 1658 4682 ut
1699 4624 1877 4684 totus
1921 4641 1963 4685 a
2003 4618 2150 4685 Deo
2193 4641 2353 4703 pen-

383 4699 551 4768 dere
590 4702 816 4784 discat,
861 4725 937 4770 ac
981 4704 1062 4769 de
1106 4726 1178 4770 se
1221 4703 1595 4787 desperans,
1639 4705 1711 4769 in
1743 4703 1931 4770 illum
1972 4706 2239 4787 penitus
2282 4726 2354 4771 se

380 4787 689 4854 reiicere:
737 4789 796 4856 si
839 4787 996 4873 quid
1032 4789 1188 4855 boni
1228 4791 1456 4875 egerit,
1502 4788 1599 4853 illi
1643 4797 2004 4873 acceptum,
2051 4812 2184 4856 non
2229 4792 2353 4857 sibi

376 4873 663 4940 referat:
717 4895 841 4943 nec
894 4874 1234 4941 dimidiam
1288 4882 1550 4940 tantum
1613 4874 1713 4940 illi
1777 4874 2038 4941 laudem
2102 4877 2355 4943 tribuat

375 4958 710 5025 bonorum
755 4980 1047 5045 operum,
1093 4962 1209 5027 sed
1250 4961 1513 5044 plenam
1561 4981 1639 5027 ac
1679 4960 1973 5042 solidam,
2018 4962 2185 5027 nihil
2228 4961 2353 5029 sibi

375 5044 723 5129 reliquum
765 5046 1039 5127 faciens,
1085 5047 1215 5113 nisi
1297 5045 1429 5113 uod
1472 5048 1554 5112 ab
1598 5067 1674 5113 eo
1717 5048 1991 5132 accepit,
2035 5047 2354 5132 quidquid

373 5129 606 5197 habet.
697 5131 1014 5212 Dicimus,
1051 5132 1302 5198 homini
1335 5134 1702 5217 ingenitam
1739 5134 2234 5218 perversitatem
2268 5157 2354 5201 ex

372 5216 827 5283 haereditaria
888 5219 1330 5302 corruptione:
1397 5226 1473 5285 ιιι
1524 5218 1841 5304 quidquid
1903 5227 2157 5305 peccat,
2227 5221 2355 5288 sibi

604 5315 829 5376 cami
850 5334 1035 5390 opera.
1114 5319 1231 5377 Vol.
1274 5320 1372 5377 1⁷1.

1881 326 2012 408 DE
2055 327 2412 396 LIBERO
2453 261 2931 397 AREI'I'RIO.

4308 340 4436 407 258

2473 517 2787 602 imputet,
2855 542 2978 587 nec
3043 520 3171 587 alio
3226 520 3485 605 culpam
3541 523 3922 602 transferat,
3980 544 4183 606 quum
4236 526 4306 591 in
4364 546 4436 593 se

2472 604 2617 688 ipso
2670 606 2971 671 inveniat
3022 606 3183 672 mali
3246 606 3553 673 radicem.
3653 608 3985 687 Dicimus,
4053 631 4190 675 non
4244 632 4438 678 caeco

2473 698 2590 755 aut
2641 692 2910 756 fortuito
2963 713 3119 758 casu
3173 714 3438 759 sursum
3493 691 3799 759 deorsum
3841 695 4093 760 versa-ri
4148 717 4255 762 res
4311 698 4437 763 hu·

2471 795 2721 855 manas,
2761 777 2877 842 sed
2919 783 3099 843 certo
3141 777 3274 843 Dei
3314 778 3584 844 consilio
3635 777 4107 845 administrari:
4152 788 4227 846 ut
4265 783 4437 848 nihil

2472 861 2768 928 accidere
2810 864 3016 945 possit
3056 884 3255 946 quam
3295 862 3471 946 quod
3514 865 3805 931 decrevit
3836 864 3918 930 ab
3954 866 4171 931 initio:
4215 869 4438 933 omnia

2472 946 2613 1012 eius
2655 949 2964 1030 potestati
3007 950 3298 1014 subiecta
3351 970 3519 1015 esse:
3577 948 3723 1015 ideo
3778 950 4033 1016 nullam
4076 972 4218 1018 esse
4262 973 4438 1019 crea-

2469 1037 2722 1112 turam,
2829 1054 2955 1099 uae
3019 1054 3156 1098 non
3222 1034 3364 1100 eius
3415 1035 3770 1114 voluntati,
3837 1043 3954 1101 aut
4007 1044 4266 1119 sponte,
4320 1050 4436 1105 aut

2471 1124 2709 1197 coacta,
2753 1139 2791 1183 o
2837 1125 3175 1202 temperet.
3263 1119 3553 1185 Proinde
3599 1140 3768 1203 quae
3809 1122 4009 1200 fiunt,
4055 1125 4276 1189 omnia
4318 1146 4435 1190 ne-

2470 1202 2754 1269 cessario
2810 1204 2953 1268 fieri
3008 1211 3206 1288 prout
3260 1203 3605 1273 ordinavit,
3695 1203 4018 1272 Satanam
4070 1228 4328 1293 quoque
4367 1217 4437 1276 et

2471 1308 2702 1353 omnes
2743 1288 2978 1372 impios
3022 1291 3162 1355 eius
3204 1290 3480 1374 imperio
3519 1311 3660 1356 esse
3694 1289 4025 1372 obnoxios,
4062 1298 4139 1358 ut
4180 1315 4256 1359 se
4294 1315 4436 1361 mo·

2470 1394 2632 1439 vere
2685 1379 3046 1457 nequeant,
3099 1374 3231 1440 nisi
3285 1380 3604 1458 quantum
3658 1377 3955 1442 iusserit:
4010 1398 4216 1444 manu
4261 1381 4439 1445 enim

2472 1459 2617 1525 eius
2672 1459 2858 1526 velut
2910 1460 3139 1526 fraeno
3183 1466 3301 1525 aut
3341 1461 3626 1544 capistro
3669 1463 3981 1528 coerceri:
4025 1469 4101 1528 ut
4139 1470 4283 1529 tum
4325 1487 4438 1532 eos

2469 1544 2775 1625 retineat,
2804 1544 2853 1630 ¹)
2909 1567 3114 1628 quum
3166 1545 3460 1611 libuerit:
3528 1553 3673 1612 tum
3724 1547 4022 1631 impellat
4073 1556 4141 1614 et
4195 1548 4319 1615 diri
4408 1560 4440 1615 t

2470 1629 2555 1696 ad
2609 1629 3027 1713 exsequenda
3077 1653 3199 1698 sua
3251 1631 3510 1700 iudicia.
3613 1631 3800 1713 Quae
3856 1633 4078 1698 omnia
4129 1656 4264 1699 non
4377 1636 4436 1702 ‘o

2468 1721 2788 1798 spectant,
2835 1716 2965 1781 nisi
3007 1724 3084 1782 ut
3124 1716 3339 1783 fidelis
3381 1719 3452 1781 in
3489 1718 3616 1783 hac
3652 1718 3781 1782 Dei
3815 1719 4291 1803 omnipotentia
4334 1742 4438 1788 se·

2469 1821 2667 1868 curus
2712 1802 3110 1885 acquiescat3
3160 1823 3286 1868 nec
3338 1809 3594 1867 metuat
3646 1802 3983 1868 fortunam
4031 1812 4147 1869 aut
4191 1825 4435 1887 casum,

2467 1908 2591 1953 nec
2647 1894 2762 1951 aut
2819 1909 2859 1953 a
2909 1888 3138 1954 bestiis
3193 1894 3310 1953 aut
3374 1886 3753 1953 hominibus
3813 1895 3931 1953 aut
3984 1888 4259 1955 diabolis
4316 1889 4440 1957 sibi

2469 1972 2715 2052 timeat,
2760 1994 2834 2038 ac
2879 1972 2935 2038 si
2977 1973 3150 2038 laxis
3194 1978 3311 2038 aut
3350 1973 3574 2039 fractis
3620 1973 3895 2039 habenis
3945 1974 4281 2040 ferrentur
4322 1998 4440 2042 suo

2468 2058 2755 2140 impetu,
2807 2058 2951 2124 sine
3008 2057 3333 2142 superiori
3384 2058 3708 2142 regimine
3724 2081 3741 2137 ;
3797 2058 3914 2123 sed
3966 2060 4259 2126 animam
4297 2082 4440 2128 cor-

2468 2164 2722 2227 pusque
2763 2142 2911 2208 Deo
2954 2145 3274 2228 resignet,
3330 2150 3524 2226 atque
3566 2144 3659 2208 ita
3703 2143 3773 2208 in
3819 2145 3960 2208 eius
4004 2145 4282 2211 tutelam
4323 2167 4442 2231 pa-

2468 2234 2613 2294 cato
2633 2227 3111 2313 tranquilloque
3146 2229 3363 2294 animo
3397 2229 3755 2308 recumbat,
3792 2230 3978 2295 cuius
4013 2238 4184 2296 nutu
4219 2233 4443 2298 omnia

2470 2314 2812 2393 constitui,
2888 2315 3074 2380 cuius
3150 2336 3356 2380 manu
3420 2315 3644 2378 omnia
3703 2314 3849 2379 fieri
3913 2316 4118 2380 novit.
4228 2316 4440 2383 Porro

2469 2420 2674 2482 quum
2715 2399 2881 2465 haec
2923 2404 3063 2465 tota
3097 2399 3395 2466 doctrina
3426 2397 3765 2464 hominem
3803 2405 3948 2478 [pag.
3988 2403 4096 2478 36]
4134 2420 4271 2465 non
4306 2402 4441 2468 nisi

2469 2483 2555 2548 ad
2598 2484 3061 2564 humilitatem,
3104 2486 3410 2550 timorem
3453 2485 3609 2565 Dei,
3653 2484 3963 2549 fiduciam
4000 2485 4073 2549 in
4117 2486 4261 2551 Deo
4306 2487 4439 2553 col-

2466 2569 2833 2649 locandam
2878 2571 3155 2655 gloriam
3188 2570 3322 2635 Dei
3355 2567 3881 2654 praedicandam,
3920 2571 4229 2636 instituat
4263 2570 4438 2656 (qui-

2468 2656 2595 2721 bus
2656 2656 3071 2739 potissimum
3137 2655 3336 2722 rebus
3409 2661 3665 2722 constat
3728 2676 3886 2721 vera
3962 2655 4226 2741 religio)
4302 2679 4439 2723 non

2469 2747 2574 2893 {st
2599 2763 2745 2891 l:qur
2796 2747 2935 2807 tam
2989 2748 3277 2808 atrocem
3338 2744 3815 2808 accusationem
3881 2741 4072 2808 nobis
4134 2742 4440 2809 intendat

2531 2849 2600 2911 ig
2649 2848 2774 2892 lus.

2643 2911 2970 2993 Quintum
3002 2920 3500 2997 argumentum:
3539 2912 3762 2977 Deum
3806 2911 3900 2978 sic
3923 2910 4246 2995 loquendo
4278 2913 4437 2979 faci-

2466 3019 2619 3064 mus
2664 2998 2986 3063 malorum
3031 2999 3326 3063 omnium
3372 3003 3701 3076 autorem,
3751 3018 3835 3062 ex
3878 2997 4240 3064 iustissimo
4288 3021 4438 3065 cru-

2467 3083 2683 3149 delem
2727 3103 2804 3149 ac
2849 3105 3141 3162 saevum,
3187 3091 3255 3148 et
3295 3084 3621 3148 infinitam
3665 3084 3806 3148 eius
3841 3084 4232 3166 sapientiam
4273 3086 4439 3151 stul-

2467 3174 2607 3233 tam
2664 3169 2958 3235 facimus.
3057 3167 3383 3252 Equidem
3440 3168 3574 3233 tale
3630 3167 3944 3233 iudicium
3989 3190 4030 3233 a
4072 3189 4273 3235 carne
4317 3193 4440 3237 sua

2468 3254 2845 3320 hominibus
2902 3253 3133 3319 dictari
3185 3276 3321 3320 non
3375 3274 3577 3338 nege,
3634 3260 3710 3317 ut
3763 3254 3983 3319 Deum
4038 3253 4242 3319 talem
4295 3276 4438 3323 esse

2465 3340 2859 3421 concipiant,
2917 3360 3122 3423 quum
3184 3340 3403 3422 ipsum
3458 3336 3766 3417 audiunt,
3835 3338 3915 3403 de
3981 3338 4239 3405 arcanis
4298 3343 4436 3407 suis

2467 3424 2727 3492 iudiciis
2771 3425 3165 3509 loquentem.
3251 3423 3387 3490 Sed
3431 3423 3642 3507 qualis
3679 3424 3806 3489 erit
3845 3424 3975 3489 ista
4017 3424 4331 3507 aequitas,
4378 3427 4437 3492 si

2465 3509 3149 3594 incomprehensibilia
3201 3508 3332 3575 Dei
3396 3508 3664 3588 iudicia,
3743 3528 3912 3591 quae
3963 3508 4216 3575 Paulus
4281 3531 4436 3577 cum

2464 3594 2901 3680 trepidatione
2956 3594 3187 3660 adorat
3244 3601 3311 3661 et
3354 3594 3640 3660 miratur
3683 3594 3904 3680 (Rom.
3952 3599 4049 3674 11,
4090 3597 4233 3681 33),
4280 3596 4434 3679 quia

2464 3688 2774 3748 excutere
2817 3702 2952 3746 non
2991 3680 3209 3760 audet,
3255 3681 3683 3746 aestimentur
3727 3701 3809 3744 ex
3846 3679 4050 3745 stulta
4085 3681 4434 3748 hominum

2462 3767 2764 3833 ratione?
2849 3766 3076 3849 Quum
3117 3766 3373 3832 Paulus
3410 3766 3554 3850 ipse
3594 3766 3948 3848 impiorum
3991 3765 4433 3848 blasphemias

2461 3853 2536 3917 in
2577 3852 2872 3918 medium
2912 3853 3188 3936 profert,
3243 3850 3428 3918 addit
3471 3873 3541 3917 se
3583 3851 3762 3934 loqui
3806 3850 4171 3917 secundum
4218 3852 4429 3917 homi-

2461 3959 2618 4003 nem
2675 3940 2896 4025 (Rom.
2935 3942 2992 4018 3,
3033 3938 3119 4020 5).
3222 3936 3372 4018 Quo
3435 3938 3639 4003 verbo
3703 3936 4090 4021 simpliciter
4156 3937 4426 4003 demon-

2460 4031 2659 4105 strat,
2706 4045 2841 4091 non
2883 4043 3072 4107 posse
3114 4022 3450 4089 hominem
3493 4023 3623 4089 nisi
3665 4043 4040 4107 perperam,
4089 4043 4294 4107 usque
4338 4023 4425 4088 ad

2459 4109 2697 4193 impias
2760 4117 2829 4175 et
2880 4109 3237 4195 sacrilegas
3287 4109 3656 4194 opiniones,
3713 4107 3793 4175 de
3846 4108 3952 4174 his
4005 4108 4200 4174 rebus
4252 4108 4424 4173 iudi-

2459 4216 2626 4262 care.
2724 4196 2907 4280 Ergo
2965 4197 3046 4261 ab
3100 4196 3229 4262 ista
3280 4194 3623 4280 praecipiti
3680 4195 3899 4261 carnis
3963 4193 4237 4261 audacia
4298 4215 4422 4261 nos

2458 4279 2545 4346 ad
2587 4289 2834 4347 castam
2875 4282 3292 4347 sobrietatem
3336 4280 3728 4364 divinaeque
3780 4280 4069 4345 iustitiae
4111 4300 4421 4346 reveren-

2459 4367 2619 4431 tiam
2677 4375 3157 4435 convertamus.
3257 4368 3432 4432 'I'um
3486 4365 3965 4450 intelligemus,
4021 4386 4143 4432 nec
4198 4366 4421 4432 Deum

2455 4453 2604 4517 fieri
2656 4453 2981 4519 malorum
3027 4459 3350 4532 autorem,
3409 4472 3609 4536 quum
3654 4451 3897 4517 dicitur
3939 4452 4178 4535 impios
4223 4472 4419 4537 agere

2457 4559 2587 4620 quo
2627 4538 2803 4619 vult,
2862 4545 2930 4604 et
2981 4560 3099 4622 per
3151 4538 3299 4602 illos
3356 4557 3524 4620 opus
3578 4557 3776 4602 suum
3829 4557 4147 4620 peragere
4191 4543 4260 4603 et
4303 4559 4422 4604 ex-

2455 4624 2671 4706 sequi:
2718 4622 2835 4689 sed
2876 4625 3096 4708 potius
3150 4622 3605 4688 confitebimur
3643 4643 3786 4689 esse
3826 4622 4141 4688 eximium
4186 4628 4256 4689 et
4293 4625 4421 4689 mi-

2457 4710 2718 4775 rificum
2762 4710 3110 4789 artificem,
3167 4709 3280 4792 qui
3323 4709 3491 4774 bene
3535 4708 3735 4773 etiam
3778 4708 3970 4774 malis
4014 4709 4419 4775 instrumen-

2457 4795 2544 4860 tis
2596 4800 2853 4859 utatur:
2910 4795 3231 4862 iustitiam
3283 4794 3426 4859 eius
3479 4814 3790 4878 cogemur
3841 4795 4197 4877 suspicere,
4254 4815 4419 4877 quae

2449 4901 2594 4945 -non
2647 4878 2839 4945 modo
2893 4882 2967 4946 in
3020 4880 3237 4946 media
3289 4879 3636 4963 iniquitate
3689 4880 3869 4945 viam
3920 4880 4243 4960 inveniat,
4301 4878 4419 4945 sed

2455 4965 2600 5048 ipsa
2645 4986 2900 5049 quoque
2942 4965 3293 5050 iniquitate
3333 4971 3563 5032 utatur
3604 4967 3676 5031 in
3715 4965 3979 5032 bonum.

2597 5170 2656 5237 1)
2702 5177 2765 5225 ιιι
2806 5176 2920 5226 ιιιιιι
2967 5187 3153 5228 omnes
3201 5187 3298 5228 eos
3342 5172 3610 5228 retineat:
3683 5169 3969 5226 Galla-§ius
4030 5176 4082 5225 et
4140 5174 4422 5239 sequentes

2452 5241 2656 5311 omues,
2700 5238 2863 5295 etiam
2905 5238 3113 5297 Gallus.

3940 5323 4005 5377 17
