4967 5992
399 386 521 449 381

401 572 531 638 Dei
573 572 760 636 done.
830 571 1063 654 Neque
1108 569 1392 637 difficilis
1437 580 1538 635 est
1579 561 1662 635 de
1704 591 1776 634 re
1818 570 1964 655 ipsa
2008 574 2364 654 responsio.

402 655 743 740 Quidquid
786 664 1086 727 nostrum
1131 665 1247 734 est,
1296 676 1415 738 pro
1459 676 1536 720 eo
1579 655 1843 739 accipio,
1889 656 2063 739 quod
2106 669 2207 722 est
2248 678 2368 723 no-

402 744 504 809 bis
558 743 918 826 proprium.
1006 742 1155 806 Hoc
1197 761 1395 826 porro
1440 761 1583 806 esse
1625 739 1892 821 definio,
1949 742 2139 824 quod⁴
2167 742 2367 808 habe-

402 850 551 894 mus
595 830 662 892 in
709 827 916 905 nobis,
965 849 1005 892 a
1048 827 1177 892 Dei
1221 828 1551 893 creatione
1595 835 1991 911 separatum.
2082 829 2209 894 Est
2249 849 2366 894 au-

402 922 539 979 tem
593 912 947 991 vitiositas,
1019 933 1188 997 quae
1264 933 1400 976 non
1463 913 1533 977 in
1617 912 1838 996 aliqua
1891 916 2097 979 nostri
2158 922 2364 996 parte,

404 999 519 1066 sed
564 1000 636 1063 in
681 1004 824 1063 tota
866 1008 1108 1065 natura
1150 999 1397 1063 haeret.
1487 998 1657 1063 Eam
1704 999 1881 1063 enim
1925 1007 2130 1064 totam
2178 998 2249 1063 in
2296 1020 2366 1064 se

406 1087 546 1169 ipso
613 1086 867 1167 primus
934 1084 1129 1149 homo
1192 1082 1511 1168 perdidit,
1586 1086 1757 1149 sicut
1819 1093 1888 1148 et
1951 1086 2367 1169 Augustinus

405 1170 633 1237 scribit
679 1168 764 1234 ad
806 1168 1120 1235 Vitalem.
1150 1170 1197 1254 ¹)
1288 1169 1482 1234 Nunc
1536 1170 1649 1252 qui
1702 1169 1879 1234 inter
1921 1171 2203 1254 primam
2249 1191 2366 1234 na-

405 1265 596 1322 turae
639 1256 1041 1322 creationem
1084 1265 1151 1320 et
1186 1275 1353 1338 quae
1386 1263 1615 1338 postea
1660 1257 2046 1338 supervenit
2088 1276 2171 1320 ex
2217 1277 2365 1339 pec-

406 1351 548 1408 eato
594 1341 1076 1425 corruptionem
1125 1339 1532 1424 distinguere
1575 1342 1846 1423 poterit,
1894 1339 1977 1405 ab
2015 1343 2194 1405 omni
2241 1341 2366 1406 dif-

405 1427 703 1494 ficultate
746 1447 882 1491 non
926 1446 1169 1511 magno
1213 1448 1285 1492 se
1327 1427 1589 1524 negotio
1623 1424 1943 1508 expediet.

582 1510 718 1578 Sed
773 1511 1057 1596 Pighius
1124 1511 1641 1595 disputationem
1707 1512 1909 1577 altam
1959 1512 2361 1596 ingreditur:

410 1620 541 1682 qua
581 1618 689 1662 me
730 1598 1022 1680 pressius
1054 1599 1276 1662 ‘teneri
1320 1605 1540 1680 putat,
1588 1617 1784 1680 quam
1831 1607 1909 1662 ut
1951 1600 2196 1681 possim
2243 1621 2367 1663 un-

408 1705 608 1768 quam
686 1683 874 1749 elabi.
978 1683 1153 1748 Nam
1230 1704 1349 1766 per
1402 1684 1729 1748 rationem
1808 1692 1876 1748 et
1937 1684 2365 1762 voluntatem,

409 1790 571 1853 quas
613 1771 683 1834 in
730 1777 944 1833 totum
987 1770 1291 1834 renovari
1335 1777 1636 1853 oportere
1676 1767 2017 1848 contendo,
2064 1791 2365 1836 necessa-

409 1857 509 1920 rio
553 1864 672 1921 aut
712 1853 1051 1921 rationalis
1084 1856 1340 1919 animae
1384 1856 1754 1933 essentiam,
1803 1865 1918 1920 aut
1959 1865 2135 1921 certe
2178 1877 2367 1921 ener-

408 1942 553 2025 gias
595 1951 664 2005 et
717 1941 999 2006 virtutes
1044 1939 1197 2006 inde
1251 1937 1684 2006 scaturientes
1737 1940 2071 2025 intelligit.
2090 1942 2149 2022 ²)
2237 1942 2367 2006 His

409 2036 630 2092 autem
685 2046 829 2092 esse
869 2035 1166 2091 mutuam
1221 2027 1398 2090 inter
1441 2047 1510 2091 se
1563 2027 2039 2092 connexionem
2056 2077 2071 2104 ,
2130 2035 2204 2091 ut
2261 2047 2364 2091 se-

407 2112 629 2196 parari
666 2111 877 2177 nihilo
919 2112 1131 2196 magis
1170 2113 1443 2194 possint,
1489 2132 1687 2194 quam
1734 2112 1817 2177 ab
1850 2114 2004 2195 igne
2050 2112 2149 2178 vis
2193 2112 2364 2178 calo-

406 2199 609 2274 rifica,
654 2205 772 2263 aut
803 2197 1235 2263 illustratoris
1275 2218 1317 2262 a
1357 2197 1509 2262 sole.
1578 2197 1761 2262 Fieri
1805 2218 1963 2282 ergo
1996 2217 2131 2262 non
2174 2218 2366 2282 posse

407 2282 756 2359 concludit,
803 2292 879 2348 ut
908 2282 1099 2348 nobis
1135 2283 1519 2348 auferantur
1557 2283 1864 2348 voluntas
1898 2291 1966 2348 et
1999 2284 2187 2362 ratio,
2234 2282 2367 2348 nisi

406 2371 744 2435 auferatur
782 2377 850 2433 et
889 2370 1035 2452 ipsa
1071 2368 1410 2433 rationalis
1444 2370 1702 2433 animae
1734 2367 2122 2447 substantia,
2168 2377 2366 2452 atque

404 2456 481 2519 in
545 2456 688 2520 eius
752 2455 966 2520 locum
1023 2475 1198 2520 nova
1262 2454 1519 2536 aliaque
1577 2455 1797 2519 anima
1864 2453 2183 2520 succedat.
2274 2459 2369 2519 At

404 2542 577 2607 scire
619 2562 702 2605 ex
746 2561 822 2605 eo
853 2539 1075 2619 velim,
1121 2561 1346 2604 annon
1375 2540 1508 2605 illis
1553 2540 1811 2606 animae
1845 2540 2157 2623 potentiis
2202 2561 2364 2623 qua-

405 2627 627 2691 litates
670 2623 962 2692 accidere
1005 2647 1195 2710 posse
1240 2624 1565 2691 concedat.
1632 2625 1779 2691 Hoc
1821 2627 1995 2690 enim
2041 2647 2365 2704 concesso,

405 2712 621 2777 soluta
662 2720 823 2777 sunt
864 2711 982 2776 illa
1023 2712 1319 2789 vincula,
1380 2711 1617 2795 quibus
1659 2731 1767 2775 me
1806 2713 2164 2795 constringi
2223 2712 2365 2795 glo-

407 2797 718 2863 riabatur.
808 2794 987 2879 Quid
1030 2795 1439 2880 respondeat,
1485 2796 1660 2861 nihil
1702 2818 1939 2863 moror.
2029 2799 2195 2863 Dico
2240 2799 2365 2862 sic-

408 2894 485 2948 ut
537 2905 645 2949 res
698 2884 843 2967 ipsa
894 2884 1210 2966 loquitur,
1265 2883 1702 2948 ratiocinandi
1756 2885 2151 2966 potentiam,
2197 2904 2365 2966 quae

404 2970 479 3033 in
509 2978 734 3035 mente
765 2969 987 3034 sedem
1021 2969 1237 3048 habet,
1282 2968 1426 3034 dico
1458 2967 1719 3034 volendi
1751 2969 2151 3047 facultatem,
2195 2988 2364 3052 quae

405 3055 479 3119 in
514 3054 707 3120 corde
739 3054 1000 3132 residet,
1045 3055 1312 3120 vitiatas
1348 3058 1498 3134 [pag.
1535 3058 1686 3133 207]
1716 3076 1860 3120 esse
1892 3063 2364 3138 corruptasque

402 3149 688 3224 peceato.
776 3140 922 3206 Ista
962 3141 1349 3219 vitiositate,
1405 3159 1571 3224 quae
1628 3149 1839 3206 totam
1889 3140 2174 3206 hominis
2220 3141 2363 3205 ani-

402 3246 581 3291 mam
624 3227 695 3291 in
739 3226 876 3292 suis
919 3227 1229 3310 potentiis
1272 3226 1639 3309 occupavit,
1682 3228 1823 3290 fieri
1872 3224 2033 3307 dico,
2082 3234 2156 3291 ut
2197 3224 2367 3291 nihil

407 3313 667 3396 cogitet,
713 3312 935 3396 eligat,
985 3311 1159 3392 velit,
1206 3321 1494 3390 conetur,
1550 3312 1744 3376 faciat
1782 3310 1997 3390 homo,
2047 3312 2179 3376 nisi
2220 3333 2364 3376 ma-

404 3399 564 3462 lum.
656 3398 881 3481 Atque
939 3398 1063 3464 hoc
1105 3420 1303 3464 sensu
1358 3397 1503 3462 dico
1547 3407 1615 3462 et
1659 3397 1906 3463 aboleri
1949 3411 2017 3462 et
2059 3398 2365 3462 renovari

402 3493 725 3567 oportere,
760 3482 1085 3566 quidquid
1131 3506 1213 3549 ex
1231 3535 1237 3542 .
1258 3480 1447 3548 nobis
1493 3490 1608 3547 est.

577 3567 877 3637 Subiicio
914 3568 1181 3648 deinde,
1244 3569 1645 3633 voluntatem
1701 3577 1929 3650 suopte
1978 3568 2244 3653 ingenio
2287 3570 2360 3633 in

403 3675 559 3719 eum
603 3654 873 3720 modum
915 3676 956 3719 a
1001 3656 1144 3719 Deo
1189 3673 1513 3729 aversam,
1562 3654 1704 3719 sola
1746 3655 1871 3719 Dei
1920 3654 2165 3718 virtute
2205 3673 2360 3719 eon·-

342 3735 347 3742 ’
404 3742 608 3818 verti,
669 3743 762 3806 sic
819 3751 893 3806 ut
936 3741 1153 3805 nullas
1208 3742 1278 3805 in
1321 3739 1578 3823 agendo
1634 3752 1858 3823 partes
1904 3739 2170 3819 habeat,
2231 3741 2359 3805 nisi

404 3839 731 3909 quatenus
772 3848 811 3892 a
844 3828 1129 3892 Domino
1163 3826 1611 3910 praevenitur:
1659 3837 1851 3909 atque
1894 3827 1988 3891 ita
2022 3821 2195 3909 quod
2241 3826 2360 3890 ali-

402 3912 554 3979 eubi
597 3912 803 3977 tradit
846 3914 1265 3997 Augustinus
1282 3963 1297 3990 ,
1350 3914 1777 3996 interpretor:
1844 3932 1978 3976 non
2021 3911 2361 3994 praeviam

400 4019 575 4077 esse,
632 3998 746 4064 sed
786 3998 1241 4082 pedissequam
1283 3998 1354 4063 in
1393 3996 1564 4063 bono
1606 4019 1818 4082 opere.
1909 3996 2168 4079 Quibus
2212 4019 2362 4064 ver·

402 4086 506 4150 bis
548 4084 807 4149 nullum
864 4105 971 4148 me
1006 4085 1077 4147 in
1118 4106 1197 4150 ea
1235 4085 1482 4149 bonum
1526 4095 1775 4149 motum
1827 4104 2182 4167 agnoscere
2227 4084 2361 4233 silgt-¹

403 4171 629 4248 nifieo,
696 4172 805 4253 qui
859 4192 995 4235 non
1050 4189 1133 4233 ex
1198 4171 1467 4253 spiritus
1518 4171 1941 4236 renovatione
2005 4170 2186 4234 fluat.

312 4304 327 4314 .
399 4256 618 4339 primo
658 4255 953 4321 membro
990 4277 1125 4320 non
1159 4255 1497 4321 ferendam
1532 4256 1602 4319 in
1636 4257 1856 4321 Deum
1886 4254 2364 4337 blasphemiam

401 4342 732 4407 contineri
776 4342 1114 4407 existimat
1143 4342 1227 4407 Pi
1278 4341 1445 4418 hius,
1493 4343 1647 4424 quia
1691 4338 2103 4407 subindicare
2136 4340 2358 4418 velim,

400 4428 765 4493 necessario
807 4447 1111 4493 aversam
1152 4448 1192 4491 a
1305 4448 1382 4492 eo
1425 4448 1568 4492 esse
1610 4428 2040 4506 voluntatem,
2083 4433 2362 4490 naturae

398 4513 582 4577 vitio.
652 4511 787 4579 Sed
811 4534 1016 4596 quum
1053 4515 1212 4579 satis
1237 4521 1390 4578 ante
1426 4512 2037 4591 demonstraverim,
2064 4533 2196 4577 non
2219 4531 2362 4576 esse

396 4599 549 4664 Deo
600 4598 1094 4682 imputandum,
1151 4599 1325 4682 quod
1381 4596 1504 4662 sibi
1548 4598 1704 4662 mali
1758 4597 1955 4663 homo
1996 4619 2121 4662 sua
2165 4597 2363 4680 culpa

395 4685 748 4762 contraxit,
792 4685 1039 4750 frustra
1077 4685 1149 4749 in
1194 4683 1320 4769 Dei
1367 4684 1834 4749 contumeliam
1876 4683 2166 4748 recidere
2207 4703 2362 4748 eau-

394 4779 618 4849 satur,
665 4768 835 4854 quod
879 4770 960 4835 de
1003 4769 1217 4836 cordis
1260 4770 1549 4834 humani·
1581 4770 1909 4852 pravitate
1950 4769 2208 4850 ubique,
2256 4767 2361 4832 vel

393 4877 506 4921 me
552 4863 838 4933 tacente,
894 4855 1139 4921 clamat
1182 4857 1442 4920 veritas.
1534 4853 1840 4920 Alterum
1884 4863 2108 4919 tamen
2153 4874 2361 4918 mem-

393 4944 622 5020 brum,
689 4942 802 5007 ubi
869 4940 1036 5006 ullas
1102 4941 1185 5007 ad
1244 4941 1741 5006 conversionem
1799 4961 1942 5006 esse
1996 4939 2389 5003 voluntatis

393 5037 624 5112 partes
690 5047 889 5111 nego,
957 5028 1088 5092 nisi
1153 5026 1362 5111 quoad
1432 5028 1785 5093 reformata
1846 5026 2077 5103 fuerit,
2146 5025 2362 5090 acrius

398 5161 647 5169 -Μ-
662 5161 721 5167 „-
756 5160 811 5167 --

543 5232 603 5368 ἐξ
639 5229 1076 5356 {212⁸wa
1110 5299 1279 5358 Boea.
1350 5282 1534 5356 Antea
1570 5281 1874 5370 leym.-
1909 5303 2151 5371 intelligi.

1890 381 2019 448 DE
2040 382 2419 449 -LIBERO
2460 381 2936 450 ARBI'I'RIO.

4301 394 4424 458 382

2472 569 2942 657 exagitandum
2987 574 3113 642 sibi
3158 575 3378 640 sumit.
3469 575 3640 642 Nam
3685 576 3740 641 si
3785 576 3869 641 ad
3912 580 4408 646 conversionem

2473 658 2733 741 inquit,
2779 658 2946 722 nihil
3001 663 3343 742 potestatis
3398 661 3724 744 reliquum
3782 661 3969 728 nobis
4014 673 4116 730 est
4131 716 4145 743 ,
4202 666 4316 731 sed
4358 637 4432 732 id

2471 759 2673 826 penes
2720 764 2927 809 unum
2971 752 3072 809 est
3115 746 3243 809 Dei
3283 746 3794 829 beneplacitum,
3842 749 3983 828 ubi,
4029 749 4317 832 quando,
4364 763 4432 817 et

2471 829 2793 911 quomodo
2838 831 3031 910 velit,
3074 831 3229 913 quid
3276 830 3444 896 ludit
3485 853 3771 915 operam,
3816 836 3947 899 imo
3990 832 4145 918 quid
4188 836 4432 902 ridicu-

2472 913 2610 978 lum
2654 936 2725 979 se
2769 915 2943 994 facit,
2993 918 3204 994 toties,
3253 925 3332 981 ut
3373 929 3866 996 convertamur,
3925 942 3964 984 a
4008 921 4197 986 nobis
4241 924 4430 1007 flagi-

2472 998 2718 1063 tando?
2809 1001 3135 1085 Magnum
3189 1023 3349 1066 vero
3393 1012 3461 1068 et
3513 1004 3898 1083 absurdum,
3956 1006 4011 1069 si
4064 1027 4103 1070 a
4145 1027 4431 1090 paupere

2472 1081 2764 1150 debitore
2806 1087 3054 1151 iustum
3099 1086 3262 1153 alias
3305 1109 3380 1154 ac
3410 1087 3781 1173 legitimum
3824 1111 4063 1155 nomen
4109 1093 4434 1176 exigatur.

2473 1168 2866 1253 Quanquam
2933 1171 3061 1236 alio
3128 1174 3326 1237 etiam
3392 1175 3525 1239 fine
3576 1173 3941 1253 Dominum
4008 1177 4090 1241 ad
4157 1198 4433 1244 cenver-

2471 1257 2724 1321 sionem
2766 1256 3030 1321 hortari·
3063 1277 3234 1335 suos,
3281 1261 3584 1342 superius
3628 1259 3877 1327 dictum
3921 1271 4040 1327 est.
4129 1263 4434 1346 Requirit

2471 1341 2648 1405 enim
2694 1342 2775 1407 ab
2809 1340 2961 1419 illis,
3007 1340 3180 1424 qued
3213 1344 3408 1408 simul
3452 1347 3777 1426 promittit
3818 1367 3890 1411 se
3926 1347 4254 1414 daturum.
4322 1350 4433 1415 Ita

2471 1434 2819 1510 praecepte
2859 1427 3011 1491 illos
3053 1428 3137 1491 ad
3190 1429 3633 1511 recipiendam
3689 1433 4187 1513 promissionem
4242 1455 4430 1517 prae-

2471 1523 2676 1594 parat.
2768 1511 2903 1578 Sed
2959 1534 3078 1577 cur
3132 1533 3254 1578 nos
3317 1515 3565 1580 frustra
3629 1517 3847 1583 verbis
3908 1519 4194 1584 invitat?
4287 1519 4430 1585 Cur

2471 1617 2610 1661 non
2654 1599 2872 1681 potius
2913 1597 3205 1680 loquitur
3245 1599 3386 1682 ipse
3430 1621 3652 1666 secum
3668 1653 3684 1679 ,
3745 1611 3821 1666 ut
3852 1613 4212 1682 convertat,
4262 1627 4427 1689 quos

2471 1703 2826 1749 conversos
2864 1682 3070 1749 velit?
3158 1687 3254 1748 At
3298 1706 3500 1768 quum
3544 1685 3774 1752 eadem
3817 1688 4047 1768 verba,
4105 1711 4271 1772 quae
4314 1712 4433 1756 au-

2470 1768 2655 1833 ribus
2693 1768 3018 1852 loquitur,
3073 1770 3268 1835 simul
3314 1771 3519 1855 digito
3561 1793 3712 1851 suo,
3761 1778 3911 1853 [pag.
3951 1780 4101 1854 208]
4147 1775 4269 1842 hec
4313 1787 4431 1855 est,

2471 1874 2590 1937 per
2624 1875 2656 1918 s
2705 1855 2925 1920 iritum
2974 1864 3276 1920 sanctum
3314 1856 3619 1923 cordibus
3664 1859 3995 1938 inscribat,
4042 1868 4120 1924 ut
4163 1861 4255 1926 ita
4296 1863 4430 1946 spi-

2472 1939 2604 2004 ritu
2675 1960 2712 2004 e
2756 1941 2843 2004 sit
2880 1941 3324 2005 ministerium
3370 1942 3656 2009 hominis
3699 1966 3828 2028 quo
3871 1946 4099 2023 utitur,
4146 1966 4233 2010 an
4276 1968 4430 2012 nos-

2472 2033 2650 2090 trum
2695 2034 2814 2104 est,
2858 2025 2957 2089 illi
3001 2029 3213 2111 legem
3260 2027 3494 2108 dicere,
3540 2050 3626 2093 ne
3669 2030 3765 2095 sic
3806 2030 4048 2095 faciat?
4138 2033 4233 2096 At
4319 2032 4434 2097 uid

2471 2109 2554 2175 de
2599 2112 2911 2194 reprobis,
2958 2112 3197 2194 quibus
3241 2113 3414 2177 nihil
3456 2113 3833 2191 exhibetur,
3880 2125 4143 2199 praeter
4183 2138 4277 2181 nu
4325 2139 4434 2182 am

2471 2205 2540 2260 et
2580 2205 2913 2261 mortuam
2946 2196 3251 2262 literam?
3319 2198 3737 2282 Respondeo:
3783 2202 4124 2284 proprium
4166 2202 4433 2286 quidem

2472 2279 2808 2347 doctrinae
2842 2282 2973 2348 Dei
3018 2302 3181 2361 esse,
3228 2293 3303 2348 ut
3342 2284 3652 2350 salutaris
3696 2287 3784 2351 sit
3826 2286 4271 2353 audientibus:
4318 2288 4431 2354 ubi

2472 2376 2696 2433 autem
2739 2369 3027 2433 officium
3067 2367 3189 2434 hoc
3232 2370 3305 2433 in
3346 2368 3647 2436 fidelibus
3683 2372 4066 2454 expleverit,
4114 2373 4432 2440 adversus

2470 2452 2747 2518 rebelles
2802 2461 2870 2519 et
2909 2454 3273 2520 obstinatos
3327 2464 3629 2539 paratam
3671 2478 3814 2522 esse
3868 2458 4246 2523 vindictam.
4334 2463 4431 2525 At

2469 2538 2689 2604 Deum
2732 2538 2906 2604 velle
2938 2561 3165 2605 omnes
3209 2542 3505 2606 converti
3540 2544 3876 2608 existimat
3895 2542 4207 2627 Pighius:
4251 2544 4429 2610 ideo-

2471 2645 2599 2707 que
2637 2626 2892 2707 pariter
2934 2624 3240 2691 omnibus
3278 2646 3472 2691 suum
3516 2628 3838 2692 auxilium
3885 2629 4148 2694 offerre:
4205 2630 4430 2713 itaque

2469 2717 2735 2776 nostrae
2792 2731 2934 2776 esse
2975 2711 3350 2794 potestatis,
3409 2711 3578 2777 velle
3623 2723 3742 2778 aut
3782 2713 3974 2778 nolle.
4064 2713 4259 2795 Quod
4301 2715 4431 2782 nisi

2469 2797 2870 2862 voluerimus
2898 2799 3170 2880 priores,
3222 2798 3437 2879 ipsum
3475 2797 3555 2863 ad
3589 2820 3709 2864 nos
3747 2819 3881 2863 non
3909 2801 4219 2865 converti.
4276 2801 4424 2866 Hoc

2469 2882 2650 2947 enim
2693 2880 3073 2948 clarissimis
3116 2882 3339 2948 verbis
3383 2884 3754 2967 exprimere
3796 2883 4151 2969 prophetas
4165 2937 4181 2964 ,
4223 2907 4432 2970 quum

2467 2969 2540 3031 in
2583 2966 2716 3032 Dei
2759 2988 3038 3051 persona
3081 2967 3338 3033 dicunt:
3383 2969 3847 3048 Revertimini,
3894 2983 3961 3036 et
4003 2971 4248 3037 sanabo
4291 2993 4429 3039 vos.

2466 3052 2667 3118 Item:
2722 3053 3191 3131 Revertimini,
3262 3065 3330 3118 et
3382 3076 3515 3120 non
3572 3065 3871 3121 avertam
3926 3057 4156 3123 faciem
4213 3067 4468 3123 meam·

2466 3160 2509 3204 a
2552 3139 2756 3205 vobis.
2846 3139 2992 3222 Ego
3047 3149 3273 3205 autem
3317 3139 3484 3204 nihil
3528 3141 3599 3206 in
3644 3142 3789 3207 istis
3839 3142 4055 3208 verbis
4100 3144 4424 3209 contineri

2467 3221 2953 3303 animadverte,
3015 3224 3144 3289 nisi
3201 3225 3372 3308 quod
3427 3224 3616 3292 Deus
3674 3248 3746 3292 se
3801 3227 3962 3306 illis,
4019 3236 4087 3291 et
4142 3237 4430 3309 peccata,

2467 3317 2537 3374 et
2577 3329 2852 3392 poenas,
2906 3308 3144 3392 quibus
3183 3319 3451 3393 propter
3494 3319 3760 3395 peccata
3801 3312 4280 3396 plecterentur,
4326 3335 4430 3378 re-

2466 3396 2824 3460 missurum
2848 3395 3213 3478 pollicetur,
3258 3397 3314 3461 si
3344 3395 3536 3461 modo
3563 3399 3978 3486 resipuerint.
4048 3397 4192 3462 Iam
4229 3419 4432 3482 quum
4507 3423 4520 3432 ·

2467 3481 2872 3564 poenitentia
2915 3482 3003 3545 sit
3044 3480 3409 3563 spiritualis
3454 3504 3492 3546 a
3535 3491 3746 3547 morte
3790 3485 4206 3560 resurrectio,
4256 3505 4428 3568 nego

2467 3587 2611 3632 eam
2667 3569 2878 3651 magis
2920 3568 2990 3631 in
3041 3567 3326 3632 hominis
3382 3588 3525 3633 esse
3569 3577 3920 3650 potestate,
3979 3591 4179 3652 quam
4223 3569 4426 3658 fuerit

2466 3675 2536 3718 se
2581 3672 2829 3718 creare:
2889 3654 3021 3718 imo
3075 3653 3327 3718 minus:
3386 3664 3630 3735 quanto
3691 3653 3940 3720 scilicet
3982 3658 4424 3737 praestantius

2466 3746 2600 3816 est,
2659 3740 2908 3804 iustum
2966 3760 3036 3804 se
3078 3739 3320 3816 facere,
3378 3760 3574 3821 quam
3631 3739 3986 3805 hominem.
4077 3740 4217 3806 Cur
4271 3763 4430 3826 ergo

2466 3824 2549 3889 de
2587 3824 2704 3889 illa
2743 3826 3216 3890 concionantur
3257 3825 3661 3908 prophetae?
3726 3824 3903 3907 Quia
3947 3827 4055 3891 hic
4096 3837 4196 3892 est
4241 3848 4428 3911 rege·
4492 3877 4504 3888 .

2465 3911 2826 3976 nerationis
2881 3910 3068 3990 ordo,
3122 3920 3199 3974 ut
3256 3911 3556 3975 homines
3614 3933 3773 3977 vera
3828 3913 3932 3978 sui
3991 3911 4425 3995 displicentia,

2462 4018 2622 4062 vero
2655 4006 2800 4060 tum
2821 3998 3074 4079 peccati
3104 3996 3270 4074 odio,
3319 4005 3458 4061 tum
3500 3997 3794 4064 iustitiae
3826 3997 4146 4063 desiderio
4172 4017 4427 4062 amore-

2465 4103 2592 4165 que
2646 4082 2833 4160 tacti,
2901 4081 2983 4146 ad
3040 4083 3168 4148 Dei
3224 4081 3740 4150 misericerdiam
3803 4084 4200 4169 confugiant.
4291 4081 4427 4149 Sed

2466 4190 2585 4234 cur
2649 4168 2981 4256 Dominus
3046 4169 3127 4234 ab
3185 4168 3318 4233 illis
3385 4171 3669 4253 flagitat,
3734 4169 3907 4252 quod
3971 4190 4228 4234 merum
4284 4189 4427 4234 esse

2466 4253 2737 4337 spiritus
2781 4254 2886 4318 sui
2921 4275 3085 4336 opus
3144 4276 3221 4321 ac
3265 4254 3534 4320 donum.
3559 4255 3791 4320 novit?
3872 4253 4050 4335 Quia
4092 4255 4426 4336 utcunque

2470 4359 2785 4405 arcanum
2832 4340 3130 4422 spiritus'
3146 4343 3248 4406 sui
3281 4342 3504 4405 sancti
3563 4362 3726 4423 opus
3780 4341 3923 4405 sine
3980 4339 4114 4405 ullo
4165 4340 4267 4405 vel
4321 4340 4426 4404 in-

2466 4435 2834 4491 strumento
2867 4425 2976 4490 vel
3017 4426 3415 4491 adminiculo
3535 4446 3765 4509 ragere
3809 4426 4032 4508 possit,
4080 4436 4426 4490 externam

2467 4520 2688 4577 tamen
2743 4511 3303 4593 praedicationem
3358 4533 3432 4576 or
3483 4512 3496 4524 '
3549 4512 3714 4589 avit,
3770 4531 3898 4595 qua
3952 4522 4268 4593 tanquam
4325 4513 4426 4575 in-

2466 4606 2834 4662 strumento
2871 4608 3183 4662 uteretur.
3250 4596 3621 4676 Caeterum,
3655 4606 3731 4661 ut
3755 4597 3989 4662 efficax
4011 4616 4087 4662 ac
4131 4597 4428 4674 fructnoa,

2466 4704 2618 4748 sum
2667 4684 2752 4748 sit
2818 4683 3144 4748 eiusmodi
3202 4683 3746 4762 instrumentum,
3827 4705 3906 4747 ea
3980 4684 4123 4766 ipsa
4201 4681 4434 4758 verba,

2466 4789 2633 4852 quae
2689 4767 2960 4833 auribus
3018 4789 3138 4852 per
3188 4789 3260 4833 os
3319 4768 3604 4834 hominis
3660 4768 3988 4852 loquitur,
4049 4768 4253 4852 digito
4307 4790 4425 4834 suo

2464 4855 2535 4942 in
2589 4852 2786 4920 corda
2825 4853 3164 4935 insculpit:
3206 4854 3300 4918 ita
3340 4853 3777 4919 ministerium
3823 4854 4042 4920 reddit
4084 4853 4426 4938 spirituale

2467 4946 2536 5005 ‘et
2579 4941 2827 5018 vivum,
2875 4939 3048 5022 quod
3086 4939 3249 5004 alias
3291 4939 3550 5005 literale
3594 4949 3662 5006 et
3703 4950 4039 5006 mortuum
4085 4941 4298 5004 foret..
4439 5017 4450 5027 ·

2640 5029 2790 5103 [pag.
2829 5028 2981 5104 209]
3027 5026 3420 5109 At·ubique
3471 5025 3633 5092 haec
3675 5025 3806 5091 duo
3863 5035 4016 5092 ante
4059 5027 4337 5108 mquirit
4382 5046 4422 5090 a

2463 5111 2656 5176 nobis
2700 5109 2906 5188 Deus,
2950 5111 3424 5194 poenitentiam
3470 5121 3536 5178 et
3579 5112 4066 5191 humilitatem)
4109 5131 4308 5194 quam
4353 5131 4424 5176 se

2465 5198 2653 5264 nobis
2710 5197 3064 5281 propitium
3123 5199 3260 5264 fore
3312 5199 3682 5282 promittat:
3743 5200 3913 5265 sicut
3963 5218 4085 5280 per
4134 5197 4421 5269 Iesaiam

2467 5283 2660 5352 dicit:
2708 5284 2811 5349 Ad
2856 5297 3051 5368 quem
3081 5285 3446 5368 respiciam,
3495 5284 3623 5350 nisi
3665 5283 3749 5349 ad
3781 5283 4119 5362 humilem,
4166 5288 4234 5347 et
4265 5302 4421 5346 con-
