4967 5992
507 355 632 416 491

505 540 814 625 periores,
860 539 931 601 111
975 558 1050 601 eo
1084 535 1283 619 longe
1324 535 1799 619 praecellimus,
1845 532 2016 617 quod
2052 555 2247 598 nemo
2292 532 2467 616 apud

506 646 627 691 nos
671 624 951 706 pastoris
1010 621 1224 687 locum
1270 629 1573 704 occupat,
1632 622 1743 703 qui
1799 641 2042 684 munus
2099 639 2232 684 non
2278 640 2464 684 exse-

505 721 761 795 quatur.
849 707 1051 773 Nulla
1103 708 1328 789 itaque
1384 705 1558 790 apud
1605 727 1725 772 nos
1780 706 2053 772 ecclesia
2108 707 2249 770 sine
2293 703 2466 769 ordi-

503 798 695 863 naria
738 795 924 863 verbi
969 793 1094 858 Dei
1141 790 1621 875 praedicatione
1664 792 1922 858 visitur.

681 882 866 947 Haec
925 900 1126 962 quum
1196 877 1607 942 adversarios
1666 876 1910 961 pudeat
1980 898 2224 958 negare
2277 873 2468 959 (quid

508 970 685 1035 enim
740 968 814 1032 in
866 972 1050 1029 tanta
1102 964 1249 1030 luce
1310 961 1612 1047 negando
1668 961 2142 1047 proficerent?)
2202 961 2282 1027 de
2326 963 2469 1026 iure

553 1057 799 1119 rimum
856 1061 921 1117 et
973 1060 1329 1132 potestate,
1382 1059 1611 1132 postea
1677 1049 1758 1114 de
1823 1047 2174 1113 ordinandi
2236 1049 2467 1122 forma,

537 1142 774 1224 itigant
837 1137 1197 1202 nobiscum.
1289 1134 1519 1200 Citant
1592 1143 1893 1200 vetustos
1959 1153 2273 1209 00001100,
2358 1132 2471 1214 qui

510 1227 845 1309 episcopos
889 1232 957 1287 et
998 1222 1248 1288 clerum
1304 1222 1457 1286 huic
1513 1221 1610 1285 rei
1652 1220 2064 1304 praeficiunt.
2154 1219 2473 1301 Allegant

508 1312 886 1379 continuam
934 1309 1432 1382 successionem,
1475 1326 1605 1388 qua
1661 1307 1785 1371 sibi
1835 1304 1999 1371 haec
2037 1311 2344 1388 potestas,
2390 1303 2470 1368 ab

506 1399 667 1482 ipsis
702 1416 909 1478 usque
943 1393 1275 1477 apostolis,
1320 1412 1441 1475 per
1473 1413 1711 1456 manus
1751 1392 1949 1456 fuerit
1985 1390 2244 1456 tradita.
2317 1388 2471 1454 Alio

507 1485 714 1568 igitur
767 1479 1138 1554 transferri,
1196 1479 1295 1543 fas
1351 1479 1551 1542 fuisse
1607 1485 1872 1561 negant.
1961 1477 2234 1542 Utinam
2294 1497 2468 1552 vere,

509 1589 707 1653 quam
743 1567 992 1631 iactant
1027 1565 1536 1646 possessionem,
1583 1584 1701 1627 suo
1736 1562 1974 1627 merito
2021 1561 2467 1627 retinuissent.

508 1653 644 1720 Sed
703 1653 760 1718 si
814 1649 1280 1735 expendimus,
1350 1650 1639 1731 primum
1690 1670 1817 1732 quo
1881 1647 2111 1712 ordine
2162 1648 2296 1711 iam
2349 1668 2469 1729 per

510 1740 759 1822 aliquot
826 1736 1085 1802 saecula
1141 1735 1592 1817 provehantur
1646 1735 1931 1817 episcopi
1975 1733 2059 1798 ad
2105 1734 2279 1798 hanc
2324 1732 2467 1815 dig-

508 1826 819 1900 nitatem,
874 1833 1018 1885 tum
1062 1820 1349 1904 qualiter
1402 1822 1472 1884 in
1519 1841 1598 1885 ea
1642 1841 1712 1885 se
1758 1827 2024 1903 gerant,
2083 1829 2227 1883 tum
2267 1819 2469 1882 etiam

511 1911 740 1994 quales
784 1928 1004 1973 creare
1060 1907 1340 1983 soleant,
1397 1906 1635 1988 quibus
1692 1906 2107 1972 committant
2164 1905 2467 1970 ecclesia-

509 2017 661 2061 rum
703 1991 1177 2077 gubernacula,
1226 1991 1593 2057 videbimus
1637 1992 1840 2070 illam,
1888 2013 2017 2074 qua
2060 1990 2468 2074 superbiunt,

514 2080 991 2147 successionem
1045 2077 1431 2160 iampridem
1479 2077 1907 2143 intercidisse.
2001 2078 2193 2154 Eius,
2240 2077 2354 2159 qui
2389 2073 2473 2138 ad

514 2166 962 2249 episcopatum
1006 2162 1116 2230 vel
1159 2164 1643 2249 presbyterium
1685 2163 2100 2245 recipiendus
2156 2169 2274 2238 est,
2325 2171 2472 2225 tum

515 2251 907 2328 doctrinam,
969 2260 1109 2314 tum
1154 2251 1359 2313 vitam
1408 2251 1591 2332 prius
1635 2250 1809 2314 iusto
1863 2249 2168 2313 examine
2210 2246 2472 2331 probari

513 2336 752 2404 volunt
795 2335 1047 2418 antiqui
1089 2355 1395 2401 canones.
1478 2335 1722 2400 Exstat
1780 2336 1956 2399 inter
2013 2343 2161 2399 acta
2215 2332 2475 2399 concilii

515 2423 788 2489 africani
831 2421 1049 2504 quarti
1094 2421 1175 2485 de
1228 2421 1353 2486 hac
1398 2441 1470 2486 re
1525 2420 1933 2485 luculentum
1988 2417 2470 2485 documentum.

512 2510 722 2577 Porro
766 2508 937 2587 eius,
993 2509 1101 2590 qui
1159 2529 1199 2571 a
1251 2506 1427 2570 clero
1471 2507 1848 2570 nominatus
1905 2515 2082 2571 esset
2138 2505 2242 2570 vel
2287 2523 2473 2568 recu-

514 2594 702 2661 sandi
759 2593 864 2660 vel
923 2591 1331 2675 approbandi
1388 2590 1735 2655 arbitrium
1789 2611 1994 2674 penes
2047 2591 2361 2673 populum
2408 2597 2476 2653 et

513 2681 982 2764 magistratum
1024 2686 1196 2742 erat:
1254 2698 1340 2741 ne
1382 2680 1532 2755 [pag.
1570 2681 1681 2755 64]
1733 2679 1878 2759 quis
1921 2677 2149 2741 invitis
2194 2685 2310 2741 aut
2342 2696 2476 2739 non

514 2762 1077 2833 consentientibus
1131 2760 1614 2827 obtruderetur.
1707 2760 1845 2842 Qui
1897 2763 2323 2845 praefuturus
2379 2767 2480 2825 est

516 2849 842 2927 omnibus,
887 2850 1104 2931 inquit
1144 2847 1287 2911 Leo
1329 2847 1605 2929 epistola
1641 2853 1763 2925 90„
1810 2847 1892 2912 ab
1938 2847 2239 2912 omnibus
2276 2846 2479 2929 eliga-

515 2943 645 3001 tur.
737 2932 874 3014 Qui
931 2934 1108 2998 enim
1159 2933 1424 3016 ignotus
1481 2940 1549 2998 et
1602 2953 1739 2997 non
1782 2932 2201 2998 examinatus
2240 2933 2480 3016 praefi·

518 3020 724 3097 citur,
791 3037 1056 3084 necesse
1101 3025 1230 3096 est,
1299 3025 1378 3083 nt
1430 3039 1551 3103 per
1605 3020 1745 3086 vim
1801 3017 2196 3084 intrudatur.
2284 3018 2478 3096 Item,

517 3103 799 3188 epistola
853 3107 989 3169 87.:
1057 3103 1392 3169 ’130110οῐ111-
1465 3106 1938 3171 honoratorum
2012 3105 2479 3182 testimonium,

517 3191 910 3273 subscriptio
951 3189 1369 3270 clericorum,
1413 3190 1661 3258 ordinis
1705 3212 2065 3258 consensus
2107 3198 2301 3274 atque
2345 3190 2483 3274 ple-

517 3275 637 3343 bis.
727 3276 946 3341 Aliter
987 3276 1134 3340 fieri
1175 3275 1364 3341 nulla
1416 3279 1587 3343 ratio
1630 3278 1804 3343 sinit.
1893 3278 2041 3344 Hoc
2083 3277 2302 3362 ipsum
2346 3276 2483 3360 Cy·

517 3363 792 3446 prianus
836 3382 1123 3446 quoque,
1168 3370 1236 3426 et
1277 3361 1540 3446 quidem
1583 3363 2070 3443 vehementius,
2116 3363 2482 3430 contendit:

520 3448 750 3513 divina
791 3448 1145 3513 autoritate
1189 3449 1519 3515 sancitum
1560 3471 1704 3516 esse
1748 3451 2106 3529 affirmans,
2152 3459 2228 3515 ut
2269 3469 2484 3515 sacer-

521 3533 668 3609 dos,
713 3532 903 3616 plebe
944 3541 1323 3616 praesente,
1369 3536 1492 3601 snb
1539 3538 1833 3602 omnium
1877 3535 2085 3604 oculis
2129 3535 2486 3621 deligatur:

520 3628 598 3685 ut
640 3617 882 3702 dignus
925 3625 993 3684 et
1033 3619 1309 3687 idoneus
1351 3624 1648 3688 omnium
1693 3623 2065 3688 testimonio
2107 3622 2485 3705 comprobe-

521 3713 649 3771 tur.
737 3704 1092 3786 Tantisper
1135 3707 1322 3771 stetit
1378 3706 1543 3774 haec
1596 3704 1976 3792 disciplina,
2033 3707 2193 3773 dum
2245 3708 2483 3774 tolera-

521 3790 673 3857 bilis
749 3789 877 3854 fuit
940 3789 1254 3856 ecclesiae
1317 3800 1548 3859 status.
1637 3791 1978 3876 Siquidem
2035 3793 2270 3875 plenae
2330 3801 2486 3860 sunt

521 3876 833 3961 Gregorii
875 3874 1191 3957 epistolae
1234 3878 1654 3954 testimoniis,
1712 3899 1878 3962 quae
1918 3878 2033 3943 illa
2076 3886 2290 3944 aetate
2335 3878 2485 3944 dili·

520 3973 753 4049 genter
793 3960 996 4025 fuisse
1039 3959 1454 4027 observatam
1498 3964 1875 4029 ostendunt.

694 4045 1269 4129 Quemadmodum
1323 4047 1595 4114 docendi
1648 4049 2111 4116 necessitatem
2165 4050 2485 4133 episcopis

521 4132 826 4200 omnibus
869 4132 1157 4232 iniungit
1203 4132 1477 4215 spiritus
1531 4141 1797 4200 sanctus
1848 4134 1922 4198 in
1965 4136 2333 4217 scripturis,
2390 4137 2486 4200 ita

524 4220 740 4286 simile
793 4225 1088 4302 portenti
1144 4217 1446 4283 habitum
1499 4218 1734 4283 fuisset
1785 4219 1859 4282 in
1921 4219 2138 4284 veteri
2193 4220 2482 4298 ecclesia,

525 4306 902 4391 episcopum
957 4303 1319 4383 nominari,
1389 4304 1502 4387 qui
1554 4324 1691 4369 non
1755 4304 1952 4369 simul
2015 4313 2347 4386 pastorem
2415 4325 2486 4370 00

525 4389 825 4458 doctrina
866 4389 1229 4456 exhiberet.
1319 4388 1553 4472 Neque
1596 4388 1727 4454 alia
1769 4389 2141 4455 conditione
2183 4391 2255 4454 in
2299 4388 2488 4455 illum

526 4475 806 4558 gradum
849 4475 1345 4559 recipiebantur.
1416 4475 1673 4540 Eadem
1715 4476 1789 4540 in
1821 4475 2244 4560 presbyteris,
2289 4482 2489 4557 prout

530 4567 746 4624 certae
833 4563 1064 4645 uisque
1097 4563 1450 4647 parochiae
1486 4561 1959 4638 destinabatur,
1999 4561 2167 4626 ratio
2201 4559 2481 4627 valebat.

529 4643 710 4709 Hinc
760 4582 877 4708 ilia
930 4646 1221 4713 decreta:
1279 4649 1381 4714 Ne
1438 4646 1879 4714 saecularibus
1932 4647 2213 4732 negotiis
2264 4648 2485 4732 impli-

530 4735 795 4807 centur3
838 4750 922 4794 ne
955 4731 1214 4815 longius
1257 4754 1297 4798 a
1339 4755 1463 4800 sua
1497 4733 1771 4800 ecclesia
1810 4742 2198 4812 excurrant3
2242 4755 2329 4799 ne
2371 4733 2484 4799 (liu

530 4814 768 4881 absint.
854 4812 1003 4878 Iam
1045 4816 1129 4881 ad
1170 4816 1612 4885 ordinandum
1654 4821 2065 4904 episcopum,
2121 4827 2201 4884 ut
2243 4841 2484 4887 conve-

529 4901 755 4966 nirent
796 4918 880 4964 ex
923 4906 1064 4964 tota
1103 4904 1439 4984 provincia
1482 4906 1595 4970 alii
1636 4906 1939 4988 episcopi,
1984 4906 2310 4972 sancitum
2344 4914 2490 4971 erat

532 4984 813 5052 decretis
888 4984 1331 5068 synodalibus.
1421 4988 1616 5071 Quod
1679 4991 1738 5055 si
1802 4991 2142 5057 commode
2205 4991 2276 5056 id
2341 4991 2489 5057 fieri

531 5089 668 5135 non
709 5077 957 5154 posset,
1010 5089 1097 5135 ne
1150 5070 1386 5138 saltem
1438 5076 1659 5140 minus
1713 5097 1912 5159 quam
1970 5085 2106 5143 tres
2161 5075 2484 5143 adessent.

530 5154 743 5240 quue
783 5156 859 5223 in
899 5177 1054 5223 eum
1095 5157 1324 5236 finem,
1374 5179 1460 5224 ne
1502 5159 1653 5240 quis
1696 5167 1813 5225 aut
1852 5181 1972 5244 per
2012 5163 2375 5228 tumultum
2416 5183 2489 5228 se

530 5241 878 5328 ingereret,
915 5247 1066 5325 [pag.
1095 5246 1206 5322 65]
1241 5248 1358 5308 aut
1390 5243 1622 5309 furtim
1654 5245 2014 5328 obreperet,
2058 5253 2175 5311 aut
2206 5247 2490 5331 obliquis

2118 343 2248 410 DE
2293 338 2936 410 NECESSITATE

4409 348 4535 411 492

2573 530 2825 596 artibus
2892 552 2965 597 se
3039 531 3431 598 insinuaret.
3518 532 3606 598 In
3728 534 4055 620 resbyteri
4127 533 4536 602 ordinatione

2574 616 2913 699 episcopus
2946 638 3216 683 suorum
3237 618 3513 702 quisque
3543 639 3695 702 pres
3739 628 4081 703 yterorum
4114 621 4464 687 concilium
4486 622 4537 707 ι)

2573 701 2945 768 adhibebat.
3015 703 3221 781 Haec,
3266 725 3436 786 quae
3478 705 3552 768 in
3596 705 4037 788 disputatione
4079 707 4342 791 longius
4384 730 4537 773 nar-

2573 787 2707 851 rari
2751 795 2818 853 et
2857 789 3226 855 accuratius
3270 790 3650 855 confirmari
3690 799 3976 873 possent,
4022 791 4236 858 obiter
4277 801 4540 858 tantum

2575 872 2683 939 hic
2726 894 3194 939 commemoro:
3241 876 3395 959 quia
3437 873 3591 941 inde
3634 875 3926 943 iudicare
3966 886 4347 962 promptum
4391 881 4536 957 erit,

2575 970 2895 1040 quantum
2938 960 3182 1025 habere
3217 959 3454 1027 debeat
3487 963 3804 1027 momenti
3849 963 3975 1042 hic,
4023 983 4216 1046 quem
4251 965 4537 1050 episcopi

2575 1045 2781 1109 nostri
2842 1044 2926 1109 ad
2982 1046 3520 1130 perstringendos
3577 1048 3800 1114 oculos
3863 1047 4223 1128 obiectant,
4291 1071 4541 1117 succes-

2577 1130 2783 1195 sionis
2825 1131 3063 1195 fumus.

2747 1216 2945 1282 Hanc
3018 1216 3144 1282 sibi
3222 1216 3699 1283 haereditatem
3787 1219 4086 1285 relictam
4172 1240 4214 1284 a
4282 1219 4539 1287 Ohristi

2578 1302 2889 1383 apostolis
2932 1302 3133 1367 fuisse
3176 1312 3502 1380 asserunt,
3549 1313 3627 1367 ut
3659 1304 3951 1370 ecclesiis
3996 1306 4116 1371 soli
4156 1307 4541 1388 praeficiant

2576 1408 2738 1469 quos
2778 1387 3013 1452 velint:
3062 1396 3130 1451 et
3164 1409 3301 1465 nos,
3348 1389 3503 1471 quia
3541 1402 3806 1471 praeter
3841 1410 4074 1455 eorum
4110 1393 4539 1458 autoritatem

2579 1475 2937 1556 fungamur
2995 1475 3388 1553 ministerio,
3445 1475 3514 1538 in
3570 1496 3760 1540 suam
3812 1477 4290 1559 possessionem
4336 1480 4538 1545 sacri-

2575 1557 2724 1642 lega
2768 1560 3138 1625 temeritate
3182 1560 3504 1625 invasisse
3548 1570 4057 1643 conqueruntur.
4147 1562 4345 1629 Unde
4386 1585 4541 1647 pro-

2574 1643 2777 1708 bant?
2868 1642 3045 1725 Quia
3086 1645 3399 1711 continuo
3445 1653 3672 1711 tenore
3728 1647 4041 1729 apostolis
4084 1652 4540 1716 successerint.

2573 1728 2831 1796 Verum
2876 1751 2961 1794 an
3004 1730 3072 1794 id
3117 1732 3278 1796 satis
3323 1739 3452 1808 est,
3498 1732 3612 1797 ubi
3655 1733 3909 1815 reliqua
3948 1735 4169 1799 omnia
4208 1743 4369 1800 sunt
4408 1735 4545 1802 dis-

2575 1815 2858 1880 similia?
2949 1815 3329 1881 Ridiculum
3371 1816 3442 1881 id
3486 1817 3751 1900 quidem
3794 1817 3971 1884 dictu
4011 1819 4198 1886 foret.
4290 1819 4547 1887 Dicunt

2576 1913 2816 1966 tamen.
2905 1901 2991 1965 In
3044 1903 3204 1984 ipsis
3247 1902 3569 1986 eligendis
3617 1902 3806 1968 nulla
3847 1925 4062 1988 neque
4106 1907 4286 1971 vitae
4331 1928 4545 1990 neque

2577 1986 2910 2052 doctrinae
2961 1986 3244 2052 habetur
3297 1988 3482 2053 ratio.
3571 1989 3827 2071 Populo
3897 1999 4126 2073 erepta
4188 1992 4545 2077 suffragio-

2578 2094 2727 2137 rum
2770 2071 3057 2138 libertas.
3147 2072 3329 2154 Quin
3364 2075 3584 2153 etiam,
3625 2074 3889 2141 excluso
3932 2075 4185 2160 reliquo
4219 2077 4413 2155 clero,
4458 2078 4546 2145 ad

2578 2179 2649 2224 se
2716 2159 3011 2224 canonici
3066 2168 3271 2224 totam
3333 2167 3728 2243 potestatem
3795 2170 4161 2227 traxerunt.
4254 2161 4543 2229 Ordina-

2576 2244 2826 2309 tionem
2861 2265 3117 2327 quoque
3152 2265 3463 2312 romanus
3497 2246 3791 2328 pontifex
3826 2248 4339 2329 provincialibus
4371 2251 4546 2333 epis-

2576 2330 2755 2412 copis
2796 2340 3089 2412 ereptam
3133 2330 3257 2395 soli
3310 2330 3433 2396 sibi
3477 2339 3761 2416 arrogat.
3847 2333 3995 2398 Iam
4032 2335 4221 2416 quasi
4265 2332 4351 2400 ad
4392 2356 4547 2419 pro-

2578 2416 2801 2480 fanam
2824 2415 3336 2490 dominationem
3371 2418 3572 2482 creati
3610 2419 3843 2497 forent,
3880 2419 4049 2483 nihil
4084 2420 4309 2486 minus
4345 2441 4550 2504 quam

2580 2500 2661 2565 de
2703 2501 2990 2585 gerendo
3032 2502 3414 2586 episcopatu
3457 2502 3767 2587 cogitant.
3856 2505 4162 2589 Denique
4197 2526 4405 2589 quum
4443 2508 4550 2573 vi·

2582 2587 2816 2652 deatur
2859 2590 3030 2652 facta
3070 2590 3248 2653 inter
3289 2608 3400 2654 000
3442 2589 3859 2674 conspiratio,
3905 2611 3992 2656 ne
4034 2591 4194 2674 quid
4237 2591 4348 2657 vel
4392 2613 4551 2659 cum

2581 2673 2893 2756 apostolis
2937 2672 3043 2738 vel
3089 2695 3237 2740 cum
3282 2676 3530 2741 sanctis
3563 2674 3877 2741 ecclesiae
3921 2677 4217 2759 patribus
4253 2677 4553 2744 habeant

2583 2759 2829 2837 simile,
2886 2758 3064 2825 hunc
3108 2760 3326 2824 solum
3384 2759 3670 2826 colorem
3712 2761 4117 2841 obtendunt,
4177 2763 4349 2846 quod
4393 2786 4551 2848 per-

2582 2851 2783 2928 petua
2825 2846 2996 2910 serie
3040 2846 3121 2911 ab
3165 2845 3298 2910 illis
3344 2845 3824 2912 descenderint.
3915 2846 4124 2928 Quasi
4169 2870 4327 2915 vero
4371 2849 4553 2920 hane

2542 2987 2547 2992 .
2583 2931 2800 3014 legem
2851 2935 3000 3009 [pag.
3044 2935 3154 3010 66]
3208 2931 3558 3013 aliquando
3602 2931 3831 2998 tulerit
3873 2932 4212 3013 Christus,
4266 2945 4339 2999 ut
4377 2956 4551 3019 qua-
4652 2985 4665 3006 .

2585 3017 2944 3099 lescunque
2996 3017 3205 3081 futuri
3249 3024 3497 3095 essent,
3555 3019 3671 3101 qui
3714 3025 4097 3102 praeessent
4139 3041 4297 3087 suae
4338 3021 4554 3088 eccle-

2586 3103 2754 3180 siae,
2806 3122 2928 3185 pro
2971 3102 3279 3187 apostolis
3323 3113 3866 3188 agnoscerentur:
3924 3113 4041 3171 aut
4081 3108 4269 3189 quasi
4312 3107 4555 3175 haere-

2586 3187 2825 3254 ditaria
2867 3188 3089 3271 aliqua
3142 3190 3232 3254 sit
3273 3190 3626 3272 possessio,
3682 3210 3848 3273 quae
3892 3191 3976 3257 ad
4018 3192 4366 3278 indignos,
4409 3214 4553 3261 non

2586 3275 2807 3340 minus
2848 3296 3048 3358 quam
3090 3274 3174 3340 ad
3215 3274 3466 3360 dignos,
3511 3283 3824 3341 transeat.
3911 3276 4105 3344 Adde
4138 3279 4332 3363 quod,
4379 3281 4560 3348 sieut

2590 3361 2670 3426 de
2712 3360 2995 3427 Milesiis
3038 3359 3309 3441 dicitur,
3354 3362 3532 3427 inter
3573 3382 3684 3428 eos
3726 3369 3997 3428 cantum
4039 3371 4171 3445 est,
4217 3387 4305 3431 110
4348 3387 4558 3450 quem

2587 3448 2856 3513 omnino
2907 3448 3155 3513 bonum
3195 3448 3268 3512 in
3322 3457 3577 3514 coetum
3632 3470 3826 3513 suum
3879 3450 4255 3530 admittant,
4312 3459 4447 3531 aut,
4496 3454 4558 3520 si

2587 3534 2755 3598 forte
2795 3554 2917 3618 per
2958 3554 3247 3599 errorem
3300 3533 3719 3614 admiserint,
3773 3536 4006 3602 ferant.
4093 3537 4202 3603 De
4244 3538 4560 3604 multitu-

2587 3619 2742 3685 dine
2785 3619 3032 3704 loquor.
3102 3620 3278 3686 Nam
3315 3640 3557 3705 paucos
3597 3642 3733 3686 non
3767 3642 3938 3706 nego
3971 3622 4149 3688 inter
4190 3643 4305 3690 eos
4347 3624 4565 3694 bonos

2588 3726 2749 3771 esse.
2841 3707 2935 3770 At
2983 3705 3090 3771 vel
3132 3714 3318 3771 metu
3361 3706 3578 3786 silent,
3613 3706 3723 3773 vel
3763 3728 3897 3773 non
3942 3707 4323 3776 audiuntur.
4414 3710 4563 3793 Qui

2588 3813 2745 3876 ergo
2800 3791 3050 3858 Christi
3104 3791 3470 3859 doctrinam
3527 3799 4015 3876 persequuntur
4056 3796 4233 3861 ferro
4277 3803 4347 3862 et
4386 3798 4561 3882 igni,

2589 3877 2704 3961 qui
2754 3878 3089 3943 neminem
3142 3877 3415 3961 impune
3471 3878 3725 3945 sincere
3780 3879 3961 3963 loqui
4008 3879 4091 3945 de
4133 3880 4406 3949 Christo
4458 3884 4556 3949 si-

2589 3970 2780 4042 nunt,
2825 3964 2937 4045 qui
2965 3964 3263 4029 veritatis
3284 3983 3552 4029 cursum
3576 3965 3947 4048 impediunt
3989 3965 4228 4049 quibus
4271 3977 4560 4053 possunt

2587 4047 2833 4127 modis,
2887 4048 3003 4132 qui
3056 4049 3314 4114 fortiter
3366 4051 3686 4116 resistunt
3742 4073 3828 4116 ne
3876 4051 4155 4118 ecclesia
4212 4075 4407 4137 quam
4446 4055 4559 4121 af·

2588 4135 2909 4198 flixerunt
2959 4154 3030 4199 se
3070 4134 3312 4201 iterum
3353 4137 3594 4220 erigat,
3653 4137 3768 4219 qui
3808 4159 4229 4222 quoscunque
4270 4139 4444 4207 bene
4486 4148 4565 4208 et

2589 4219 2699 4300 pie
2740 4220 2986 4284 sentire
3028 4217 3110 4284 de
3153 4220 3465 4287 ecclesiae
3519 4221 3730 4287 salute
3773 4224 4197 4307 suspicantur
4237 4235 4477 4292 arcent
4522 4249 4569 4295 0

2590 4303 2986 4382 ministeri0,
3052 4305 3160 4372 vel
3212 4307 3266 4371 si
3321 4307 3456 4372 iam
3509 4309 3757 4391 recepti
3810 4309 3945 4374 sint
4007 4308 4403 4378 extrudunt:
4474 4314 4570 4381 ab

2589 4390 2721 4455 illis
2772 4390 3020 4457 scilicet
3062 4391 3578 4474 exspectandum
3618 4400 3791 4472 erat,
3847 4394 4006 4459 dum
4048 4395 4277 4462 fideles
4314 4398 4571 4467 minis-

2591 4483 2754 4554 tros,
2822 4476 2935 4560 qui
2988 4477 3308 4559 populum
3366 4478 3438 4543 in
3495 4479 3814 4564 religione
3877 4501 4043 4562 pure
4104 4482 4569 4567 instituerent,

2588 4562 2716 4645 ipsi
2758 4562 2829 4625 in
2872 4561 3085 4627 officio
3129 4562 3522 4630 collocarent
3554 4566 3691 4630 suis
3733 4565 4053 4632 manibus.

2758 4647 2855 4712 At
2904 4667 3108 4731 quum
3161 4649 3307 4715 vice
3359 4649 3691 4732 proverbii
3747 4653 3997 4717 usitata
4059 4655 4150 4719 sit
4200 4654 4378 4719 inter
4439 4676 4574 4727 eos

2590 4732 2901 4817 Gregorii
2944 4735 3286 4812 sententia,
3330 4736 3751 4820 privilegium
3793 4738 4033 4804 mereri
4066 4739 4393 4820 amittere,
4444 4746 4577 4828 qui

2589 4819 2936 4904 privilegio
2980 4820 3375 4902 abutuntur,
3431 4830 3549 4887 ant
3579 4843 3852 4906 prorsus
3893 4823 4005 4889 alii
4048 4825 4214 4905 sint,
4270 4833 4342 4892 et
4387 4828 4577 4899 alio·

2730 5128 2788 5194 1)
2828 5126 2923 5183 Sic
2966 5127 3134 5183 latini
3163 5128 3297 5183 liba·
3340 5143 3539 5183 omnes.
3614 5128 3815 5186 Gallus
3859 5135 4040 5185 tanen
4076 5132 4268 5187 verm.-
4304 5133 4579 5195 chum

2592 5196 2843 5266 Evesque
2892 5197 3162 5265 appelloit
3205 5212 3295 5253 ses
3382 5205 3585 5253 restres
3632 5213 3772 5267 pour
3813 5214 3943 5255 11001·
3986 5199 4055 5255 de
4090 5200 4211 5256 leur
4257 5208 4581 5276 00110011,

2591 5264 2741 5334 quod
2773 5265 2997 5318 omnim
3023 5264 3257 5332 praefer
3366 5282 3456 5320 um
3489 5266 3721 5323 videtur.
