4967 5992
523 368 598 431 11
1716 468 1721 473 ·
1828 367 1951 432 LE
1988 364 2588 433 OATEOHISME
2625 364 2750 432 DE
2785 365 3198 475 GENEOE.
4241 384 4246 388 ’
4437 374 4515 437 12

689 640 789 707 Or
830 641 966 705 afin
1006 660 1133 724 que
1174 572 1833 723 ooeuoffiessnso}ent
1871 637 2166 706 deduites
2199 660 2322 725 par
2354 661 2460 706 or-

515 727 781 900 ggeffiogt?
814 733 1127 811 exposees
1179 725 1331 808 plus
1375 746 1458 790 au
1500 724 1686 813 long,
1743 724 1895 808 quel
1936 730 2038 790 est
2077 725 2140 791 le
2178 726 2463 810 premier

688 988 808 1064 [fol.
846 987 910 1063 3]
954 982 1136 1050 O’est
1176 932 1694 1049 &adil-„gaze
1736 983 1945 1048 fiance
1989 1003 2075 1048 en
2115 982 2308 1047 Dieu.

688 1156 1040 1223 Comment
1080 1154 1222 1222 cela
1263 1102 1864 1236 εἴρῖῗιῖτιῖιέώτθῖ

685 1328 870 1395 O’est
898 1255 1624 1412 premieremefi't’ffiffss
1650 1324 2065 1408 cong-noistre
2101 1331 2245 1390 tout
2279 1324 2457 1410 puis-

516 1422 667 1482 sant
711 1422 780 1480 et
823 1421 968 1480 tout
1008 1413 1159 1478 bon.

1306 1530 1372 1565 m
1405 1529 1664 1566 mmm·

687 1582 972 1651 Suffit-il
1014 1582 1096 1649 de
1140 1579 1321 1647 oola?

1354 1683 1620 1737 n’nurm.

687 1755 751 1821 Ν
752 1776 858 1820 on.

1313 1874 1378 1908 m
1414 1872 1670 1909 mmm.

690 1928 797 1993 La
835 1924 1102 1992 raison?

1357 2028 1623 2080 n'nurm.

688 2098 945 2164 Pource
995 2117 1121 2181 que
1174 2116 1338 2162 nous
1392 2116 1478 2161 ne
1530 2114 1813 2161 sommes
1865 2113 1982 2178 pas
2034 2092 2264 2179 dignes
2306 2094 2464 2179 qu'il

524 2184 897 2251 demonstro
953 2204 1027 2249 sa
1078 2183 1422 2266 puissance
1473 2202 1641 2265 pour
1682 2200 1851 2245 nous
1908 2179 2118 2261 aider,
2177 2201 2261 2246 ne
2304 2179 2464 2266 qu'il

520 2292 638 2338 use
679 2270 760 2337 de
801 2290 877 2336 sa
918 2267 1114 2335 bonte
1157 2289 1393 2335 envers
1437 2289 1621 2334 nous.

1311 2390 1380 2425 u
1411 2388 1671 2425 mmm.

690 2439 840 2525 Que
882 2440 1103 2506 faut—il
1145 2440 1311 2506 donc
1352 2438 1542 2524 plus?

1358 2541 1624 2596 n’mu‘r.

691 2612 841 2695 Que
897 2633 1062 2679 nous
1119 2632 1358 2696 soyons
1400 2610 1685 2677 certains
1732 2610 1888 2695 qu’il
1931 2629 2099 2676 nous
2142 2629 2354 2694 ayme,
2399 2615 2469 2674 et

522 2721 688 2769 nous
730 2704 887 2766 veut-
925 2706 1096 2763 estre
1137 2697 1311 2763 Pere
1354 2704 1421 2761 et
1463 2694 1781 2763 Sauveur.

1308 2903 1375 2939 m
1409 2903 1667 2938 mm.

692 2955 1042 3023 Commeat
1076 2952 1742 3040 congnoissons-nous
1786 2951 1970 3020 cela?

1395 3057 1412 3086 ²

692 3127 831 3194 Par
872 3147 947 3191 sa
987 3125 1234 3210 parolle
1247 3177 1265 3204 ‚
1321 3074 1722 3192 o'timirlrngdus
1777 3124 2055 3191 declaire
2098 3145 2172 3190 sa
2213 3123 2465 3190 miseri-

522 3213 721 3283 corde
763 3234 849 3279 en
890 3211 1078 3277 Iesus
1121 3211 1367 3292 Christ,
1414 3220 1481 3276 et
1521 3232 1686 3276 nous
1729 3229 1994 3277 asseure
2029 3208 2108 3277 de
2153 3232 2227 3276 sa
2268 3209 2465 3277 dilec-

518 3301 661 3367 tion
702 3320 942 3365 envers
980 3318 1165 3363 nous.

690 3471 793 3537 Le
813 3469 1194 3536 fondement
1215 3418 1381 3537 (1οέῗῇ
1403 3419 1788 3537 geg—{rra
1831 3489 1869 3534 e
1888 3471 2097 3537 fiance
2117 3489 2200 3534 en
2214 3466 2463 3547 DOEU,

519 3563 679 3625 c’est
699 3557 781 3622 de
798 3554 862 3623 le
880 3555 1293 3641 congnoistre
1313 3577 1399 3621 en
1412 3553 1683 3624 IESUS
1697 3491 2040 3624 offiusm
2051 3553 2243 3640 (Iean
2260 3559 2289 3618 1
2301 3557 2358 3633 7,
2375 3556 2464 3640 3).

1358 3657 1626 3714 n’msn.

688 3728 908 3793 Voire.

1308 3848 1374 3882 m
1411 3847 1667 3884 mmm·

693 3897 866 3963 Mais
910 3897 1122 3980 quelle
1158 3903 1259 3962 est
1290 3918 1374 3962 en
1410 3918 1658 3965 somme
1692 3898 1759 3964 la
1793 3900 2141 3967 substance
2175 3900 2256 3968 de
2290 3911 2465 3969 ceste

521 3982 1070 4070 congnoissance?

1360 4087 1626 4141 n'urm.
2098 4138 2103 4145 .

691 4156 842 4222 Elle
877 4163 979 4221 est
1020 4154 1387 4238 comprinse
1423 4175 1506 4220 en
1546 4156 1616 4221 18
1648 4156 2010 4224 confession
2045 4155 2127 4223 de
2158 4157 2307 4243 Foy
2340 4180 2464 4243 que

521 4243 665 4308 font
704 4250 850 4308 tous
895 4240 1307 4307 Chrestiens:
1351 4240 1632 4325 laquelle
1673 4263 1760 4307 on
1801 4243 2058 4326 appelle
2090 4264 2464 4310 commune-

521 4335 708 4392 ment
748 4328 811 4392 le
854 4325 1171 4411 Symbole
1212 4324 1325 4392 des
1360 4329 1704 4409 Apostres:
1750 4348 1987 4412 pource
2021 4349 2148 4412 que
2183 4330 2338 4396 c'est
2370 4352 2465 4395 un

523 4412 870 4477 sommaire
905 4413 986 4478 de
1019 4413 1086 4478 la
1106 4432 1309 4499 vraye
1331 4434 1603 4480 creance
1638 4418 1835 4497 qu’on
1871 4436 1912 4480 a
1944 4415 2269 4480 tousiours
2302 4423 2465 4482 tenu

523 4515 613 4561 en
652 4495 719 4560 la
759 4495 1209 4564 Chrestiente:
1265 4507 1333 4564 et
1383 4500 1561 4566 aussi
1599 4499 1713 4585 qui
1766 4512 1869 4567 est
1905 4500 2031 4565 tire
2071 4499 2151 4566 de
2193 4501 2260 4567 la
2300 4523 2465 4585 pure

522 4580 820 4649 doctrine
861 4583 1275 4668 apostolique.

1314 4793 1377 4828 L}
1411 4795 1664 4831 mmm

690 4839 922 4906 Recito
964 4861 1036 4905 ce
1077 4841 1192 4925 qui
1236 4863 1283 4925 y
1325 4852 1425 4909 est
1467 4845 1615 4911 dict.

2738 640 3020 718 Verum,
3074 648 3152 705 ut
3193 640 3358 705 haec
3409 590 3844 707 fflffintur
3885 639 4142 719 ordino,
4199 656 4265 707 et
4308 644 4518 709 fusius

2567 725 3003 893 ἓξὲξζῑιιιίὲιᾷτε
3063 723 3235 809 quod
3287 726 3356 790 in
3397 725 3521 792 hac
3577 734 3693 792 tua
3748 726 4098 810 partitione
4117 728 4175 810 ²)
4229 730 4519 811 primum

2735 980 2829 1048 Ut
2871 988 3077 1046 totam
3121 983 3192 1045 in
3225 979 3371 1046 Deo
3415 932 3721 1047 fi5¹1⁷1⁸o⁸iam
3764 991 4059 1049 nostram
4101 984 4518 1051 collocemus.

2738 1151 3043 1234 Qualiter
3084 1159 3307 1217 autem
3349 1103 3670 1218 iti-:1332

2736 1324 2867 1391 Ubi
2921 1322 3434 1407 omnipotentem
3464 1273 3864 1392 ‘lacrimas
3877 1377 3894 1405 ‚
3952 1338 4022 1393 et
4072 1328 4356 1413 perfecte
4397 1329 4520 1396 bo-

2560 1431 2740 1477 num.
3408 1530 3665 1565 uum-ru
4533 1458 4548 1475 .

2738 1578 3007 1647 Satisne
3051 1561 3173 1648 fioc
3219 1580 3362 1647 est?

3462 1701 3614 1738 ml.

2738 1752 3184 1837 Nequaquam.

3411 1874 3670 1910 ¹181!ssss-

2739 1921 3182 2004 Quamobrem
3197 1923 3229 1987 ‘2

3464 2046 3615 2081 PUER-

2739 2093 2916 2176 Quia
2968 2094 3220 2181 indigni
3272 2118 3498 2163 sumus
3513 2148 3527 2174 ,
3572 2094 3807 2179 quibus
3850 2096 4242 2164 adjuvandis
4370 2108 4520 2166 ten·

2566 2181 2730 2247 tiam
2782 2188 3073 2261 exserat,
3132 2190 3200 2248 et
3249 2182 3322 2248 in
3365 2202 3646 2267 quorum
3698 2180 3999 2261 salutem,
4054 2203 4250 2266 quam
4386 2206 4521 2253 nus

2569 2268 2672 2347 sit,
2718 2265 3037 2334 ostendat.

3415 2389 3673 2424 mmm.

2742 2437 2923 2520 Quid
2966 2460 3124 2524 ergo
3169 2447 3508 2524 praeterea
3548 2459 3713 2521 opus
3756 2438 3900 2504 est?

3129 2594 3140 2605 ,
3466 2561 3618 2596 runa.

2741 2609 2996 2693 Nempe
3060 2620 3138 2675 ut
3201 2632 3351 2678 cum
3422 2611 3642 2675 animo
3705 2632 3824 2677 suo
3887 2612 4160 2695 quisque
4217 2622 4519 2678 nostrum

2572 2702 2847 2776 statuat,
2903 2697 2985 2761 ab
3039 2696 3182 2781 ipso
3223 2716 3294 2762 se
3337 2695 3523 2780 diligi
3537 2749 3553 2776 ,
3619 2716 3899 2781 eumque
3951 2696 4076 2763 sibi
4142 2706 4210 2764 et
4261 2705 4521 2782 patrem

2572 2802 2715 2848 esse
2757 2781 2945 2861 velle,
2991 2780 3058 2848 e't
3100 2781 3330 2849 salutis
3374 2789 3687 2848 autorem.

3415 2903 3673 2939 mmm

2741 2952 2939 3020 Unde
2974 2959 3197 3020 autem
3241 2952 3427 3019 nobis
3470 2953 3538 3018 id
3579 2953 3917 3020 constabit.

3469 3075 3621 3112 Pm-

2739 3125 2849 3190 Ex
2892 3126 3094 3191 verbo
3136 3125 3341 3211 ipsius
3384 3125 3655 3204 scilicet,
3710 3126 3823 3192 ubi
3864 3144 4051 3192 suam
4093 3127 4281 3193 nobis
4321 3128 4522 3194 mise-

2568 3211 2918 3279 ricordiam
2961 3212 3032 3277 in
3067 3210 3334 3278 Christo
3378 3212 3663 3294 exponit,
3709 3220 3775 3278 et
3817 3211 3898 3278 de
3933 3233 4154 3279 amore
4197 3234 4355 3298 erga
4394 3234 4523 3280 nos

2569 3319 2689 3363 suo
2730 3305 3026 3363 testatur.

3413 3418 3672 3455 mun.

2743 3468 3059 3536 Fiduciae
3104 3489 3260 3554 ergo
3294 3470 3368 3534 in
3388 3469 3535 3535 Deo
3577 3468 3992 3536 collocandae
4012 3468 4521 3536 fundamentum

2569 3576 2645 3622 ac
2688 3556 3080 3639 principium
3120 3563 3237 3636 est,
3281 3575 3434 3621 eum
3474 3556 3545 3621 in
3588 3554 3855 3621 Christo
3899 3556 4175 3623 novisse.

2637 3670 2650 3679 ⁶
2667 3666 2686 3677 ““
3470 3677 3622 3713 runn-

2740 3725 3049 3792 Omnino.

3419 3847 3677 3883 mm

2741 3905 2859 3980 [fol.
2908 3905 2974 3980 8]
3030 3899 3249 3977 Nunc,
3322 3918 3644 3982 quaenam
3710 3898 3798 3962 sit
3856 3897 4057 3963 huius
4123 3898 4523 3984 cognitionis

2570 4007 2848 4066 summa,
2890 3986 3116 4069 paucis
3152 3983 3380 4051 audire
3423 3984 3539 4050 abs
3580 3990 3645 4048 te
3688 3983 3907 4049 velim.

2740 4158 2825 4223 In
2866 4157 3023 4225 fidei
3066 4104 3642 4235 confessionet'uxurtel
3674 4156 3895 4237 potius
3937 4156 4010 4220 in
4044 4154 4325 4220 formula
4357 4173 4519 4221 con-

2568 4243 2899 4345 fessionis,
2955 4263 3153 4328 quam
3205 4243 3378 4342 inter
3421 4261 3494 4306 se
3535 4261 3948 4308 communem
3993 4240 4241 4306 habent
4281 4239 4518 4306 Ohris-

2568 4334 3453 4499 ffiffffimnffluffss
3487 4327 3671 4478 ξιξ
3686 4326 3815 4478 2¹¹³..
3839 4326 4311 4497 ..R-¹333.
4327 4346 4521 4478 zzz:

2568 4522 2687 4586 per
2741 4501 2946 4567 fuerit
2996 4501 3172 4566 inter
3222 4520 3449 4566 omnes
3513 4500 3683 4583 pios:
3754 4505 3822 4565 et
3873 4496 4049 4583 quod
4098 4499 4206 4565 vel
4262 4498 4344 4563 ab
4400 4518 4521 4563 ore

2567 4586 3011 4739 {gozttcgloruml
3062 4594 3337 4740 etzcepta
3387 4586 3613 4664 fuerit,
3668 4583 3778 4650 vel
3834 4605 3919 4650 ex
3972 4605 4198 4650 eorum
4253 4583 4520 4668 scriptis

2659 4694 2694 4739 e
2812 4695 2847 4739 r
2888 4695 2964 4740 co
3014 4694 3088 4740 ec

2732 4846 2984 4912 Recita.

828 5150 888 5213 1)
923 5151 1002 5205 Le
1037 5150 1090 5205 2.
1124 5151 1418 5206 dimanche.
1457 5177 1519 5188 -
1556 5150 1635 5205 Le
1680 5154 1911 5220 premier
1956 5154 2140 5221 poinct
2189 5170 2328 5222 pour
2371 5155 2648 5210 honnorer
2681 5153 2818 5207 Dieu
2867 5158 2952 5206 est
3002 5167 3059 5206 se
3109 5150 3209 5205 fier
3254 5165 3321 5205 en
3366 5150 3474 5220 luy.
3513 5177 3575 5188 —
3613 5149 3952 5206 Fondement
3994 5167 4134 5219 pour
4180 5148 4336 5204 avoir
4382 5164 4518 5204 con-

519 5216 711 5273 flancc.
745 5248 813 5258 —
845 5218 928 5275 Le
961 5218 1213 5289 Symbole
1249 5220 1345 5275 des
1380 5220 1661 5286 Apostres.

824 5286 886 5355 2)
922 5289 1227 5357 partitione.
1301 5287 1395 5343 Sic
1426 5303 1609 5343 omnm
1640 5286 1770 5341 inde
1803 5304 1841 5341 a
1874 5287 2009 5343 duce
2046 5288 2295 5344 Gallonio
2332 5287 2485 5344 1562.
2553 5290 2736 5345 Ama
2766 5288 2909 5343 male
2942 5288 3303 5344 scribebatur.-
3337 5287 3614 5357 petitione.
