4967 5992
585 381 710 443 283

581 566 773 633 nobis
807 562 974 628 nihil
1018 559 1179 625 facit
1218 578 1492 643 prorsus
1536 555 1812 639 reliqui?
1884 554 2016 620 Ubi
2058 573 2215 636 ergo
2257 550 2546 615 liberum

581 650 869 717 hominis
903 646 1266 722 arbitrium,
1303 649 1453 723 [pag.
1493 646 1598 720 70]
1651 641 1823 725 quod
1861 659 1901 703 a
1925 638 2266 723 Cypriane
2305 637 2544 701 astrui-

573 735 735 802 tur?
824 734 1080 815 Nempe
1119 730 1276 813 quia
1318 736 1551 812 sponte
1596 734 1663 793 et
1694 745 1964 809 peccare
2009 732 2078 789 et
2117 723 2285 788 bene
2328 722 2544 787 facere

580 821 918 887 hominem
972 815 1413 899 intelligebat,
1474 821 1812 896 utcunque
1853 808 2186 893 peccando
2253 805 2545 874 Satanae

583 905 900 985 serviret,
946 902 1068 969 sub
1110 901 1299 967 cuius
1342 897 1691 985 tyrannide
1736 897 2034 980 captivus
2079 898 2434 970 teneretur,
2480 898 2550 957 ct

583 992 671 1058 ad
711 994 881 1058 bene
925 985 1285 1056 vivendum
1329 984 1568 1069 spiritu
1609 983 1735 1047 Dei
1782 987 2151 1066 regeretur,
2213 998 2348 1043 non
2390 997 2546 1061 pro-

583 1079 729 1162 prio
786 1075 1001 1141 carnis
1053 1078 1256 1136 motu.
1344 1071 1497 1134 Non
1563 1067 1644 1133 de
1698 1068 1965 1133 nomine
2022 1065 2132 1130 hic
2188 1063 2546 1147 quaeritur,

587 1162 705 1230 sed
763 1162 842 1227 de
886 1158 1196 1225 facultate
1250 1155 1440 1221 liberi
1497 1154 1766 1220 arbitrii.
1853 1151 2066 1217 Porro
2122 1148 2356 1232 quanti
2400 1167 2549 1212 eam

588 1246 1034 1314 aestimaverit
1056 1241 1449 1328 Cyprianus,
1487 1246 1632 1304 tum
1653 1236 1990 1322 praeclara
2022 1234 2139 1300 illa
2159 1254 2310 1311 vox,
2348 1253 2547 1316 quam

584 1351 800 1416 nuper
850 1329 1229 1410 retulimus,
1285 1328 1481 1390 toties
1525 1324 1606 1390 ab
1651 1322 2028 1406 Augustino
2070 1317 2422 1396 celebrata,
2481 1325 2550 1382 et

586 1438 717 1505 qua
757 1437 952 1482 omne
1004 1434 1215 1499 genus
1261 1412 1479 1476 meriti
1525 1429 1793 1493 prorsus
1833 1402 2093 1472 excludi
2136 1402 2546 1488 pronunciat,

586 1511 731 1569 tum
773 1503 942 1568 alter
981 1500 1167 1565 locus
1209 1495 1514 1562 ostendit.
1602 1490 1906 1574 Quando,
1940 1490 2173 1574 inquit,
2219 1508 2548 1573 rogamus,

588 1610 675 1654 ne
715 1585 1082 1654 incidamns
1125 1585 1196 1648 in
1239 1581 1689 1658 tentationem,
1737 1576 2169 1643 admonemur
2206 1574 2547 1640 imbecilli-

586 1675 748 1740 tatis
803 1680 872 1738 et
912 1667 1319 1735 infirmitatis
1373 1672 1669 1731 nostrae:
1715 1663 1877 1728 dum
1922 1663 2015 1728 sic
2059 1680 2400 1746 rogamus,
2461 1680 2548 1724 ne

586 1761 736 1843 quis
779 1778 851 1824 se
892 1753 1257 1820 insolenter
1300 1751 1592 1829 extollat,
1637 1769 1722 1814 ne
1767 1749 1914 1832 quis
1954 1746 2083 1813 sibi
2124 1745 2403 1829 superbe
2447 1752 2548 1809 at·

587 1866 715 1929 que
760 1845 1148 1925 arroganter
1190 1837 1440 1920 aliquid
1481 1839 1804 1913 assumat,
1865 1845 1951 1898 ne
1991 1835 2138 1916 quis
2153 1883 2170 1911 ,
2233 1837 2351 1896 aut
2393 1850 2548 1895 con-

588 1927 896 1995 fessionis
914 1976 929 2004 ,
986 1931 1106 1990 aut
1145 1922 1471 2006 passionis
1516 1921 1793 2006 gloriam
1838 1938 2024 1984 suam
2071 1916 2298 1983 ducat:
2343 1937 2550 1999 quum

587 2013 919 2080 Dominus
985 2010 1255 2075 dixerit:
1312 2007 1607 2093 Vigilate
1673 2016 1742 2072 et
1794 2011 2008 2084 orate,
2064 2011 2208 2082 etc„
2263 2007 2341 2067 ut
2392 2000 2551 2065 dum

589 2095 927 2184 praecedit
983 2095 1253 2160 humilis
1311 2100 1374 2159 et
1429 2093 1758 2159 submissa
1813 2088 2159 2168 confessio,
2232 2094 2301 2152 et
2354 2085 2551 2152 datur

589 2191 806 2251 totum
847 2182 1171 2259 Domin0,
1229 2176 1540 2264 quidquid
1586 2176 1965 2261 suppliciter
2008 2194 2160 2239 cum
2202 2174 2439 2238 timore
2483 2178 2553 2237 et

589 2271 843 2336 honore
883 2268 1013 2334 Dei
1056 2267 1323 2351 petitur,
1367 2265 1573 2348 ipsius
1607 2264 1852 2348 pietate
1893 2265 2280 2344 praestetur.
2370 2256 2551 2338 Quid

590 2356 704 2421 hic
748 2354 1193 2439 arrogantiam
1231 2358 1421 2418 vocat
1456 2349 1511 2415 G
1607 2346 1877 2414 rianus?
1925 2367 2056 2411 non
2101 2344 2293 2409 modo
2335 2351 2553 2408 totum

594 2440 720 2507 sibi
763 2459 1092 2538 arrogare,
1137 2435 1254 2503 sed
1298 2435 1498 2520 aliqui
1583 2433 1849 2518 penitus
1892 2451 2170 2496 sumere.

765 2524 984 2591 Vemo
1041 2521 1125 2588 ad
1167 2521 1537 2588 Hilarium:
1582 2519 1768 2586 cuius
1825 2518 2080 2600 primus
2132 2515 2314 2581 locus
2355 2519 2553 2578 natu-

593 2633 739 2678 ram
804 2608 1122 2687 hominis‚
1202 2606 1388 2673 nulla
1452 2603 1891 2688 corruptionis
1957 2603 2129 2668 facta
2200 2600 2552 2677 mentione,

597 2696 922 2763 describit.
1012 2694 1221 2777 Atqui
1263 2692 1428 2758 haec
1474 2689 1771 2773 exceptio
1811 2686 1980 2752 mihi
2021 2707 2280 2769 semper
2323 2691 2426 2750 est
2469 2682 2555 2749 ad

595 2801 899 2848 manum:
991 2787 1108 2844 aut
1183 2778 1474 2843 noluisse
1562 2797 1712 2841 eum
1800 2793 2047 2857 negare
2130 2771 2550 2855 pravitatem,

597 2888 768 2954 quae
821 2888 906 2931 ex
954 2863 1259 2949 originali
1312 2869 1579 2946 peccato
1635 2859 1936 2944 ingenita
1988 2864 2090 2923 est
2142 2856 2551 2922 hominibus:

597 2960 717 3019 aut
768 2953 826 3018 si
871 2970 1116 3034 negare
1161 2947 1469 3027 voluerit,
1525 2947 1606 3013 ab
1650 2944 1960 3010 ecclesiae
2000 2962 2319 3008 consensu
2363 2939 2556 3005 dissi-

487 3087 494 3096 -
598 3039 770 3104 dere.
861 3035 1089 3117 Quum
1121 3040 1371 3112 ‚autem
1424 3031 1592 3097 nihil
1642 3030 1779 3096 illic
1830 3028 2243 3112 propositum
2294 3025 2555 3105 habeat,

596 3124 728 3189 nisi
769 3128 847 3186 ut
889 3120 1377 3187 excusationem
1417 3117 1612 3184 tollat
1654 3114 2056 3192 hominibus,
2101 3135 2185 3178 ne
2227 3112 2557 3177 malorum

596 3227 871 3276 suorum
915 3205 1177 3290 culpam
1223 3205 1296 3269 in
1338 3204 1558 3268 Deum
1612 3201 1941 3278 reiiciant,
2001 3198 2169 3263 nihil
2211 3198 2456 3263 mirum
2499 3196 2557 3262 si

598 3294 681 3359 ad
739 3293 1018 3377 primam
1064 3312 1252 3357 suam
1296 3289 1619 3373 originem
1661 3308 1775 3353 eos
1817 3292 2110 3364 revocat,
2167 3305 2294 3367 quo
2340 3305 2411 3348 se
2453 3284 2554 3364 ip-

595 3401 701 3446 sos
718 3429 734 3459 ,
790 3398 1112 3461 suumque
1176 3375 1462 3440 liberum
1515 3373 1864 3439 arbitrium
1932 3390 2239 3436 accusare
2281 3368 2554 3447 discant,

596 3465 705 3532 cui
757 3469 1099 3546 acceptum
1156 3462 1326 3527 ferre
1370 3458 1640 3538 debent,
1709 3457 1881 3542 quod
1934 3455 2095 3521 mali
2153 3462 2325 3521 sunt.
2417 3451 2557 3520 Sed

595 3571 715 3618 cur
757 3548 839 3615 de
873 3549 1205 3613 humanae
1249 3553 1527 3611 naturae
1562 3545 1774 3624 ruina,
1818 3565 1938 3609 cur
1972 3540 2054 3607 de
2098 3543 2237 3607 eius
2272 3560 2392 3624 per
2426 3539 2556 3604 Dei

597 3635 884 3719 gratiam
938 3633 1350 3716 reparatione
1394 3630 1652 3706 nullum
1696 3626 2017 3696 verbum?
2107 3626 2396 3705 Viderit,
2453 3626 2557 3690 in-

598 3740 826 3804 quam,
873 3720 1014 3802 ipse
1055 3717 1377 3796 Hilarius,
1424 3714 1746 3800 quomodo
1786 3713 2043 3779 consilii
2087 3714 2192 3779 sui
2231 3712 2558 3777 rationem

597 3802 851 3871 reddat.
938 3802 1112 3868 Mihi
1153 3802 1316 3870 satis
1349 3809 1478 3882 est,
1526 3803 1583 3867 si
1626 3801 1846 3885 palam
1886 3798 2083 3876 facio,
2129 3819 2261 3864 non
2304 3798 2398 3862 ita
2441 3818 2559 3862 no-

598 3890 700 3957 bis
745 3889 1110 3968 adversari,
1154 3889 1328 3955 sicut
1382 3887 1578 3971 fingit
1618 3885 1917 3971 Pighius.
2008 3888 2156 3965 [pag.
2205 3887 2313 3963 71]
2361 3880 2561 3964 Quod

598 3985 824 4042 autem
868 3974 1196 4042 voluntati
1236 3994 1368 4038 non
1413 3973 1815 4038 coactionem
1830 4023 1848 4051 ,
1894 3978 2012 4037 aut
2054 3969 2193 4036 vim
2234 3969 2560 4035 extrinse-

602 4081 769 4142 cam,
814 4058 932 4127 sed
973 4060 1433 4126 necessitatem
1474 4058 1766 4142 opponit,
1806 4055 1972 4121 nihil
2013 4055 2419 4121 difficultatis
2462 4059 2565 4119 est

601 4149 674 4213 in
718 4168 796 4213 ea
840 4167 932 4212 re.
1021 4143 1368 4228 Siquidem
1411 4143 1819 4209 necessitatis
1863 4141 2147 4220 nomine,
2196 4162 2331 4206 non
2364 4141 2563 4206 mise-

602 4234 798 4313 riam,
853 4231 961 4297 cui
1000 4228 1301 4297 addictus
1343 4236 1444 4294 est
1486 4228 1680 4293 homo
1724 4249 1843 4311 per
1877 4236 2245 4312 peccatum,
2291 4223 2408 4291 sed
2447 4247 2563 4291 ex·

602 4325 866 4384 ternam
910 4337 1209 4396 causam,
1265 4335 1435 4398 quae
1479 4335 1552 4379 co
1601 4320 1672 4378 at
1713 4313 1857 4378 fieri
1899 4309 2073 4396 quod
2112 4312 2209 4391 fit,
2255 4311 2398 4376 sine
2442 4311 2564 4376 du-

601 4403 711 4469 bio
767 4403 1112 4487 significat.
1204 4399 1510 4467 Secundo
1590 4420 1734 4478 oce,
1780 4420 1914 4464 non
1969 4396 2126 4481 quid
2179 4396 2400 4463 valeat
2442 4397 2564 4461 ho-

604 4488 805 4552 minis
848 4489 1228 4567 arbitrium,
1285 4487 1556 4553 exclusa
1592 4486 1722 4550 Dei
1772 4482 2018 4569 gratia,
2075 4481 2402 4566 disputat,
2448 4480 2567 4547 sed

604 4571 861 4635 homini
911 4579 1048 4639 toto
1112 4574 1285 4638 vitae
1339 4572 1708 4656 praesentis
1763 4590 1964 4635 cursu
2011 4569 2298 4651 spatium
2348 4574 2415 4633 et
2467 4567 2565 4632 lo-

606 4676 761 4723 cum
818 4654 961 4720 dari
1013 4665 1481 4723 commemorat
1531 4656 1886 4723 confitendi
1930 4656 2107 4720 Deo:
2152 4674 2321 4739 quae
2360 4653 2567 4720 facul-

607 4751 714 4807 tas
758 4749 975 4805 morte
1016 4742 1306 4808 finiatur.
1377 4742 1459 4809 Id
1503 4744 1641 4810 suis
1676 4742 1899 4809 verbis
1934 4741 2129 4806 aliter
2162 4738 2428 4825 quidem
2450 4761 2567 4806 ex-

605 4826 871 4913 primit,
932 4823 1110 4891 hunc
1168 4835 1391 4893 tamen
1444 4849 1588 4895 esse
1644 4848 1912 4895 sensum
1957 4828 2336 4906 verborum,
2394 4825 2567 4890 iudi-

599 4932 759 4980 care
809 4911 1018 4978 cuivis
1085 4919 1460 4996 promptum
1515 4914 1730 4979 fuerit.
1828 4913 2008 4979 Loco
2067 4912 2292 4994 tertio,
2355 4933 2570 4996 neque

607 4997 847 5062 tribuit
901 4997 1153 5083 gratiae
1200 4998 1329 5062 Dei
1384 5004 1708 5080 quantum
1752 4998 2053 5078 decebat,
2108 5004 2177 5064 et
2230 4998 2312 5063 ad
2355 4998 2570 5062 homi-

607 5103 765 5148 nem
799 5083 1149 5161 transfert,
1205 5081 1381 5182 quod
1422 5083 1607 5150 Deus
1652 5090 1967 5166 tanquam
2011 5105 2208 5150 suum
2247 5083 2568 5150 vindicat:

607 5189 852 5251 nempe
915 5189 1027 5235 cor
1094 5167 1415 5233 inchnare
1479 5168 1551 5233 in
1616 5168 2051 5234 obedientiam
2108 5168 2290 5253 legis.
2382 5167 2573 5249 Quae

609 5261 837 5321 autem
882 5275 1036 5321 eum
1093 5275 1298 5321 causa
1347 5253 1715 5337 impulerit,
1775 5260 1849 5318 ut
1892 5255 1987 5319 sic
2042 5261 2190 5319 tum
2231 5253 2368 5333 hic,
2423 5260 2574 5320 tum

1889 321 2420 435 REsPONslo
2465 361 2845 430 CONTRA
2885 360 3303 428 PIGHIUM

4482 358 4608 422 284

2646 551 2946 635 proximo
3009 549 3154 615 loco
3171 601 3187 628 ,
3260 549 3440 613 inter
3486 546 3709 612 Deum
3765 554 3835 612 et
3895 545 4232 611 hominem
4286 543 4612 610 bonorum

2648 658 2920 720 operum
2985 634 3249 700 laudem
3306 633 3662 711 divideret,
3732 633 3874 715 ipse
3920 632 4139 696 refert.
4228 629 4614 695 Laborabat

2647 723 2720 787 in
2774 719 3135 787 refellenda
3201 740 3428 784 eorum
3482 718 3933 801 improbitate,
4000 717 4111 800 qui
4164 715 4613 781 excusationis

2649 809 2997 873 materiam
3035 814 3104 871 et
3136 813 3554 889 praetextum
3592 825 3678 868 ex
3711 802 3929 870 carnis
3965 800 4417 868 imbecillitate
4460 821 4614 884 cap-

2652 894 2900 958 tabant.
2992 890 3219 972 Quum
3285 889 3478 955 aliter
3523 888 3835 972 expedire
3886 908 3955 952 se
4012 907 4148 952 non
4212 892 4469 971 posset,
4530 886 4616 951 ad

2653 978 2824 1043 hanc
2860 978 3350 1060 responsionem
3376 975 3686 1059 confugit,
3734 975 3829 1040 sic
3865 973 4126 1056 operari
4157 972 4231 1037 in
4263 971 4457 1037 nobis
4484 972 4615 1037 Dei

2652 1065 2965 1148 gratiam,
3034 1070 3109 1127 ut
3161 1062 3414 1143 aliquas
3475 1061 3666 1126 nobis
3717 1067 3941 1143 partes
3997 1058 4195 1123 simul
4248 1058 4611 1141 relinquat:

2651 1149 2887 1232 quibus
2930 1147 2987 1212 si
3029 1149 3175 1231 quis
3218 1147 3419 1224 desit,
3465 1166 3599 1210 non
3642 1146 3775 1209 nisi
3816 1143 4112 1209 socordia
4154 1150 4222 1208 et
4265 1142 4615 1227 negligen-

2650 1235 2748 1299 tia
2792 1253 2914 1299 sua
2983 1254 3251 1316 peccare
3294 1230 3467 1298 dicit.
3555 1232 3781 1314 Atque
3839 1229 3908 1294 id
3953 1236 4084 1308 est,
4129 1227 4305 1310 quod
4348 1229 4422 1293 in
4464 1248 4620 1295 mea

2652 1319 3077 1385 Institutione
3129 1315 3410 1401 prodidi:
3469 1317 3638 1380 mihi
3682 1323 3941 1382 veteres
3994 1334 4070 1380 eo
4113 1313 4388 1379 oonsilio
4436 1313 4617 1379 vires

2652 1404 2978 1470 humanas
3020 1403 3169 1486 plus
3216 1405 3383 1468 iusto
3426 1400 3641 1467 videri
3682 1400 4022 1479 extulisse,
4066 1420 4153 1464 ne
4196 1400 4254 1465 si
4286 1400 4619 1481 impoten-

2652 1491 2814 1555 tiam
2857 1489 3100 1554 diserte
3144 1496 3366 1554 essent
3399 1487 3697 1566 confessi,
3740 1486 4032 1571 primum
4064 1482 4619 1567 philosophorum

2647 1576 2940 1658 ipsorum
2983 1574 3353 1652 cachinnos,
3397 1573 3788 1656 quibuscum
3829 1577 4165 1637 certamen
4207 1577 4369 1636 tunc
4411 1570 4620 1636 habe-

2652 1662 2832 1737 bant,
2878 1667 3293 1725 excuterent:
3342 1655 3580 1723 deinde
3622 1658 3824 1738 carni,
3866 1663 4098 1740 suapte
4131 1663 4371 1738 sponte
4416 1656 4621 1722 nimis

2653 1746 2737 1810 ad
2803 1744 3052 1810 bonum
3096 1745 3413 1828 torpenti,
3488 1763 3730 1810 novam
3811 1740 4101 1808 desidiae
4197 1742 4622 1808 occasionem

2651 1831 3062 1915 praeberent.
3153 1831 3328 1894 Tum
3386 1828 3695 1895 continuo
3742 1836 3891 1913 post
3944 1827 4247 1893 subiicio:
4296 1826 4486 1912 Ergo
4533 1847 4620 1894 ne

2652 1915 2808 2000 quid
2850 1916 3183 1982 communi
3215 1914 3561 1980 hominum
3595 1914 3835 1980 iudicio
3856 1911 4219 1979 absurdum
4251 1911 4621 1993 traderent,

2655 2004 3017 2086 scripturae
3085 2001 3453 2067 doctrinam
3534 2020 3685 2066 cum
3761 1999 4017 2083 philoso
4064 1997 4216 2064 hiae
4286 1997 4619 2082 dogmati·

2653 2087 2779 2153 bus
2846 2085 3115 2152 dimidia
3180 2108 3264 2152 ex
3310 2096 3516 2171 *parte
3591 2086 3943 2153 conciliare
4005 2021 4138 2150 illis
4201 2104 4400 2150 curae
4465 2083 4616 2149 fuit.

2655 2173 3018 2257 Praecipue
3056 2180 3282 2238 tamen
3313 2172 3479 2237 illud
3523 2171 3882 2238 secundum
3919 2177 4266 2254 spectasse,
4312 2190 4398 2235 ne
4442 2168 4622 2236 desi-

2656 2258 2802 2324 diae
2843 2258 3060 2324 locum
3114 2258 3438 2338 facerent,
3494 2279 3579 2322 ex
3620 2278 3846 2324 eorum
3889 2253 4112 2323 verbis
4151 2261 4447 2339 apparet.
4539 2253 4620 2322 Si

2653 2345 2781 2411 hoc
2823 2365 2959 2409 non
2997 2364 3237 2423 essem,
3279 2352 3348 2409 et
3384 2343 3646 2409 disertis
3685 2341 3928 2422 verbis,
3975 2349 4043 2407 et
4085 2340 4365 2423 simplici
4406 2340 4619 2407 animi

2655 2428 2956 2509 candore,
3001 2436 3161 2496 tunc
3194 2435 3347 2509 [pag.
3388 2435 3496 2511 72]
3533 2429 3887 2512 professus,
3928 2428 4074 2492 iure
4114 2446 4296 2492 nuno
4330 2425 4619 2510 Pighius

2653 2516 2728 2579 in
2785 2537 2892 2581 me
2946 2514 3389 2581 inveheretur.
3476 2515 3672 2581 Nunc
3726 2522 3950 2580 autem
4002 2510 4159 2596 quid
4211 2532 4451 2578 causae
4494 2513 4619 2578 har-

2656 2599 2794 2680 bet,
2853 2623 2971 2667 cur
3011 2622 3120 2666 me
3174 2608 3312 2666 tam
3352 2602 3659 2667 atrociter
3701 2599 3981 2684 singulis
4032 2598 4295 2683 paginis
4346 2598 4618 2679 laceret,
4650 2615 4665 2628 ·

2659 2688 2847 2771 quasi
2892 2687 2972 2751 de
3003 2688 3334 2752 veteribus
3375 2688 3692 2752 mentitus
3714 2685 3973 2764 fuerim,
4021 2706 4223 2767 quum
4258 2695 4491 2749 tamon
4520 2687 4624 2751 ni-

2661 2772 2757 2837 hil
2811 2794 2894 2838 ex
2949 2771 3224 2838 adverso
3271 2773 3590 2856 proferat,
3650 2771 3822 2854 quod
3881 2792 4016 2836 non
4069 2770 4420 2836 conveniat
4462 2790 4622 2836 cum

2658 2858 2824 2923 meis
2867 2858 3132 2924 verbis?
3222 2858 3562 2941 Proponit,
3602 2855 4177 2922 Hilarium·liberi
4220 2853 4481 2920 arbitrii
4523 2857 4625 2923 vi·

2659 2943 2845 3009 ribus
2916 2944 3204 3044 tribuere
3270 2964 3423 3044 suas
3487 2951 3710 3043 partes
3765 2963 3917 3009 cum
3975 2942 4106 3008 Dei
4142 2940 4391 3042 gratia.
4484 2942 4625 3009 Re·

2658 3026 2951 3180 35:223&
2996 3027 3227 3180 {⁷¹¹3AE
3261 3030 3643 3199 33:2⁰&
3682 3027 4629 3196 iitiffssgmff⁰3332t¹ffi

2657 3200 3011 3283 impulerit,
3057 3201 3332 3266 eandem
3376 3201 3575 3268 fuisse
3611 3200 3989 3280 ostendunt,
4034 3218 4231 3282 quam
4275 3198 4415 3265 illic
4460 3221 4628 3283 quo-

2660 3307 2789 3370 que
2843 3287 3136 3370 exposui.
3233 3288 3326 3352 Et
3390 3293 3611 3352 tamen
3687 3284 4111 3370 impudenter
4174 3305 4282 3352 me
4343 3286 4631 3352 mentiri

2656 3369 2934 3438 subinde
2976 3373 3389 3440 vociferatur.
3464 3375 3560 3438 At
3600 3372 3737 3437 dixi
3774 3371 3885 3439 vel
3917 3370 4279 3449 obscurius,
4324 3370 4441 3436 vel
4482 3392 4631 3438 ma-

2660 3458 2763 3541 gis
2815 3458 2996 3524 varie
3047 3459 3230 3542 loqui
3273 3465 3555 3538 veteres,
3615 3478 3815 3543 quam
3856 3464 3936 3521 ut
3977 3463 4156 3522 certo
4200 3454 4431 3540 colligi
4476 3479 4631 3543 pos·

2660 3544 2750 3609 sit
2787 3545 3083 3627 ipsorum
3117 3545 3463 3610 sententia.
3535 3545 3628 3610 Hi
3674 3550 3893 3609 autem
3935 3542 4063 3609 loci
4107 3541 4307 3620 nihil,
4350 3543 4470 3609 vel
4518 3545 4630 3611 ob-

2661 3631 3011 3710 scuritatis,
3058 3632 3163 3698 vel
3210 3632 3574 3709 varietatis,
3634 3629 3895 3695 habent.
3984 3626 4404 3711 RespondeO,
4453 3629 4635 3715 quod

2660 3736 2768 3781 res
2813 3716 3048 3781 habet:
3093 3716 3429 3782 Hilarium
3444 3768 3462 3797 ,
3518 3737 3719 3799 quum
3773 3715 3848 3780 in
3902 3712 4218 3779 diluenda
4257 3714 4636 3784 obiectione

2659 3801 3120 3886 impediretur,
3197 3803 3254 3868 si
3308 3801 3590 3868 liberum
3655 3800 4001 3868 arbitrium
4068 3820 4292 3865 carere
4350 3821 4637 3883 prorsus

2662 3888 2910 3954 virtute
2954 3889 3288 3954 confessus
3330 3888 3531 3968 foret,
3586 3889 3727 3954 vim
3781 3886 3880 3951 illi
3921 3884 4184 3969 quidem
4228 3888 4636 3955 nonnullam

2662 3973 3042 4040 attribuisse
3058 4025 3075 4054 ,
3119 3973 3235 4039 sed
3280 3973 3425 4039 sine
3467 3983 3649 4039 certa
3686 3972 4092 4049 definitione,
4138 3991 4268 4055 qua
4317 3974 4639 4054 sciretur,

2665 4067 2990 4143 quantum
3024 4080 3227 4143 penes
3260 4059 3598 4125 hominem
3632 4065 3821 4125 esset.
3894 4057 4049 4122 Nun
4094 4078 4252 4123 uam
4286 4078 4419 4143 ego
4458 4082 4643 4140 sane,

2667 4147 2828 4230 quin
2875 4145 3160 4210 liberum
3211 4146 3557 4210 arbitrium
3607 4145 3856 4228 passim
3908 4164 3953 4226 p
4117 4143 4292 4208 ‘cent
4348 4153 4645 4230 veteres,

2668 4240 2737 4297 et
2774 4231 2873 4296 illi
2916 4231 3066 4314 plus
3109 4251 3309 4313 quam
3351 4250 3473 4316 par
3514 4232 3602 4296 sit
3644 4230 3956 4308 tribuant,
4001 4228 4260 4313 negavi.
4336 4226 4491 4296 Sed
4526 4231 4646 4296 ad·

2667 4318 2922 4396 monui,
2986 4315 3158 4401 quod
3216 4318 3577 4382 etiamnum
3631 4317 3972 4394 confirmO,
4029 4315 4122 4380 sic
4184 4319 4303 4379 aut
4346 4318 4645 4396 variare,

2668 4412 2785 4469 aut
2826 4402 3159 4479 vacillare,
3204 4411 3322 4468 aut
3356 4401 3670 4486 perplexe
3715 4401 3909 4484 loqui,
3954 4405 4031 4464 ut
4064 4399 4226 4464 certi
4270 4399 4422 4466 fere
4470 4401 4650 4469 nihil

2668 4489 2913 4555 referre
2956 4509 3042 4553 ex
3084 4486 3217 4553 illis
3257 4488 3468 4554 liceat.

2840 4574 2951 4640 Ex
2992 4571 3241 4640 Basilio
3284 4572 3447 4639 duos
3482 4573 3656 4639 locos
3692 4571 3868 4651 citat,
3915 4590 4197 4655 quorum
4284 4571 4431 4637 rior
4475 4573 4655 4640 nihil

2671 4658 2853 4726 aliud
2907 4659 3203 4724 continet
3221 4710 3236 4738 ,
3293 4680 3493 4742 quam
3545 4658 3878 4723 humanae
3921 4665 4198 4722 naturae
4286 4660 4653 4743 ascriptio·

2670 4767 2845 4826 nem,
2891 4744 3105 4829 qualis
3141 4766 3181 4810 a
3212 4744 3359 4809 Deo
3392 4746 3523 4810 fuit
3553 4741 3836 4822 condita,
3881 4763 3966 4807 ne
4000 4741 4325 4807 malorum
4362 4764 4656 4812 suorum

2670 4831 2934 4916 culpam
3000 4831 3300 4897 homines
3368 4831 3441 4895 in
3497 4831 3720 4896 Deum
3783 4828 4203 4894 transferant.
4292 4827 4658 4916 Principio

2673 4920 2905 5004 igitur,
2961 4922 3307 5001 peccatum
3364 4923 3568 5000 negat
3620 4913 4026 4981 substantiae
4079 4911 4373 4980 hominis
4438 4917 4659 4984 fuisse

2672 5005 3010 5083 innatum,
3055 5002 3172 5069 sed
3204 5002 3474 5087 propria
3513 5000 3616 5066 illi
3659 5000 3852 5083 culpa
3896 4998 4234 5066 accidisse:
4294 5002 4489 5082 quod
4533 5024 4661 5070 nos

2675 5111 2810 5155 non
2852 5090 3141 5154 fatemur
3180 5086 3373 5153 modo
3388 5140 3405 5167 ,
3458 5085 3577 5153 sed
3618 5084 3971 5171 diligenter
4012 5092 4299 5154 tuemur.
4392 5087 4663 5156 Postea

2678 5175 2994 5241 virtutem
3039 5172 3200 5240 dicit
3241 5194 3385 5240 esse
3425 5172 3889 5250 voluntariam,
3934 5177 4002 5236 et
4040 5191 4177 5236 non
4219 5192 4306 5235 ex
4346 5177 4664 5243 necessi-

2680 5265 2833 5325 tate.
2923 5258 3130 5325 Nobis
3174 5265 3400 5325 autem
3440 5260 3659 5325 inesse
3700 5257 3984 5325 liberum
4028 5256 4401 5323 arbitrium.
4495 5260 4661 5342 Hie,
