4967 5992
649 1611 1070 1680 ORAISON
1129 1610 1389 1679 POUR
1427 1609 1869 1779 ΙΡᾞΞΝΑΠ
1923 1609 2226 1717 ΜΑᾞΠῘ
2235 1661 2254 1690 ,
2315 1611 2442 1677 ΕΝ
2491 1608 2605 1677 ΒΕ

1490 1715 1551 1778 E
1751 1715 1824 1779 Τ.
2234 1739 2239 1750 ·

823 1853 989 1918 Mon
1041 1850 1247 1930 Dieu,
1304 1871 1461 1915 mon
1503 1850 1703 1930 Pere,
1758 1856 1826 1915 et
1867 1871 2022 1916 1808
2068 1849 2402 1930 Sauveur,
2456 1850 2609 1934 puis

654 1938 812 2021 qu'il
869 1942 960 2002 t'a
1014 1936 1168 2020 plen
1222 1956 1330 2000 me
1372 1937 1534 2001 faire
1579 1935 1645 2000 la
1687 1956 1881 2020 grace
1926 1935 2007 2001 de
2048 1957 2275 2020 passer
2317 1936 2384 2001 18
2424 1936 2611 2000 88181

653 2043 822 2107 pour
873 2023 1065 2089 venir
1116 2021 1351 2105 iusque
1419 2042 1504 2086 88
1556 2021 1702 2086 iour
1764 2029 2064 2104 present:
2121 2022 2398 2088 vueilles
2451 2043 2607 2105 moy

652 2109 832 2176 aussi
871 2109 1284 2173 maintenant
1316 2108 1480 2172 faire
1513 2128 1586 2173 ce
1621 2106 1792 2185 11188,
1828 2129 1954 2189 que
1986 2107 2049 2172 ie
2082 2108 2429 2192 l’employe
2463 2114 2610 2172 tout

654 2201 697 2259 8
738 2203 854 2260 108
904 2193 1181 2260 service:
1237 2192 1578 2258 tellement
1631 2214 1757 2274 que
1802 2193 1860 2258 ie
1902 2214 1989 2257 ne
2031 2214 2261 2276 pense,
2317 2215 2402 2258 ne
2446 2193 2605 2270 dise,

653 2300 738 2345 ne
772 2281 912 2345 face
953 2279 1131 2357 rien,
1178 2279 1368 2343 sinon
1408 2299 1578 2362 pour
1619 2285 1686 2344 te
1729 2278 2078 2362 complaire
2123 2288 2190 2343 et
2230 2279 2411 2345 obeir
2452 2286 2495 2344 8
2536 2285 2609 2342 18

655 2366 869 2431 110888
921 2366 1221 2431 volunte:
1280 2365 1415 2429 afin
1470 2385 1597 2447 que
1638 2384 1761 2447 par
1803 2384 1876 2429 88
1925 2385 2165 2448 moyen
2211 2373 2425 2429 tontes
2463 2384 2606 2429 mes

653 2473 911 2518 oeuvres
956 2458 1191 2535 soyent
1245 2457 1287 2515 8
1330 2449 1396 2513 18
1437 2449 1644 2534 gleire
1688 2448 1769 2514 de
1814 2459 1930 2514 ton
1971 2450 2142 2514 Nom
2156 2501 2172 2527 ‚
2233 2457 2302 2514 et
2343 2449 2605 2515 edifica-

651 2538 796 2602 tion
855 2538 936 2603 de
990 2557 1131 2601 mes
1189 2534 1559 2618 prochains.
1647 2535 1740 2600 Et
1781 2556 2032 2600 comme
2084 2535 2134 2599 il
2177 2542 2242 2599 te
2286 2535 2483 2618 plaist
2526 2534 2607 2599 de

651 2623 814 2688 faire
866 2622 1033 2687 luire
1086 2628 1204 2685 ton
1259 2618 1462 2685 Soleil
1517 2641 1632 2686 sus
1685 2620 1754 2685 18
1806 2628 2012 2696 terre,
2070 2640 2240 2703 pour
2292 2642 2460 2686 nous
2504 2641 2606 2696 88-

557 2741 572 2754 1
654 2707 893 2774 clairer
948 2704 1519 2788 corporellement,
1590 2706 1767 2771 aussi
1814 2705 2091 2771 vueilles
2143 2727 2302 2790 moy
2367 2726 2488 2789 par
2540 2706 2608 2769 18

655 2793 885 2859 8181118
917 2790 1017 2875 ‚de
1071 2798 1188 2855 ton
1240 2790 1471 2874 Esprit
1534 2790 1872 2856 illuminer
1924 2812 2082 2856 mon
2141 2790 2609 2857 entendement

655 2886 723 2943 et
764 2899 924 2943 mon
982 2896 1213 2957 cueur,
1267 2896 1434 2958 pour
1473 2896 1581 2940 me
1625 2875 1872 2961 diriger
1914 2897 1996 2941 en
2040 2875 2108 2941 18
2150 2875 2394 2942 droicte
2436 2897 2608 2961 voye

656 2963 738 3027 de
781 2970 854 3027 ta
896 2962 1143 3027 iustice.
1232 2961 1443 3040 Ainsi‚
1492 2968 1534 3026 8
1571 2961 1853 3045 quelque
1896 2962 2092 3028 chose
2134 2983 2261 3045 que
2302 2963 2366 3027 ie
2400 2966 2607 3046 m'ap-

655 3048 907 3131 plique,
963 3069 1089 3131 que
1142 3047 1469 3113 tousiours
1524 3068 1635 3111 ma
1688 3046 2074 3132 principalle
2127 3049 2224 3112 fin
2268 3054 2336 3112 et
2386 3049 2607 3112 inten-

655 3135 795 3198 tion
864 3134 991 3199 soit
1045 3132 1126 3198 de
1179 3132 1518 3198 cheminer
1571 3154 1653 3197 en
1707 3141 1780 3198 ta
1828 3135 2080 3199 crainte
2093 3183 2111 3211 ,
2165 3140 2232 3199 te
2287 3134 2499 3200 servir
2543 3139 2611 3197 et

653 3218 960 3298 honorer‚
1006 3217 1349 3283 attendant
1389 3226 1533 3282 tout
1572 3240 1730 3283 mon
1771 3218 1926 3284 bien
1968 3227 2036 3283 et
2077 3239 2190 3284 ma
2243 3219 2607 3302 prosperite

656 3303 737 3370 de
795 3315 868 3369 ta
924 3304 1109 3370 seule
1164 3302 1601 3369 benediction:
1662 3306 1798 3368 afin
1856 3304 1938 3369 de
1993 3326 2077 3369 ne
2135 3305 2276 3370 rien
2320 3312 2607 3370 attenter

654 3392 768 3473 qui
811 3413 897 3456 ne
939 3397 1006 3456 te
1041 3390 1167 3455 soit
1199 3388 1520 3473 agreable.
1597 3390 2020 3475 Davantage‚
2068 3390 2451 3456 travaillant
2483 3391 2609 3455 tel-

653 3477 904 3541 lement
954 3498 1124 3561 pour
1176 3497 1333 3541 mon
1397 3496 1587 3558 corps
1642 3482 1710 3541 et
1775 3496 1942 3558 pour
2001 3475 2068 3541 18
2121 3476 2229 3542 vie
2283 3483 2608 3559 presente,

654 3583 781 3645 que
821 3563 885 3627 ie
937 3561 1213 3646 reg-arde
1251 3561 1581 3626 tousiours
1624 3560 1772 3644 plus
1813 3561 2027 3646 loing:
2081 3563 2400 3640 assavoir‚
2461 3569 2504 3627 8
2546 3561 2613 3625 18

654 3649 762 3715 vie
817 3647 1054 3714 celeste
1068 3698 1084 3726 ,
1151 3647 1430 3728 laquelle
1495 3654 1572 3711 tu
1628 3667 1703 3711 as
1754 3648 2041 3731 promise
2095 3655 2137 3713 8
2192 3656 2291 3713 188
2356 3648 2609 3714 enfans.

655 3732 1088 3798 Neantmoins
1133 3732 1291 3815 qu'il
1336 3739 1403 3797 te
1445 3732 1668 3815 plaise‚
1713 3740 1781 3797 et
1823 3733 2004 3812 sel'on
2046 3733 2109 3798 le
2145 3756 2351 3816 corps,
2397 3743 2466 3798 et
2509 3755 2610 3798 88-

654 3819 767 3883 108
798 3818 1011 3896 1’81118,
1047 3826 1220 3883 88118
1253 3839 1409 3882 1808
1440 3825 1849 3900 protecteur,
1883 3838 1991 3884 me
2028 3820 2350 3884 fortifiant
2382 3826 2611 3885 contre

654 3910 868 3969 tontes
903 3904 1006 3968 les
1048 3904 1405 3969 1881811088
1448 3902 1537 3967 du
1594 3902 1838 3985 diable,
1894 3912 1961 3970 et
2002 3926 2111 3969 me
2157 3904 2486 3970 delivrant
2530 3903 2610 3968 de

657 3995 806 4054 tous
861 3989 960 4055 les
1030 3988 1313 4072 dangers
1383 3989 1662 4054 terriens
1713 3992 1824 4072 qui
1880 4012 1986 4056 me
2039 3998 2442 4076 pourroyent
2494 3989 2609 4054 ad-

653 4076 863 4160 venir.
962 4076 1055 4140 Et
1108 4095 1349 4157 pource
1400 4095 1525 4157 que
1568 4095 1641 4140 ce
1694 4076 1861 4142 n'est
1914 4077 2056 4141 rien
2103 4076 2184 4141 de
2238 4077 2389 4142 bien
2433 4096 2609 4140 com-

656 4180 950 4240 mencer,
997 4161 1112 4243 qui
1153 4181 1238 4224 ne
1282 4180 1647 4247 persovere,
1702 4161 1976 4227 vueilles
2018 4183 2174 4247 moy
2216 4183 2354 4227 non
2398 4161 2609 4227 seule·

657 4252 843 4312 ment
874 4266 1044 4329 pour
1086 4267 1160 4312 ce
1202 4245 1533 4331 iourdhuy
1591 4248 1886 4313 recevoir
1928 4269 2012 4312 en
2055 4255 2127 4311 ta
2170 4248 2417 4314 saincte
2453 4269 2609 4313 con-

659 4330 871 4411 duite,
914 4332 1082 4398 mais
1124 4352 1294 4415 pour
1336 4338 1519 4397 toute
1557 4352 1669 4396 ma
1713 4333 1848 4411 vie,
1905 4333 2296 4399 continuant
2338 4340 2406 4396 et
2446 4354 2608 4417 aug·-

655 4423 960 4482 mentant
1009 4418 1513 4483 iournellement
1569 4424 1640 4481 ta
1690 4438 1883 4503 grace
1927 4440 2012 4483 en
2052 4439 2236 4501 moy,
2297 4419 2526 4500 iusque
2567 4425 2609 4483 8

658 4522 732 4567 88
776 4523 903 4585 que
942 4511 1014 4567 tu
1060 4504 1304 4588 m'ayes
1347 4512 1578 4569 818888
1621 4510 1663 4568 8
1705 4503 1771 4568 18
1811 4504 2029 4588 pleine
2073 4504 2482 4569 conionction
2527 4504 2608 4569 de

659 4594 775 4651 ton
832 4588 978 4652 Filz
1033 4588 1225 4654 Iesus
1282 4588 1512 4654 Christ
1563 4597 1787 4654 nostre
1832 4589 2188 4673 Seigneur,
2245 4591 2353 4672 qui
2400 4596 2505 4653 est
2544 4590 2607 4655 18

657 4693 825 4757 vray
870 4672 1072 4739 Soleil
1117 4674 1197 4739 de
1239 4696 1361 4739 noz
1395 4696 1591 4753 811188,
1637 4675 1883 4740 1818881
1922 4676 2068 4740 iour
2100 4683 2170 4740 81
2206 4676 2408 4753 nuict,
2454 4696 2608 4741 sans

655 4760 751 4823 fin
795 4766 863 4823 et
903 4765 945 4823 8
999 4761 1384 4842 perpetuite.
1489 4761 1582 4825 Et
1622 4762 1757 4825 afin
1798 4784 1923 4845 qne
1975 4762 2038 4826 18
2090 4761 2311 4844 puisse
2352 4762 2609 4827 obtenir

657 4844 849 4911 telles
908 4865 1134 4928 graces
1192 4843 1272 4910 de
1313 4852 1460 4930 toy,
1521 4847 1795 4913 vueilles
1840 4848 2094 4913 oublier
2133 4869 2276 4913 mes
2318 4848 2533 4912 188188
2556 4848 2606 4933 ¹)

969 5033 1028 5096 1)
1065 5039 1244 5087 108188
1279 5048 1393 5087 1888
1427 5032 1604 5088 fantes
1639 5031 1790 5086 1561.
1829 5033 1980 5088 1562.
2018 5034 2170 5089 1563.
2207 5033 2359 5090 1566.

967 5100 1026 5168 2)
1065 5101 1141 5155 In
1175 5100 1295 5156 edd.
1329 5102 1717 5156 recentioribus
1752 5103 2039 5172 praecedit
2081 5107 2273 5159 titulus
2303 5104 2604 5173 ymo-alis.-
2648 5105 2996 5159 Precationes
3039 5103 3243 5171 aliquot
3276 5103 3414 5171 piae.
3731 5100 3793 5161 3)
3831 5102 3955 5156 (1818
3993 5143 4006 5156 .

2151 5280 2164 5293 .
2200 5170 2948 5310 ῃοωῗζὲἒξῗᾷῗιῖἓέἐῨὸὃ·

661 5166 812 5222 1563.
1023 5168 1096 5236 4)
1136 5169 1255 5237 Quo
1289 5169 1389 5224 fiat
1422 5177 1484 5224 81
1517 5186 1902 5241 quamcunque,
1942 5171 2096 5226 1563.

657 5236 720 5303 8)
756 5248 1152 5308 perseveretur,
1189 5256 1223 5293 8
1256 5245 1312 5293 18
1350 5237 1503 5291 1563.
1774 5239 1838 5304 9)
1876 5257 1959 5294 me
1999 5283 2012 5295 .
2050 5284 2063 5296 .
2099 5281 2112 5294 .

3132 1608 3603 1677 PRECATIO
3649 1608 4154 1676 MATU‘rmA.
4174 1608 4231 1690 2)

2882 1851 3071 1916 Deus
3112 1851 3224 1927 mi,
3269 1857 3458 1933 pater
3502 1851 3595 1914 mi
3632 1857 3700 1914 et
3742 1857 4067 1928 servator,
4113 1850 4227 1931 qui
4311 1849 4473 1913 ratia
4503 1868 4642 1933 erga

2712 1960 2820 2003 me
2864 1945 2979 2002 188
3034 1936 3341 2012 effecisti,
3397 1946 3472 2000 ut
3524 1943 3855 2001 transacta
3897 1945 4087 2000 nocte
4132 1934 4217 1999 ad
4317 1956 4448 2000 888
4490 1934 4644 1999 (11818

2713 2024 3158 2108 pervenirem:
3214 2021 3316 2086 fac
3359 2022 3590 2099 etiam,
3635 2029 3714 2085 81
3753 2023 3974 2104 ipsum
4018 2028 4232 2085 totum
4277 2022 4349 2084 in
4393 2020 4644 2085 sanctis·

2713 2110 2863 2175 simi
2920 2107 3212 2173 numinis
3267 2108 3369 2170 181
3426 2105 3609 2172 88118
3665 2115 3735 2170 81
3790 2106 4210 2182 veneratione
4266 2126 4643 2171 consumam.

2710 2194 2895 2260 Nihil
2942 2194 3206 2258 omnino
3262 2199 3378 2257 881
3428 2193 3736 2275 cogitem,
3792 2203 3907 2256 881
3959 2191 4201 2271 dicam,
4254 2201 4376 2256 aut
4417 2191 4645 2267 faciam,

2710 2280 2885 2363 quod
2939 2300 3014 2343 eo
3072 2299 3210 2343 non
3252 2277 3509 2356 tendat,
3565 2286 3639 2341 ut
3680 2277 3797 2341 tibi
3842 2277 4196 2360 obsequar,
4236 2285 4307 2342 et
4345 2275 4651 2342 voluntati

2710 2374 2863 2431 1888
2895 2386 3145 2430 1801881
3180 2385 3432 2447 geram:
3471 2384 3600 2445 quo
3638 2363 3884 2429 scilicet
3917 2364 4207 2429 actiones
4230 2383 4461 2427 0111888
4484 2381 4648 2426 meae

2711 2452 3083 2517 referantur
3138 2449 3221 2528 ad
3285 2449 3563 2532 gloriam
3616 2450 3899 2514 nominis
3952 2449 4085 2526 tui,
4144 2458 4346 2531 atque
4397 2450 4654 2512 fratrum

2709 2558 3007 2602 meorum
3053 2535 3360 2600 salutem:
3421 2534 3580 2599 dum
3623 2533 3921 2617 exemplo
3977 2555 4124 2600 meo
4179 2534 4269 2598 ad
4330 2543 4402 2599 te
4456 2533 4653 2599 colen-

2712 2623 2867 2688 dum
2890 2621 3385 2702 instruentur.⁸)
3442 2622 3663 2701 Atque
3691 2628 3764 2684 ut
3786 2619 4108 2684 mundum
4134 2619 4338 2699 hunc,
4378 2619 4461 2684 ad
4495 2619 4654 2682 vitae

2712 2715 3026 2773 externae
3068 2727 3245 2783 usus,
3289 2704 3445 2769 solis
3490 2706 3587 2769 tui
3629 2706 3973 2788 splendore
4016 2705 4378 2783 illuminas,
4424 2705 4517 2769 118
4547 2702 4657 2768 181-

2711 2814 2868 2878 gore
2912 2793 3179 2874 spiritus
3223 2792 3321 2855 tui
3364 2799 3653 2855 mentem
3693 2813 3909 2856 meam
3954 2790 4251 2869 illustra,
4300 2792 4418 2875 qui
4458 2811 4559 2854 me
4595 2788 4657 2852 18

2712 2880 2821 2945 via
2864 2878 3150 2942 iustitiae
3194 2885 3343 2941 tuae
3385 2876 3641 2960 dirigat.

2882 2962 3359 3044 Quamcunque
3377 2967 3434 3045 ⁴)
3463 2962 3545 3025 ad
3579 2982 3720 3026 rem
3744 2961 4064 3044 applicem
4087 2963 4395 3028 animum
4430 2970 4657 3036 meum,

2710 3049 2768 3114 is
2801 3049 2972 3114 mihi
3011 3069 3270 3131 semper
3312 3048 3399 3112 sit
3431 3048 3819 3132 propositus
3849 3052 3966 3127 [foL
4006 3052 4115 3127 84]
4161 3049 4362 3134 finis,
4418 3057 4495 3114 ut
4534 3044 4660 3124 tibi,

2710 3134 3072 3216 honorique
3116 3142 3231 3198 tuo
3264 3134 3649 3212 inserviam,
3706 3153 3969 3198 omnem
4011 3133 4407 3200 felicitatem
4457 3154 4496 3198 8
4529 3153 4662 3217 gra·

2710 3222 2805 3285 tia
2839 3229 2908 3286 et
2949 3220 3379 3286 beneficentia
3418 3228 3536 3283 tua
3578 3218 3718 3284 sola
3745 3227 4137 3300 exspectem.
4159 3220 4218 3302 5)
4304 3219 4449 3285 Ν88
4493 3214 4663 3302 quid-

2712 3328 2911 3388 quam
2954 3306 3221 3371 omnino
3273 3303 3637 3389 aggrediar,
3683 3304 3854 3386 quod
3909 3303 4026 3369 tibi
4073 3314 4355 3389 gratum
4400 3327 4529 3371 non
4571 3304 4662 3369 sit.

2712 3393 2922 3457 Effice
2965 3400 3319 3474 praeterea,
3364 3398 3442 3455 ut
3485 3390 3641 3454 dum
3687 3390 3884 3455 huius
3928 3391 4105 3455 vitae
4142 3391 4442 3457 tuendae
4486 3409 4667 3455 88888

2711 3477 2956 3557 labor'o,
3003 3484 3083 3543 81
3120 3498 3199 3542 88
3241 3496 3399 3565 curo
3453 3496 3621 3557 quae
3663 3475 3747 3541 ad
3792 3476 4041 3542 victum
4099 3484 4170 3541 et
4229 3478 4495 3544 cultum
4539 3496 4666 3542 cor-

2713 3565 2889 3646 poris
2947 3562 3309 3648 pertinent:
3369 3562 3566 3627 altius
3622 3569 3844 3627 tamen
3899 3563 4149 3646 erigam
4197 3563 4540 3641 animum,
4595 3558 4669 3626 ad

2713 3650 2971 3715 beatam
3024 3669 3263 3731 nempe
3306 3655 3374 3712 et
3413 3647 3756 3713 coelestem
3801 3647 4007 3714 vitam
4022 3700 4039 3726 ,
4095 3670 4307 3731 quam
4353 3648 4511 3714 filiis
4554 3645 4671 3712 tuis

2712 3735 3086 3817 promisisti.
3174 3733 3651 3810 Nihilominus,
3709 3741 3846 3799 tam
3901 3734 4157 3799 animae
4204 3755 4419 3817 qnam
4460 3753 4670 3815 corpo-

2711 3821 2804 3886 ris
2847 3827 3276 3903 protectorem
3319 3826 3386 3883 te
3419 3819 3586 3883 mihi
3630 3817 4032 3897 exhibendo,
4076 3819 4416 3885 adversus
4461 3837 4674 3886 omnes

2714 3904 3004 3972 Satanae
3050 3904 3414 3988 insultus⁶)
3460 3927 3566 3970 me
3611 3906 3957 3970 confirmes
4001 3924 4076 3971 88
4128 3908 4443 3972 munias:
4498 3914 4565 3971 et
4602 3900 4673 3968 ab

2714 3991 3017 4056 omnibus
3069 3991 3403 4073 periculis,
3465 4012 3633 4072 quae
3690 3988 3874 4055 nobis
3927 3990 4189 4056 assidue
4250 3993 4330 4056 in
4381 3992 4510 4057 hac
4549 3991 4676 4056 vita

2712 4077 3111 4162 impendent,
3148 4075 3404 4141 liberes.
3466 4073 3575 4140 Ad
3617 4075 3797 4153 haec,
3828 4097 4033 4158 quum
4057 4098 4303 4158 parum
4328 4079 4388 4160 ⁷)
4418 4079 4510 4143 sit
4542 4095 4676 4143 coe-

2712 4164 2905 4246 pisse,
2937 4163 3064 4227 nisi
3112 4181 3541 4244 perseverem,
3590 4160 3736 4225 ideo
3782 4182 3821 4225 a
3847 4162 3990 4244 183)
4035 4169 4212 4244 peto,
4245 4162 4567 4242 Domine,
4599 4180 4676 4225 ne

2710 4249 2876 4313 mihi
2919 4249 2991 4313 in
3034 4247 3426 4313 hodiernum
3468 4245 3639 4311 diem
3684 4256 3943 4311 tantum
3989 4247 4123 4312 dux
4168 4249 4271 4314 sis
4328 4272 4410 4316 ac
4455 4257 4677 4323 rector,

2712 4335 2827 4400 sed
2853 4356 3059 4417 usque
3102 4331 3185 4396 ad
3229 4332 3405 4398 vitae
3462 4334 3664 4397 finem
3707 4355 3813 4398 me
3829 4333 3889 4418 ⁹)
3930 4333 4000 4397 in
4044 4342 4227 4398 tuam
4281 4335 4497 4402 fidem
4548 4353 4678 4399 sus-

2712 4421 2931 4503 cipias,
2958 4440 3085 4502 quo
3109 4417 3229 4508 sub
3255 4418 3386 4484 tuis
3432 4418 3758 4502 auspiciis,
3786 4425 3964 4485 totus
3990 4420 4166 4484 vitae
4213 4443 4420 4487 meae
4459 4439 4682 4488 cursus

2713 4507 3133 4589 transigatur.
3222 4504 3316 4569 Et
3368 4506 3523 4587 quia
3567 4504 4037 4587 proficiendum
4083 4505 4288 4570 nobis
4349 4517 4477 4585 est,
4584 4524 4678 4568 ra-

2711 4592 2842 4656 1188
2865 4592 2936 4655 18
2974 4612 3080 4655 188
3105 4596 3260 4655 1888
3285 4588 3455 4670 dona
3479 4589 3731 4675 adauge
3755 4592 3837 4673 ¹⁰)
3874 4591 3940 4655 in
3967 4590 4124 4664 dies,
4153 4593 4507 4675 tantisper
4537 4528 4683 4657 {um

2711 4679 2973 4761 penitus
3020 4676 3411 4742 adhaeream
3443 4676 3577 4740 filio
3627 4685 3759 4755 tuo,
3805 4675 3960 4741 Iesu
4004 4676 4309 4753 Christe,
4381 4699 4581 4761 quem
4609 4674 4681 4754 ¹¹)

2709 4784 2945 4827 verum
3004 4762 3208 4828 solem
3262 4761 3590 4828 lucentem
3646 4770 3963 4844 perpetuo
4014 4762 4088 4825 in
4141 4763 4406 4829 animis
4443 4757 4686 4829 ‘nostris

2711 4849 2947 4914 merito
2986 4847 3409 4933 appellamus.
3491 4846 3680 4928 Quae
3724 4855 3821 4912 tot
3860 4855 4167 4930 tantaque
4217 4846 4578 4926 beneficia,
4620 4853 4689 4910 ut

4041 5141 4054 5156 .
4092 5141 4106 5155 .
4142 5142 4155 5155 .
4190 5102 4557 5159 instruentur
4589 5117 4686 5157 οιιι.

3175 5170 3234 5232 6)
3283 5171 3614 5225 tentationes
3656 5170 3807 5225 1563.
4030 5170 4087 5236 7)
4126 5169 4267 5225 nihil
4356 5176 4503 5229 rosit
4537 5169 4688 5225 1563.

3060 5239 3152 5306 10)
3192 5240 3466 5307 adaugens
3500 5241 3552 5294 in
3590 5240 3705 5296 dies
3741 5242 3913 5295 donec
3949 5242 4162 5309 penitus
4206 5190 4380 5297 1583.
4598 5241 4687 5306 11)

657 5305 749 5375 qui
786 5322 945 5362 verus
982 5316 1067 5363 est
1102 5308 1188 5363 801
1222 5308 1517 5362 animarum
1550 5313 1874 5376 nostrarum,
1909 5310 2140 5362 interdiu
2178 5318 2234 5363 et
2267 5316 2433 5364 80818
2467 5311 2674 5379 lucens,
2709 5311 2823 5365 sine
2859 5306 2969 5363 fine‘
3004 5315 3060 5363 et
3092 5310 3149 5363 in
3186 5316 3482 5378 aeternum,
3518 5306 3656 5362 1563
