4967 5992
409 364 530 429 365

409 563 548 633 gat,
601 555 680 612 ut
721 548 792 612 in
846 547 1026 613 vitae
1070 553 1376 613 aeternae
1432 545 1913 611 haereditatem
1967 545 2360 629 adoptetur?

404 635 600 700 Nunc
654 654 812 698 vero
865 633 936 698 111
1001 641 1255 699 reatum
1323 634 1557 697 mortis
1614 639 1925 697 aeternae
1990 632 2361 713 prolapsus,

406 718 727 802 numquid
780 719 1005 798 habet,
1075 739 1203 801 quo
1260 739 1330 784 se
1399 716 1806 783 damnationi
1873 718 2165 782 eximat?
2234 739 2363 801 quo

407 804 766 871 satisfaciat
822 824 940 887 pro
983 804 1277 869 offensa?
1322 804 1596 887 insuper
1639 811 1709 868 et
1749 803 2013 883 haeres,
2074 813 2142 869 et
2184 803 2362 870 filius

407 890 606 957 scribi
672 890 945 956 debeat?
1039 888 1218 970 Quid
1295 889 1546 956 viribus
1613 890 1748 955 suis
1812 901 2148 973 praestare
2215 888 2363 954 Deo

404 985 648 1061 potest,
703 977 808 1041 cui
853 974 1047 1041 debet
1089 975 1409 1058 quidquid
1453 983 1584 1054 est,
1631 982 1700 1040 et
1739 975 2054 1059 quidquid
2097 974 2359 1059 potest?

405 1064 569 1129 'Pam
625 1061 847 1128 valida
887 1062 1317 1146 impressione
1370 1062 1532 1127 adeo
1575 1082 1709 1126 non
1754 1061 2011 1127 dubitat
2051 1063 2361 1145 profliga-

403 1159 549 1214 tum
615 1168 758 1213 esse
816 1148 1197 1233 Pelagium,
1266 1153 1345 1212 ut
1396 1155 1690 1225 nostrae,
1757 1167 1877 1229 pro
1931 1146 2181 1212 tuenda
2232 1148 2361 1212 Dei

556 1236 637 1313 ’a,
680 1233 1121 1315 sollicitudini,
1166 1240 1480 1317 tanquam
1523 1231 1839 1298 ridiculae
1856 1284 1871 1310 ,
1915 1232 2217 1298 ferociter
2258 1234 2361 1297 in-

404 1321 622 1387 sultet.
714 1320 807 1384 At
861 1319 1117 1385 sublato
1160 1340 1293 1384 uno
1337 1318 1612 1384 verbulo
1627 1370 1643 1398 ,
1700 1318 1813 1383 ubi
1858 1317 2193 1383 hominem
2239 1318 2363 1384 sub

402 1415 594 1473 reatu
645 1406 879 1471 mortis
936 1405 1018 1470 ob
1063 1405 1320 1488 culpam
1375 1404 1747 1482 constituit,
1801 1424 1970 1488 nego
2013 1403 2362 1489 Pelagium

404 1493 540 1558 ullo
605 1491 800 1556 modo
868 1492 1123 1575 attingi.
1212 1490 1576 1568 Beneficia,
1644 1511 1812 1573 61166
1874 1491 1947 1555 111
2018 1489 2362 1555 hominum

400 1587 710 1644 naturam
770 1577 1045 1644 contulit
1097 1578 1283 1642 Deus
1300 1628 1316 1654 ,
1377 1576 1658 1660 Pighius
1712 1574 2071 1659 splendidis
2129 1576 2231 1641 elo
2283 1577 2362 1642 'is

399 1661 833 1730 commendat.
902 1662 1117 1728 Multo
1162 1662 1232 1727 id
1267 1669 1335 1727 et
1375 1661 1794 1740 luculentius,
1840 1669 1910 1726 et
1951 1597 2359 1745 splendicffus

401 1756 552 1830 [pag.
597 1753 742 1827 184]
806 1750 1055 1814 factum
1124 1770 1164 1813 a
1226 1748 1497 1832 Pelagio
1565 1749 1981 1832 Augustinus
2053 1755 2356 1813 testatur.

400 1834 584 1917 Quin
630 1835 831 1899 etiam
875 1832 956 1899 de
1000 1835 1215 1918 gratia
1243 1832 1400 1916 quid
1443 1835 1735 1912 sentiret,
1765 1854 1983 1917 quum
2023 1834 2096 1897 in
2136 1834 2358 1916 palae-

399 1921 578 1987 stino
622 1919 912 1999 661161116,
959 1928 1102 1985 ι11111
1130 1920 1285 1985 alibi
1319 1940 1514 2002 saepe
1556 1921 2019 2003 interrogatus,
2064 1940 2203 1984 non
2246 1920 2360 1985 ab-

397 2005 605 2072 simili
660 2025 903 2090 genere
958 2006 1272 2071 orationis
1326 2027 1513 2071 suam
1569 2006 1978 2087 impietatem
2029 2003 2357 2089 pingebat.

398 2090 586 2173 Quid
641 2098 742 2157 est
783 2090 1007 2171 homo,
1065 2098 1181 2156 aut
1233 2090 1390 2173 quid
1446 2091 1674 2170 habet,
1729 2089 1903 2174 quod
1945 2110 2080 2155 non
2134 2110 2176 2154 a
2212 2091 2358 2156 Deo

396 2177 773 2261 acceperit?
864 2176 1169 2259 Quantae
1211 2178 1419 2260 igitur
1456 2185 1523 2242 et
1565 2176 1910 2259 superbiae
1952 2183 2021 2241 et
2062 2176 2359 2241 insaniae

393 2265 599 2343 foret,
657 2264 717 2327 si
771 2263 926 2345 quid
980 2262 1104 2329 sibi
1155 2263 1498 2345 proprium
1553 2269 1896 2345 arrogaret
1909 2313 1925 2341 ,
1981 2263 2170 2345 qnasi
2224 2283 2358 2327 non

392 2347 525 2414 sibi
580 2349 709 2413 Dei
736 2350 787 2432 ¹)
845 2349 1061 2433 gratia
1110 2347 1462 2414 collatum?
1554 2348 1665 2412 En
1721 2348 1959 2430 quibus
2010 2347 2358 2432 Pelagium

389 2434 728 2501 machinis
760 2432 980 2498 diruat
1020 2439 1218 2516 atque
1249 2440 1505 2500 evertat
1535 2432 1834 2517 Pighius.
1901 2432 2156 2516 Nempe
2199 2433 2358 2498 dum

390 2522 545 2585 eius
592 2519 977 2584 confessioni
1034 2519 1418 2602 simpliciter
1461 2518 1829 2584 subscribit.
1920 2517 2059 2584 Sed
2100 2520 2356 2584 homini

387 2604 652 2683 adimit,
699 2625 784 2670 ne
818 2605 941 2670 sibi
976 2606 1198 2670 Deum
1241 2604 1529 2688 obligare
1561 2605 1801 2687 possit:
1838 2604 2010 2686 quod
2042 2604 2356 2689 Pelagius

387 2689 751 2756 asserebat.
839 2689 1097 2755 Iterum
1157 2690 1281 2755 hoc
1346 2691 1468 2756 sibi
1534 2697 1865 2773 spectrum
1923 2692 2044 2757 sub
2100 2691 2357 2776 Pelagii

388 2777 666 2842 nomine
722 2776 1056 2861 confingit.
1146 2774 1486 2858 Siquidem
1540 2797 1743 2858 quum
1796 2775 1909 2840 ille
1964 2796 2100 2841 non
2144 2777 2274 2842 nisi
2317 2796 2359 2840 a

387 2861 943 2946 promissionibus
974 2862 1351 2926 aestimaret
1390 2861 1734 2927 hominum
1776 2862 2031 2940 merita,
2078 2863 2239 2929 satis
2281 2882 2357 2927 eo

385 2948 746 3025 innuebat,
792 2968 927 3011 non
978 2946 1170 3012 aliter
1211 2947 1455 3012 sentire
1499 2969 1599 3026 se,
1643 2947 1966 3032 adstringi
2008 2947 2232 3013 Deum
2275 2947 2359 3013 ad

385 3031 802 3098 reddendam
845 3033 1190 3098 hominum
1233 3032 1539 3116 operibus
1580 3032 1979 3099 mercedem:
2027 3034 2159 3099 nisi
2203 3036 2360 3117 quia

384 3118 775 3184 voluntaria
813 3119 1160 3202 sponsione
1195 3139 1267 3185 se
1297 3119 1562 3184 fecisset
1589 3119 1766 3184 ultro
1798 3117 2174 3186 debitorem.
2221 3121 2358 3186 De-

381 3205 601 3287 nique
653 3203 827 3269 nihil
880 3205 954 3269 in
1009 3204 1389 3270 hominibus
1443 3203 1826 3283 collocabat,
1896 3212 2013 3270 aut
2065 3207 2356 3284 virtutis,

385 3298 512 3356 aut
567 3290 886 3368 iustitiae,
949 3289 1120 3373 quod
1165 3312 1298 3355 non
1345 3291 1474 3355 Dei
1528 3291 1780 3374 gratiae
1821 3291 2214 3355 nominatim
2261 3291 2359 3356 di-

384 3376 723 3459 sertisque
764 3376 986 3441 verbis
1030 3374 1446 3441 adscriberet.
1535 3376 1675 3441 Nec
1720 3375 1912 3441 aliter
1953 3377 2198 3441 mereri
2242 3376 2359 3442 do-

382 3462 588 3528 cebat
641 3462 973 3540 homines,
1034 3461 1163 3526 nisi
1217 3461 1373 3544 quia
1414 3461 1600 3526 Deus
1649 3461 1917 3526 illorum
1970 3482 2168 3545 opera
2222 3483 2360 3528 non

379 3547 793 3614 necessitate
848 3547 1068 3629 aliqua
1083 3598 1100 3625 ,
1159 3568 1282 3612 nec
1333 3545 1467 3612 ullo
1523 3546 1942 3630 obligationis
1994 3549 2139 3612 iure
2152 3599 2168 3627 ,
2241 3548 2360 3613 sed

427 3654 509 3698 ro
539 3634 870 3699 immensa
895 3653 1015 3699 sua
1042 3632 1464 3718 benignitate,
1491 3654 1569 3697 eo
1586 3633 1801 3715 pretio
1836 3632 2147 3717 dignatus
2166 3641 2355 3700 esset.

378 3653 541 3786 fiee
587 3740 795 3802 quum
848 3716 1123 3784 totidem
1180 3739 1385 3803 prope
1447 3718 1671 3784 verbis
1691 3720 2000 3784 succinit
2053 3719 2356 3803 Pighius,

379 3815 608 3871 totam
639 3804 892 3889 Pelagii
937 3805 1264 3871 haeresim
1286 3826 1327 3870 a
1365 3825 1436 3870 se
1479 3824 1779 3870 eversam
1807 3803 1933 3870 sibi
1965 3805 2356 3889 gratulatur.

570 3889 710 3956 Sed
754 3892 1010 3956 ratione
1053 3892 1300 3958 invicta
1342 3890 1657 3956 suffultus
1702 3899 1832 3966 est,
1879 3911 1997 3955 cnr
2038 3911 2168 3956 non
2216 3912 2356 3957 cre-

380 3975 523 4054 dat,
575 3985 878 4059 paratam
922 3998 1064 4043 esse
1098 3976 1229 4041 Dei
1271 3976 1573 4061 gratiam,
1616 3976 1748 4042 nisi
1789 3977 1890 4055 iis,
1933 3978 2049 4058 qui
2083 3976 2166 4042 ad
2211 3997 2358 4042 eam

377 4061 845 4146 recipiendam
922 4082 995 4127 se
1069 4062 1643 4147 praeparaverint:
1737 4063 2048 4146 quoniam
2125 4061 2360 4128 debeat

377 4156 582 4214 certa
624 4145 771 4213 Deo
814 4155 1115 4214 constare
1157 4149 1353 4225 ratic,
1399 4169 1518 4214 cur
1559 4148 1677 4213 nni
1722 4149 1970 4232 potius,
2019 4168 2218 4230 quam
2262 4148 2358 4213 al-

374 4235 515 4299 teri
582 4253 731 4298 eam
785 4233 1217 4317 impertiatur.
1306 4234 1455 4299 Hoc
1508 4235 1685 4299 enim
1741 4235 2105 4317 sapientem
2151 4233 2355 4301 decet.

375 4320 541 4404 Ego
600 4327 824 4384 autem
866 4342 1017 4386 cum
1059 4321 1435 4404 Augustino
1478 4319 1871 4403 respondeo,
1930 4318 2102 4385 absit
2143 4327 2221 4385 ut
2258 4321 2356 4385 iu-

377 4404 647 4472 dicium
690 4404 816 4469 hoc
858 4427 1059 4488 penes
1101 4405 1316 4470 lutum
1359 4407 1467 4485 sit,
1512 4412 1581 4470 et
1620 4426 1752 4471 non
1795 4406 2092 4490 figulum.
2181 4404 2357 4471 Con·

376 4500 524 4557 stat
594 4489 861 4574 quidem
913 4490 1058 4557 Deo
1115 4500 1295 4557 certa
1348 4490 1685 4575 solidaque
1748 4512 2023 4574 operum
2087 4512 2357 4557 suorum

373 4579 601 4643 ratio:
645 4574 763 4643 sed
804 4578 1017 4661 magis
1057 4597 1326 4656 arcana,
1372 4576 1676 4643 sublimis
1693 4627 1708 4654 ‚
1753 4577 2110 4657 recondita,
2155 4598 2354 4661 quam

373 4675 462 4728 ut
496 4683 658 4729 eam
691 4663 909 4745 capiat
928 4671 1064 4728 tam
1102 4670 1421 4747 angustus
1444 4662 1788 4745 tenuisque
1819 4664 2061 4728 mentis
2093 4670 2357 4729 nostrae

371 4748 724 4815 modulus.
801 4748 948 4816 Hoc
976 4770 1156 4814 nunc
1200 4747 1413 4813 solum
1438 4750 1973 4828 controvertitur,
2018 4749 2192 4832 quod
2235 4769 2357 4816 nos

371 4835 798 4920 sapientiam
838 4835 986 4913 Dei,
1032 4855 1227 4918 quam
1273 4835 1344 4899 in
1386 4833 1513 4900 hoc
1554 4832 1810 4901 delectu
1852 4834 2355 4918 incomprehen-

371 4920 662 4987 sibilem
684 4922 905 5003 captui
938 4929 1163 4986 nostro
1183 4920 1436 4986 Paulus
1458 4940 1600 4987 esse
1622 4918 1812 4986 docet
1843 4920 2064 5004 (Rom.
2095 4926 2194 4999 11,
2223 4923 2356 5004 33),

368 5006 754 5073 adoramus
787 5027 938 5073 cum
971 5012 1119 5087 [pag.
1162 5010 1309 5086 185]
1354 5007 1589 5072 timore
1620 5015 1690 5071 et
1719 5014 2003 5072 tremore
2015 5029 2032 5086 ;
2074 5006 2358 5090 Pighius

534 5213 608 5279 1)
658 5211 849 5266 Vocem
881 5210 986 5265 Dei
1019 5212 1141 5266 sola
1264 5214 1438 5281 ’acopo
1470 5212 1645 5267 addit.
1718 5211 1888 5269 Abest
1920 5226 2131 5284 quoque
2166 5227 2203 5267 α
2239 5228 2354 5267 ver·

367 5285 546 5338 done
582 5279 811 5350 gallica.
881 5280 1033 5334 Bau
1065 5295 1175 5335 sm
1224 5281 1236 5294 '
1266 5303 1282 5332 .-
1319 5281 1656 5338 collocatum.

1891 356 2021 423 DE
2062 355 2420 423 LIBERO
2464 354 2940 422 ARBI'PRIO.

4303 363 4427 426 366

2467 565 2605 610 non
2659 546 2808 627 plus
2865 565 3092 628 sapere
3149 544 3296 610 Deo
3356 547 3710 629 permittit,
3781 567 3977 630 quam
4030 547 4173 630 ipse
4227 549 4429 616 stulto

2467 652 2588 696 suo
2621 631 2887 697 cerebro
2921 630 3389 715 apprehendat.
3437 632 3615 699 Hinc
3646 633 3762 698 illa
3790 634 4209 700 exsecrabilis
4255 634 4428 700 blas-

2465 717 2762 800 phemia:
2824 718 2879 781 si
2922 718 3110 783 Deus
3167 737 3251 781 ex
3306 717 3561 783 duobus
3618 719 3812 784 malis
3839 728 3924 783 ·et
3964 721 4106 802 pari
4158 719 4429 785 damna-

2467 803 2631 866 tioni
2677 803 3002 882 obnoxiiS,
3060 811 3131 869 et
3171 800 3389 869 adhuc
3426 806 3498 868 in
3543 805 3719 869 malo
3765 807 4240 871 contumaciter
4280 828 4433 889 per-

2467 886 2826 967 stantibus,
2894 889 2967 954 in
3023 888 3307 954 alterum
3378 888 3889 969 animadvertat,
3958 892 4239 958 alterum
4296 914 4429 958 non

2467 972 2662 1038 modo
2704 975 2927 1052 venia,
2988 974 3103 1040 sed
3159 997 3276 1041 suo
3331 995 3585 1059 quoque
3638 996 3860 1043 amore
3904 976 4243 1062 dignetur,
4297 999 4433 1044 non

2464 1059 2987 1125 misericordiam
3041 1061 3181 1125 fore
3222 1061 3418 1126 laude
3463 1060 3763 1146 dignam,
3821 1062 3939 1128 sed
3982 1064 4290 1143 stulmm,
4336 1066 4427 1130 ir-

2466 1145 2923 1210 rationabilem
2938 1197 2953 1223 ,
3001 1154 3069 1211 et
3112 1148 3325 1212 insani
3372 1147 3621 1213 domini
3664 1148 4167 1233 indulgentiam,
4215 1149 4431 1235 digni-

2466 1251 2593 1313 que
2637 1250 2937 1313 prorsus,
2996 1234 3107 1315 qni
3150 1253 3377 1298 servos
3431 1234 3782 1299 universos
3826 1235 4033 1300 malos
4078 1255 4154 1300 66
4198 1245 4430 1301 contu-

2466 1336 2684 1381 maces
2739 1316 2997 1383 habeat.
3088 1318 3234 1401 Ego
3277 1319 3423 1383 Deo
3480 1339 3638 1384 suae
3701 1327 3845 1384 tum
3899 1321 4191 1386 iustitiae
4209 1372 4224 1396 ,
4282 1329 4431 1386 tum

2465 1402 2825 1484 sapientiae
2870 1400 3314 1470 defensionem
3362 1404 3765 1486 relinquam:
3822 1413 4085 1472 tantum
4128 1408 4429 1488 efficiam,

2465 1496 2541 1552 ut
2600 1507 2868 1552 causam
2930 1489 3071 1572 ipse
3134 1490 3475 1572 suscipiat,
3556 1511 3802 1572 suoque
3880 1513 3994 1557 ore
4066 1514 4254 1557 reum
4321 1493 4429 1560 1116

2464 1573 2608 1638 fieri
2688 1595 2759 1639 se
2821 1577 3224 1657 profiteatur.
3335 1575 3697 1641 Pollicetur
3761 1597 3881 1660 per
3942 1578 4226 1644 Iesaiam
4291 1579 4427 1659 (65,

2472 1660 2538 1742 l)
2554 1710 2570 1736 ,
2649 1660 2786 1724 fore
2862 1668 2940 1724 ut
3012 1663 3093 1727 ab
3166 1662 3250 1727 iis
3267 1713 3281 1739 ,
3360 1662 3476 1744 qui
3553 1682 3709 1727 eum
3786 1683 3923 1728 non
3999 1665 4419 1746 quaesierint,

2463 1745 2862 1827 reperiatur:
2917 1754 2995 1810 ut
3050 1754 3363 1831 appareat
3412 1767 3487 1813 ac
3543 1768 3614 1812 se
3668 1749 4048 1813 manifestet
4110 1751 4192 1816 iis
4208 1801 4223 1828 ,
4285 1751 4429 1833 qui-

2462 1831 2588 1896 bus
2653 1851 2809 1895 eum
2875 1853 3265 1916 cognoscere
3322 1832 3487 1897 nihil
3542 1854 3739 1899 curae
3799 1841 3958 1899 erat.
4048 1836 4158 1899 An
4215 1836 4429 1901 omni-

2463 1915 2586 1982 bus
2647 1919 2981 2000 praestitit
3050 1919 3174 1984 hoc
3241 1919 3675 1984 beneficium?
3767 1919 4043 1985 Constat
4099 1921 4427 2004 aliquibus

2463 1999 2807 2069 duntaxat.
2879 2003 3074 2085 Quod
3110 2006 3166 2070 si
3211 2003 3448 2069 melius
3480 2003 3697 2071 adhuc
3738 2007 3905 2071 scire
3942 2007 4184 2089 cupias,
4231 2028 4430 2090 quam

2461 2108 2597 2152 non
2621 2098 2959 2172 exspectet
2997 2089 3156 2154 dum
3197 2089 3322 2155 sibi
3354 2089 3655 2154 homines
3698 2090 4031 2170 accedant,
4076 2091 4192 2158 sed
4237 2114 4429 2158 aver-

2463 2195 2572 2239 sos
2616 2181 2685 2238 et
2717 2174 3034 2241 alienatos
3079 2175 3164 2240 ad
3206 2195 3277 2241 se
3312 2174 3550 2254 trahat,
3597 2197 3706 2241 eos
3750 2178 4027 2254 intuere,
4074 2179 4145 2242 in
4189 2179 4427 2261 quibus

2463 2260 2788 2341 completa
2831 2261 2959 2326 fuit
3000 2262 3164 2326 haec
3203 2260 3577 2345 prophetia,
3625 2272 3692 2325 et
3734 2261 4084 2345 diligenter
4126 2263 4427 2347 expende

2462 2346 2689 2495 3116166
2704 2397 2721 2425 ,
2781 2353 3131 2430 611ι66116111
3175 2353 3753 2425 converterentur,
3796 2348 4069 2413 fuerint:
4115 2349 4212 2413 ita
4253 2349 4424 2414 nihil

2508 2452 2544 2496 e
2589 2431 2714 2497 hac
2755 2452 2829 2496 re
2863 2433 3144 2516 amplius
3187 2433 3564 2499 haesitabis.
3634 2430 3992 2499 Sumamus
4035 2455 4210 2518 ergo,
4255 2434 4427 2516 quod

2462 2515 2545 2582 de
2581 2517 2891 2600 Ephesiis
2935 2517 3140 2584 tradit
3179 2518 3434 2584 Paulus
3474 2517 3749 2602 (Ephes.
3791 2523 3848 2598 2,
3909 2520 3986 2604 Ι),
4034 2541 4226 2585 6116111
4268 2540 4429 2605 erga

2459 2622 2572 2667 eos
2617 2604 3137 2669 misericordiam
3179 2606 3399 2670 Deum
3442 2603 3831 2687 explicuisse
3849 2656 3864 2684 ,
3911 2626 4045 2672 non
4087 2626 4295 2688 quum
4340 2605 4425 2671 ad

2461 2708 2610 2753 eam
2668 2688 3110 2773 recipiendam
3177 2691 3400 2757 sinum
3521 2687 3973 2769 retenderent,
4041 2690 4158 2757 sed
4222 2712 4429 2774 quum

2457 2776 2703 2839 mortui
2735 2777 3018 2858 peccatis
3063 2798 3140 2842 ac
3177 2776 3432 2842 delictis
3532 2783 3769 2841 atanae
3800 2776 4183 2857 militarent,
4222 2798 4427 2861 quum

2461 2858 2745 2927 demersi
2801 2862 2871 2926 in
2926 2863 3152 2945 pravis
3209 2862 3754 2946 concupiscentiis
3805 2864 3990 2927 carni
4042 2869 4302 2928 tantum
4360 2870 4429 2927 et

2460 2945 2708 3011 mundo
2797 2946 3316 3030 obsequerentur
3330 3000 3345 3028 ,
3430 2969 3635 3031 quum
3702 2954 3944 3014 natura
4021 2957 4244 3015 essent
4306 2949 4428 3015 filii

2458 3032 2628 3111 irae,
2690 3034 2861 3098 sicut
2916 3043 2983 3099 et
3037 3034 3278 3100 caeteri
3294 3087 3311 3115 ,
3379 3055 3585 3117 quum
3639 3033 3780 3099 sine
3838 3034 4107 3101 Christo
4162 3048 4230 3101 et·
4283 3037 4428 3101 sine

2461 3118 2608 3182 Deo
2661 3118 2985 3184 viverent.
3072 3119 3383 3185 Nondum
3456 3139 3689 3203 urgeO‚
3758 3120 3933 3202 quod
4000 3128 4225 3186 tamen
4274 3122 4420 3186 iure

2461 3223 2611 3268 meo
2677 3203 2934 3285 liceret,
3005 3213 3325 3288 quantum
3382 3227 3424 3270 a
3478 3207 3976 3288 praeparatione
4045 3205 4216 3271 absit
4271 3207 4427 3272 talis

2462 3296 2691 3354 status.
2782 3289 3019 3356 Solum
3062 3311 3146 3355 ex
3188 3292 3429 3375 Pighio
3474 3291 3680 3356 velim
3725 3290 3991 3369 discere,
4038 3313 4157 3357 cur
4199 3291 4426 3374 Ephe-

2461 3375 2593 3440 sios
2634 3376 2882 3458 potius,
2938 3397 3135 3458 quam
3191 3376 3352 3442 alios
3403 3375 3754 3460 quoslibet,
3810 3376 4155 3460 amplexus
4208 3377 4425 3442 fuerit.

2463 3458 2542 3525 Si
2586 3460 2752 3524 mihi
2805 3460 3125 3540 dolorem,
3179 3462 3384 3528 bonas
3438 3461 3893 3544 cogitationes,
3951 3462 4063 3544 pia
4105 3461 4429 3527 desideria

2462 3545 2725 3611 obiiciat
2738 3598 2754 3624 ,
2821 3547 2993 3612 nihil
3060 3548 3193 3613 tale
3248 3546 3611 3613 admittunt
3662 3546 3859 3611 Pauli
3928 3547 4151 3613 verba.
4241 3546 4427 3629 Quin

2462 3632 2665 3695 etiam
2707 3653 2793 3696 ne
2843 3634 2949 3699 cui
3000 3635 3071 3698 in
3127 3641 3419 3698 mentem
3475 3633 3782 3697 venirent
3824 3633 4142 3699 eiusmodi
4190 3655 4423 3718 nugae,

2461 3717 2859 3782 nominatim
2916 3719 3062 3784 aliis
3119 3721 3321 3785 fuisse
3420 3719 3640 3783 enitus
3697 3718 3945 3783 similes
3988 3720 4329 3804 exprimit,
4386 3741 4428 3785 a

2463 3802 2702 3887 quibus
2744 3812 2969 3870 tamen
3013 3806 3303 3890 gratuito
3418 3805 3477 3870 ei
3521 3804 3747 3870 favore
3806 3804 4074 3869 discreti
4119 3826 4194 3871 ac
4237 3827 4425 3888 sepa-

2465 3889 2596 3953 rati
2655 3896 2800 3969 [pag.
2847 3897 2991 3968 186]
3038 3891 3304 3957 fuerint.
3392 3891 3650 3956 Natura
3692 3891 3891 3955 eratis
3933 3891 4053 3955 filii
4098 3891 4267 3969 irae,
4321 3893 4425 3955 in-

2464 3977 2634 4057 quit,
2693 3975 2866 4041 sicut
2916 3984 2982 4041 et
3036 3976 3272 4059 reliqui
3317 3975 3596 4060 (Ephes.
3633 3979 3691 4056 2,
3732 3978 3820 4060 3).
3911 3973 4115 4055 Quasi
4159 3975 4424 4055 diceret,

2463 4081 2667 4142 quum
2720 4069 2897 4127 esset
2948 4063 3245 4128 omnium
3300 4062 3662 4127 communis
3720 4082 3919 4128 causa
3977 4069 4045 4125 et
4098 4082 4220 4144 par
4272 4082 4427 4127 con-

2462 4146 2650 4224 ditio,
2713 4167 2849 4212 non
2905 4149 2977 4213 in
3030 4149 3218 4215 vobis
3260 4148 3520 4215 invenit
3562 4166 3828 4214 causam
3871 4148 4088 4226 Deus,
4146 4168 4263 4211 cur
4305 4167 4426 4212 vos

2437 4231 2547 4298 'ab
2572 4232 2717 4298 aliis
2756 4231 3174 4315 discerneret,
3199 4233 3314 4300 sed
3352 4254 3437 4299 ex
3479 4232 3926 4299 misericordia
3959 4253 4080 4297 sua
4123 4234 4422 4315 sumpsit.

2461 4318 2686 4398 Nunc,
2743 4341 2862 4385 cur
2904 4321 3000 4386 ita
3040 4322 3239 4388 faciat
3281 4321 3339 4386 si
3380 4327 3669 4404 rogetur,
3713 4316 4098 4403 iampridem
4143 4317 4258 4382 illo
4302 4339 4426 4382 no-

2461 4403 2576 4470 bili
2631 4425 2946 4489 responso
2990 4406 3161 4472 hanc
3218 4404 3669 4489 quaestionem
3716 4405 4246 4487 praeoccupavit:
4292 4405 4426 4469 Mi-

2461 4490 2727 4557 serebor
2757 4493 2944 4558 cuius
2981 4490 3342 4558 miserebor
3379 4488 3622 4573 (Exod.
3664 4493 3765 4568 33,
3811 4494 3917 4569 193
3958 4489 4149 4554 Rom.
4190 4494 4250 4569 9,
4294 4494 4369 4553 15
4407 4540 4423 4555 .

2462 4574 2613 4657 Quo
2670 4578 2917 4643 scilicet
2969 4577 3171 4656 hanc,
3237 4576 3319 4642 de
3371 4598 3502 4660 qna
3566 4574 3926 4659 loquimur,
3980 4577 4050 4639 in
4105 4574 4425 4659 eligendis

2459 4660 2836 4729 hominibus
2889 4660 3369 4729 misericordiae
3424 4682 3585 4728 suae
3639 4660 4099 4727 discretionem
4120 4712 4135 4739 ,
4197 4670 4271 4726 ut
4324 4672 4425 4728 est
4519 4725 4532 4740 ‚

2460 4767 2660 4813 sensu
2702 4757 2928 4814 nostro
2967 4749 3162 4832 longe
3206 4748 3416 4826 altior,
3460 4748 3557 4813 ita
3598 4748 3934 4831 superiore
3985 4747 4128 4812 loco
4173 4749 4421 4812 statuit.

2634 4832 2926 4899 Adducit
2981 4841 3203 4900 tamen
3258 4834 3662 4913 testimonia,
3719 4833 3955 4917 quibus
3999 4834 4277 4898 innuere
4320 4833 4422 4896 vi-

2463 4919 2658 4985 detur
2698 4920 3063 5001 Dominus,
3123 4939 3261 4985 non
3306 4919 3451 5004 aliis
3505 4926 3807 5004 paratam
3849 4920 3990 4986 fore
4034 4939 4225 4984 suam
4268 4939 4421 5002 gra-

2463 5007 2625 5071 tiam
2640 5057 2656 5084 ‚
2724 5007 2854 5070 nisi
2908 5006 3026 5089 qui
3081 5027 3152 5072 se
3205 5012 3361 5071 ante
3414 5004 3969 5089 praeparaverint.
4059 5002 4169 5069 Ad
4222 5024 4421 5086 quem

2461 5091 2694 5174 inquit,
2739 5092 3104 5175 respiciam,
3150 5093 3281 5157 nisi
3322 5090 3407 5157 ad
3440 5090 3917 5176 pauperculum
3957 5097 4025 5157 et
4065 5090 4422 5155 contritum

2462 5177 2721 5260 spiritu,
2755 5184 3275 5260 trementemque
3308 5176 3394 5244 ad
3425 5198 3762 5244 sermones
3792 5197 3974 5242 meos
3993 5177 4150 5260 (Ies.
4175 5180 4278 5253 66,
4303 5173 4416 5257 2)?

2464 5261 2642 5329 Sane
2675 5262 2959 5331 humiles
2989 5265 3177 5331 Deus
3220 5263 3519 5348 respicit:
3561 5264 3732 5330 sicut
3759 5262 3860 5328 illi
3903 5267 4244 5344 acceptum
4277 5279 4417 5326 cor-
