4967 5992
497 349 623 412 463
931 425 942 436 ⁶
2102 337 2230 403 110
2276 332 2915 402 NECESSITATE
4176 295 4185 306 ’
4399 333 4521 396 464

497 534 768 600 adorare
801 535 1001 614 vetat,
1039 528 1155 596 sed
1190 526 1323 594 illis
1357 548 1605 593 numen
1642 547 1838 593 suum
1863 523 2160 611 affigere,
2189 526 2236 609 ¹)
2280 533 2358 589 ut
2381 524 2489 588 in.
2563 524 2687 589 1118
2717 525 3185 591 immorantur:
3231 545 3425 607 quae,
3482 528 3652 588 teste
3695 521 3933 601 Paulo,
3990 543 4116 588 non
4163 511 4523 596 maximam

495 619 629 685 illis
685 615 1012 681 adei-etur.
1066 612 1544 695 ‘Quoscunque
1600 619 1983 695 praetextus
2033 609 2233 677 hodie
2298 610 2457 680 affe·
2564 609 2924 674 utilitatem
2970 609 3243 675 .habent
3268 608 3468 694 ·(Ool.
3510 611 3570 687 2,
3611 609 3721 690 233
3772 612 3802 670 1
3846 608 4013 672 Tim.
4053 615 4113 685 4,
4134 609 4244 693 β).
4286 659 4293 666 .
4336 606 4522 689 Quae

494 711 683 780 runt,
750 702 867 786 qui
923 701 1093 766 hanc
1158 698 1708 764 abominationem
1771 698 1946 764 tueri
2012 695 2279 763 student
2293 747 2308 774 ‚
2377 696 2459 760 iis
2562 694 2967 778 perversitas
3033 716 3110 760 eo
3174 696 3394 761 minus
3457 693 3729 759 ferenda
3793 699 3897 759 est
3911 744 3928 771 ,
3997 692 4171 776 quod
4235 692 4527 759 mundus

494 790 695 862 etiam
749 786 908 851 olim
966 787 1069 852 usi
1122 790 1283 860 sunt
1339 783 1617 863 ethnici,
1673 785 1774 848 ut·
1807 803 1995 850 suam
2053 783 2458 865 impietatem
2563 777 2927 863 pernicioso
2961 802 3181 847 errore
3210 780 3513 845 umbram
3544 799 3675 862 pro
3718 800 3790 844 re
3834 779 3979 862 ipsa
4013 785 4319 858 sectatur,
4365 779 4527 844 dum

353 921 368 934 .
487 875 899 958 obtegerent.
985 871 1346 937 Praeterea
1389 875 1675 949 constat,
1730 879 1988 935 sanctos
2032 877 2286 952 quoque
2330 866 2460 932 Dei
2567 867 2811 931 omissa
2840 887 3002 931 vera
3039 857 3462 949 poenitentia,
3509 866 3579 929 in
3616 865 4083 943 abstinentias,
4130 863 4413 948 vigilias,
4458 875 4531 930 et

471 960 637 1030 ·loco
682 958 973 1036 adorari,
1018 955 1151 1021 inio
1193 956 1214 1019 i
1264 975 1489 1042 sqrum
1531 955 1713 1032 ossa,
1752 963 2008 1034 vestes,
2053 954 2348 1036 -calcces,
2392 961 2461 1016 et
2567 961 2845 1030 caetera,
2882 953 2959 1016 ‘ut
2992 952 3243 1017 Paulus
3279 949 3568 1034 appellat
3608 950 3792 1030 (Gal.
3818 954 3877 1029 4,
3919 951 4009 1034 9),
4028 949 4257 1039 ‚egena
4290 948 4529 1015 mundi
4554 963 4569 974 ·

498 1045 867 1111 simulacra.
953 1043 1084 1109 Hic
1201 1042 1214 1055 ‘
1274 1042 1287 1054 '
1336 1040 1597 1107 obiiciet
1641 1047 1897 1106 astutus
1941 1040 2299 1124 quispiam,
2360 1037 2459 1101 di·
2567 1036 2891 1102 elementa
2935 1045 3072 1120 toto
3117 1038 3336 1124 studio
3381 1036 3716 1102 incumbit.

498 1149 726 1198 versas
770 1123 912 1195 esse
955 1127 1270 1192 adorandi
1317 1127 1594 1209 species:
1654 1126 1934 1204 duliae,·
1962 1132 2036 1190 ut
2079 1125 2458 1206 loquuntur,
2490 1143 2501 1158 ‘
2644 1143 2653 1150 ·
2694 1185 2703 1192 ,
2734 1121 2965 1203 Quum
3016 1131 3236 1188 autem
3292 1121 3571 1189 verbum
3613 1121 3779 1185 Dei·
3798 1126 4019 1186 notam
4076 1139 4221 1187 esse
4278 1120 4530 1187 dixerib

373 1255 386 1266 -
498 1217 820 1283 honorem
887 1214 1128 1279 sanctis
1185 1232 1540 1294 eorumque
1609 1216 1757 1290 [pag.
1811 1217 1913 1290 13]
1970 1210 2337 1275 simulacris
2395 1216 2462 1274 et
2566 1229 2745 1286 mus,
2804 1229 2970 1291 quae
3030 1230 3257 1274 verum
3314 1210 3453 1288 eius
3507 1207 3759 1292 cultum
3815 1226 3855 1270 a
3898 1207 4137 1272 vitioso
4194 1228 4529 1290 pravoque

498 1301 755 1370 ossibus
809 1300 982 1380 dari:
1035 1299 1302 1363 latriam
1356 1299 1606 1362 servari
1653 1298 1827 1376 Dec,
1890 1297 2062 1362 sicut
2117 1295 2186 1359 in
2244 1296 2461 1377 ipsum
2526 1291 2924 1370 .discernat,
2981 1294 3136 1359 inde
3180 1294 3486 1379 colligere
3540 1299 3919 1375 promptum
3978 1300 4108 1370 est,
4167 1300 4531 1359 1010111·οο-

443 1403 456 1414 ·
500 1379 724 1455 solum
757 1391 1114 1468 competat:
1163 1383 1293 1448 nisi
1337 1382 1510 1466 quod
1551 1390 1889 1449 crescente
1931 1381 2224 1458 insania,
2268 1401 2458 1445 exco-
2510 1409 2515 1504 1
2568 1379 2744 1443 10οᾶ1
2792 1380 2918 1464 Dei
2973 1381 3284 1458 formam,
3351 1399 3519 1463 quae
3576 1377 3773 1443 hodie
3827 1377 4076 1443 mundo
4118 1385 4220 1444 est
4261 1378 4527 1458 usitata,

373 1469 386 1480 ’
500 1474 748 1558 gitatus
793 1480 895 1536 est
937 1467 1368 1554 hyperduliae
1404 1467 1670 1552 gradus,
1716 1468 1788 1532 in
1824 1488 2018 1551 quem
2060 1477 2280 1550 supra·
2299 1465 2461 1531 alios
2510 1509 2515 1558 1
2567 1465 2733 1529 nihil
2770 1485 2967 1546 quam
3000 1487 3253 1531 meram
3299 1486 3441 1531 0880
3482 1465 4007 1546 corruptionem..
4058 1462 4306 1547 Neque
4348 1465 4532 1529 enim

496 1560 691 1626 beata
744 1558 956 1640 Virgo
1001 1553 1445 1620 extolleretur.
1528 1553 1736 1635 Quasi
1781 1573 1937 1619 vero
1979 1551 2249 1619 subtiles
2294 1552 2460 1616 istae
2510 1603 2516 1640 ,
2565 1550 2722 1632 quid
2778 1551 2963 1616 Deus
3008 1550 3467 1628 mandaverit,
3529 1559 3648 1615 aut
3698 1547 3856 1632 quid
3909 1550 4257 1631 approbet,
4296 1552 4531 1632 ,respi-

499 1643 969 1719 distinctiones,
1017 1648 1132 1706 aut
1162 1647 1357 1705 notae
1390 1640 1545 1718 sin't,
1592 1647 1709 1705 aut
1750 1639 1822 1703 in
1867 1649 2155 1718 mentem
2189 1636 2461 1702 veniant
2567 1636 2768 1712 ciunt,
2816 1646 2892 1716 111
2935 1636 3049 1713 1111,
3092 1636 3646 1719 quemadmodum
3691 1632 3994 1712 decebat,
4040 1635 4526 1719 obsequantur:

431 1769 446 1782 -
491 1731 606 1806 ,his
649 1730 765 1812 qui
808 1727 1031 1793 coram
1073 1725 1311 1791 statuis
1353 1746 1424 1790 se
1465 1731 1910 1808 prosternunt.
1991 1724 2272 1788 Interim
2313 1721 2459 1788 ido-
2566 1721 2680 1786 scd
2724 1721 3087 1786 licentiam.
3114 1722 3697 1806 excogitandorum
3740 1720 4039 1787 cultuum
4083 1721 4207 1787 sibi
4254 1722 4533 1803 permit-

499 1815 766 1882 lolatria
807 1813 1041 1896 plenus
1084 1818 1187 1878 cst
1242 1811 1532 1880 mundus
1587 1831 1723 1875 non
1768 1811 1992 1876 minus
2034 1829 2282 1886 crassa,
2337 1829 2460 1874 nec
2566 1813 2749 1884 tunt,
2803 1828 2964 1890 quos
3021 1815 3249 1890 postea
3306 1808 3402 1872 illi
3457 1805 3813 1872 obtrudant
3855 1805 4152 1889 obsequii
4198 1807 4381 1872 loco..
4446 1806 4530 1874 Si

403 1932 452 1945 ··
501 1901 752 1976 minus,
816 1909 918 1963 ut·
955 1898 1048 1960 ita
1105 1895 1348 1973 dicam,
1416 1895 1757 1979 palpabili,
1828 1916 2024 1979 quam
2061 1894 2206 1959 -illa
2257 1899 2459 1959 'vetus
2565 1891 2793 1958 videor
2821 1893 2869 1974 ¹)
2913 1893 3183 1974 modum
3230 1900 3374 1972 [pag.
3419 1897 3527 1972 15]
3563 1892 3635 1956 in
3674 1889 3947 1957 dicendo
3991 1890 4326 1970 excedere,
4373 1913 4533 1978 age-

501 1985 991 2069 Aegyptiorum
1035 1982 1256 2046 fuerit:
1302 2003 1502 2065 quam
1529 1991 1872 2066 tantopere
1915 1981 2275 2065 prophetae
2318 2000 2459 2045 om·
2567 1977 2723 2052 dum
2757 1980 3179 2043 excutiantur
3209 1980 3432 2044 omnia
3458 1998 3681 2064 opera,
3718 1977 3958 2061 quibus
3992 1977 4282 2044 mundus
4302 1979 4533 2044 Deum

505 2091 624 2136 nes
667 2071 911 2153 passiin
958 2075 1404 2150 exsecrantur.
1535 2105 1546 2116 -
2453 2117 2468 2132 .
2566 2085 2637 2129 se
2681 2064 2891 2130 colere
2936 2065 3313 2129 arbitratur.
3370 2064 3517 2128 ·Vix
3563 2062 3884 2129 decimani
3928 2070 4187 2145 partem
4223 2065 4531 2148 excipere

493 2153 502 2162 ’
681 2149 960 2238 Singula
1017 2154 1308 2220 breviter
1356 2153 1760 2238 perstringo:
1827 2153 1984 2237 quia
2047 2151 2248 2235 paulo
2312 2161 2461 2235 post
2566 2149 2802 2228 aude0,
2873 2151 3032 2233 quin
3097 2152 3318 2215 omnia
3382 2159 3630 2215 temere
3694 2150 3768 2213 in
3832 2148 4177 2214 hominum
4243 2149 4531 2216 cerebris

502 2242 716 2309 acrius
760 2227 1220 2324 exaggeranda
1273 2245 1487 2304 erunt.
1577 2239 1794 2304 Venio
1855 2238 1937 2303 ad
1986 2238 2456 2304 caeremonias:
2567 2244 2725 2300 nata
2776 2236 3040 2300 fuerint.
3132 2235 3310 2317 Quid
3377 2236 3661 2318 amplius
3724 2235 4031 2299 volumus
4049 2235 4081 2297 ⁴?
4173 2233 4531 2301 Commen-

502 2349 666 2411 quae
708 2347 911 2411 quum
948 2345 1089 2391 esse
1127 2324 1410 2391 debeant
1453 2346 1692 2408 graves
1735 2323 1956 2390 cultus
1978 2324 2108 2389 Dei
2148 2324 2461 2388 testifica·
2566 2321 2749 2387 titios
2793 2341 3019 2387 omnes
3065 2321 3281 2387 cultus
3325 2323 3512 2386 Deus
3556 2321 3841 2403 respuit,
3888 2319 4177 2400 damnat,
4225 2343 4529 2388 exsecra-

499 2414 730 2488 tiones,
779 2432 961 2477 mera
998 2419 1157 2476 sunt
1189 2411 1407 2493 potius
1444 2409 1575 2474 Dei
1616 2409 1918 2475 ludibria.
1985 2409 2462 2491 Praeterquam
2567 2415 2694 2471 tur.
2762 2408 3103 2472 Fraenum
3138 2407 3327 2473 verbi
3371 2408 3475 2471 sui
3510 2407 3696 2473 nobis
3742 2407 3966 2483 iniicit,
4014 2414 4091 2471 ut
4130 2407 4201 2471 in
4247 2408 4532 2491 simplici

502 2501 676 2565 enim
720 2497 896 2581 quod
939 2518 1152 2562 novus
1197 2496 1590 2573 iudaismuS,
1635 2497 1777 2560 eius
1820 2495 1987 2574 loce,
2028 2515 2222 2577 quem
2276 2495 2462 2560 Deus
2566 2492 2937 2558 obedientia
2981 2513 3103 2558 nos
3145 2494 3497 2560 contineat.
3588 2492 3716 2558 Ubi
3764 2512 4039 2558 excusso
4091 2492 4248 2577 iugo
4288 2515 4533 2579 evaga-

500 2585 680 2662 clara
718 2603 880 2649 voce
925 2583 1388 2666 abrogaverat,
1449 2581 1690 2646 iterum
1738 2581 2065 2646 excitatus
2120 2589 2250 2656 est,
2308 2600 2459 2663 per·
2511 2537 2517 2626 Ι
2566 2600 2717 2643 mur
2760 2579 2844 2643 ad
2888 2587 3113 2644 nostra
3155 2580 3502 2662 figmenta,
3560 2586 3626 2643 et
3668 2577 3887 2644 cultus
3927 2576 4218 2642 humana
4261 2583 4530 2645 temeri-

499 2671 746 2737 multas
789 2669 989 2733 etiam
1044 2666 1331 2749 pueriles
1389 2666 1672 2748 ineptias
1733 2667 1890 2731 hinc
1933 2664 2091 2731 inde
2135 2666 2458 2743 collectas,
2568 2673 2702 2729 tate
2743 2664 3132 2731 fa-brefactos
3176 2665 3272 2729 illi
3318 2665 3686 2730 offerimus:
3746 2675 4088 2746 utcunque
4130 2664 4317 2730 nobis
4361 2667 4531 2730 arri·

505 2757 1019 2828 admiscuerunt,
1044 2751 1361 2834 quosdam
1385 2751 1581 2816 etiam
1617 2751 1855 2833 impios
1892 2752 2076 2826 ritus,
2119 2752 2281 2816 alios
2302 2770 2461 2815 vero
2512 2723 2518 2790 ¹
2568 2750 2800 2827 deant,
2856 2772 3078 2816 coram
3121 2771 3197 2816 eo
3241 2751 3477 2816 inanes
3517 2758 3678 2815 sunt
3722 2770 3967 2832 nugae,
4014 2749 4147 2813 imo
4192 2748 4410 2815 sordes
4456 2761 4529 2816 et

502 2843 839 2925 profanos,
899 2847 964 2902 et
1009 2838 1121 2919 qui
1166 2837 1380 2920 magis
1426 2835 1509 2900 ad
1563 2837 1887 2902 theatrale
1947 2836 2211 2920 aliquod
2255 2835 2461 2901 ludri-
2512 2823 2519 2874 l
2566 2837 3083 2919 inquinamenta.
3153 2837 3426 2902 Habent
3460 2837 3902 2920 humanarum
3945 2833 4371 2900 traditionum
4404 2857 4529 2919 pa-

505 2947 692 2993 crum
715 2975 729 3001 ,
783 2942 980 3005 quam
1028 2921 1108 2986 ad
1166 2921 1506 3006 religionis
1562 2928 1829 2988 nostrae
1874 2921 2263 3007 dignitatem
2309 2928 2464 2986 sunt
2568 2922 2739 2986 troni
2783 2921 3091 3005 pulchros
3125 2929 3192 2988 et
3234 2923 3448 3010 varios
3481 2921 3749 3000 0010108,
3794 2921 4033 3005 quibus
4069 2940 4180 2988 eas
4215 2922 4529 3007 pingant:

504 3009 862 3093 compositi.
953 3008 1036 3072 In
1104 3026 1180 3071 eo
1242 3006 1506 3090 quidem
1582 3008 1870 3092 primum
1934 3019 2276 3091 peccatum
2343 3015 2460 3084 est,
2516 3067 2519 3080 ,
2569 3016 2637 3072 01
2679 3007 2930 3072 Ρο0108
2974 3015 3149 3073 certe
3192 3009 3440 3073 fatetur
3466 3007 3767 3072 «eminere
3811 3008 3881 3070 in
3923 3005 4053 3071 illis
4095 3007 4378 3091 speciem
4425 3029 4533 3074 sa·

505 3095 681 3180 quod
737 3094 899 3161 haec
954 3099 1140 3157 tanta
1200 3094 1761 3162 caeremoniarum
1814 3094 2201 3170 multitude,
2265 3115 2460 3177 quam
2568 3094 2851 3177 pientiae
2911 3092 3080 3178 (Col.
3121 3099 3179 3172 2,
3220 3095 3361 3176 23):
3420 3093 3536 3159 sed
3594 3091 3771 3175 quia-
3811 3092 4021 3176 pluri‘s
4088 3093 4533 3159 obedientiam

427 3215 442 3228 ·
503 3183 689 3248 Deus
734 3201 853 3245 sua
896 3179 1251 3243 autoritate
1283 3179 1485 3244 semel
1528 3179 1904 3255 sustulerat,
1951 3200 2222 3266 rursum
2266 3200 2463 3262 expe·
2569 3179 2726 3245 facit
2766 3180 2954 3245 Deus
3009 3200 3204 3262 quam
3260 3201 3489 3244 omnes
3543 3179 3874 3266 victimas,
3933 3179 4095 3243 satis
4141 3178 4264 3244 hoc
4308 3179 4533 3245 valere

503 3268 625 3332 tita
661 3267 803 3331 fuit.
871 3264 1150 3342 Deinde,
1197 3264 1370 3348 quod
1405 3286 1612 3349 quum
1654 3267 1811 3330 Viva
1853 3266 2113 3349 pietatis
2150 3264 2464 3331 exercitia
2513 3329 2525 3352 ‚
2571 3265 2763 3330 debet
2796 3264 2881 3329 ad
2924 3264 3421 3348 repudiandum·
3439 3286 3893 3347 quemcunque
3932 3261 4211 3345 00111101,
4257 3266 4312 3329 81
4346 3266 4533 3332 nullo

503 3374 646 3420 esse
679 3352 961 3417 debeant
1004 3349 1474 3429 caeremoniae,
1511 3352 1757 3428 multas
1793 3352 2060 3417 frivolas
2094 3361 2161 3415 et
2192 3350 2463 3417 inutiles
2514 3377 2519 3394 ⁴
2571 3352 2697 3415 Dei
2745 3350 3051 3415 mandato
3095 3350 3512 3435 approbetur.

504 3439 702 3505 habet
744 3435 1051 3514 mundus,
1096 3437 1167 3501 in
1197 3431 1442 3519 ‘quibus
1478 3439 1724 3503 frustra
1767 3433 2142 3521 occupatur.
2209 3437 2465 3520 Verum
2514 3403 2520 3526 Ι
2742 3436 3048 3502 Alterum
3081 3437 3479 3503 christianae
3502 3434 3837 3502 doctrinae
3869 3435 4297 3519 praecipuum
4320 3458 4534 3504 mem·

501 3524 667 3590 haec
710 3524 920 3588 multo
964 3528 1066 3589 est
1109 3523 1451 3605 capitalior
1492 3525 1718 3607 pestis,
1766 3524 1940 3607 quod
1983 3524 2094 3589 ubi
2141 3523 2279 3587 suis
2321 3523 2464 3608 istis
2515 3587 2519 3610 ,
2569 3523 2766 3587 hrum
2820 3523 2887 3587 in
2960 3543 3037 3587 eo
3100 3524 3473 3607 posuimuS,
3559 3520 3717 3586 dnm
3787 3532 4154 3606 agnoscunt
4206 3521 4532 3600 ho'mines,

451 3647 458 3658 ·
506 3609 1066 3694 qualibuscunque
1110 3609 1539 3674 caeremoniis
1582 3631 1734 3675 cum
1779 3610 1925 3676 Deo
1967 3609 2292 3686 luserunt,
2340 3615 2464 3692 p‘u-
2571 3608 2840 3673 ubinam
2906 3608 3190 3673 salutem
3246 3610 3562 3692 quae'rere
3626 3607 3922 3673 debeant.
4011 3599 4222 3673 P‘orro
4293 3608 4533 3675 salutis

463 3697 672 3762 ‚tant‘
695 3717 765 3762 se
808 3695 980 3759 belle
1023 3693 1361 3760 defunctos
1418 3714 1588 3760 esse:
1647 3695 1922 3777 perinde
1966 3714 2041 3758 ac
2085 3694 2144 3760 si
2181 3701 2317 3759 tota
2360 3694 2465 3758 vis
2568 3701 2832 3760 nostrae
2863 3695 3148 3778 cognitio
3187 3702 3323 3760 tres
3366 3691 3567 3759 habet
3599 3693 3863 3778 gradus.
3931 3692 4108 3758 Nam
4140 3715 4181 3759 a
4222 3695 4535 3778 propriae

503 3782 772 3866 pietatis
817 3787 885 3845 01
927 3780 1142 3845 001108
1189 3779 1320 3845 Dei
1358 3781 1430 3844 in
1474 3779 1605 3864 11118
1648 3777 1904 3846 inclusa
1946 3780 2130 3845 foret.
2570 3781 2875 3845 miseriae
2932 3801 3134 3846 sensu
3188 3777 3634 3864 incipiendum
3679 3786 3807 3858 est,
3856 3780 3967 3863 qui
4024 3777 4351 3847 adducere
4409 3803 4535 3848 nos

561 3917 570 3926 .
675 3871 824 3947 [pag.
868 3880 892 3928 1
908 3869 973 3943 4]
1015 3863 1211 3946 Quod
1247 3863 1331 3930 ad
1365 3866 1572 3930 nostri
1611 3866 2113 3950 abnegationem
2156 3864 2462 3948 pertinet,
2570 3886 2853 3947 eousque
2899 3867 3111 3944 debet,
3157 3874 3235 3931 ut
3276 3863 3528 3932 anim'os
3564 3863 4136 3949 despondeamus²
4213 3872 4531 3950 tanquam

503 3971 587 4020 ex
629 3972 757 4036 qua
796 3950 1041 4035 'pendet
1083 3952 1495 4036 regeneratio
1538 3952 1614 4015 in
1653 3952 1831 4017 vitae
1875 3952 2234 4017 novitatem
2251 4001 2268 4028 ,
2328 3958 2466 4015 1010
2569 3952 2831 4024 mortui.
2920 3950 3001 4016 Id
3047 3962 3271 4018 autem
3312 3954 3403 4031 fit,
3451 3950 3609 4016 dum
3653 3951 3843 4017 nobis
3882 3952 4095 4036 origin
4169 3953 4182 3966 ’
4264 3961 4333 4017 01
4372 3951 4535 4018 hae-

505 4041 668 4105 haec
716 4036 1031 4113 doctr-ina,
1079 4045 1194 4112 aut
1235 4057 1503 4119 prorsus
1544 4035 1887 4103 obliterata
1928 4037 2054 4102 fuit
2097 4057 2180 4101 ex
2228 4036 2467 4102 animis
2504 4061 2516 4094 1
2570 4038 2885 4103 reditaria
2927 4045 3204 4104 naturae
3248 4047 3511 4104 nostrae
3556 4038 3879 4104 vitiositas
3924 4037 4298 4103 ostenditur
4385 4039 4537 4104 fons

449 4189 460 4200 ,
501 4125 866 4201 hominum,
906 4131 1022 4186 aut
1057 4131 1235 4186 certe
1268 4121 1718 4204 semisepulta:
1756 4133 1832 4188 ut
1865 4143 1906 4187 a
1938 4123 2184 4206 paucis,
2221 4123 2288 4188 et
2322 4124 2464 4206 qui-
2570 4122 2898 4189 malorum
2954 4126 3246 4210 omnium
3261 4143 3291 4189 :·
3346 4145 3512 4210 quae
3571 4122 4035 4201 diffidentiam,
4080 4124 4539 4191 ·rebelhonem

503 4213 654 4277 dem
709 4209 1026 4286 tenuiter,
1083 4217 1603 4294 cognosceretur.
1709 4209 1916 4292 Atqui
1980 4209 2104 4274 1100
2161 4217 2262 4273 081
2332 4209 2464 4291 spi·
2572 4210 2892 4275 adversus
2935 4211 3172 4288 Deum,
3219 4211 3633 4294 superbiam,·
3661 4209 4042 4290 avaritiam,
4084 4208 4415 4290 libidines,
4464 4221 4541 4276 et

503 4296 742 4368 rituale
797 4293 1226 4373 sacrificium,
1297 4292 1469 4377 quod
1523 4293 1853 4359 Dominus
1906 4294 2229 4377 imprimis
2288 4315 2463 4360 com·
2542 4316 2810 4379 ,pravas
2845 4317 3040 4362 omne
3076 4315 3285 4380 genus
3320 4296 3711 4384 cupiditates
3728 4296 3814 4360 ·in
3850 4296 4043 4361 nobis
4076 4297 4319 4381 gignit:
4364 4317 4541 4380 quae

503 4381 791 4459 mendat,
837 4390 910 4445 ut
943 4380 1335 4445 mortificato
1355 4380 1577 4456 ‚veteri
1616 4379 1886 4446 homine
1915 4381 2465 4445 transformemur
2571 4401 2695 4446 nos
2750 4381 2832 4448 ab
2900 4383 3081 4447 omni
3150 4382 3542 4448 rectitudine
3597 4390 3666 4446 et
3719 4381 3974 4446 iustitia
4033 4393 4301 4448 aversos
4319 4432 4334 4458 ,
4404 4384 4541 4448 sub

343 4461 358 4474 ‘
411 4455 420 4464 ’
475 4468 608 4534 .111.
641 4488 887 4533 novum
951 4465 1320 4532 hominem]
1396 4465 1579 4531 Fieri
1641 4465 1862 4531 forsan
1926 4473 2174 4548 potest,
2243 4473 2319 4530 ut
2384 4464 2464 4533 de
2534 4467 2825 4549 ,peccati
2868 4489 3024 4534 vero
3070 4474 3217 4549 [pag.
3263 4472 3366 4548 16]
3398 4467 3903 4552 ‘iugo-captivos
3947 4474 4161 4533 te'net:
4208 4467 4361 4533 dum
4404 4489 4547 4535 sua

506 4551 652 4616 istis
687 4551 956 4616 vocibus
998 4551 1301 4617 nonnihil
1338 4550 1710 4617 balbutiant
1751 4552 2254 4619 concionatores.
2327 4550 2466 4617 Sed
2571 4553 2859 4637 singulis‘
2911 4563 3181 4637 peccata
3245 4553 3646 4639 deteguntur
3659 4605 3675 4630 ,
3765 4560 3841 4618 ut
3921 4573 4042 4619 sua
4117 4552 4541 4636 turpitudine
4620 4547 4629 4556 ⁸

506 4636 652 4701 vim
705 4655 927 4700 rerum
992 4637 1074 4701 ab
1125 4637 1287 4721 ipsis
1345 4658 1479 4703 non
1535 4638 1748 4705 teneri
1801 4637 1910 4704 vel
1966 4636 2119 4704 inde
2185 4642 2461 4717 constat,
2572 4639 2827 4706 confusi
2886 4649 3213 4725 cogantur
3266 4638 3543 4706 sibimet·
3584 4638 3965 4723 displiceam,-
4024 4661 4227 4724 seque
4250 4647 4263 4660 “
4280 4645 4346 4705 et
4408 4660 4539 4706 sua

553 4720 683 4786 uod
740 4719 932 4786 nobis
980 4722 1235 4788 fortiter
1288 4722 1682 4803 reclamant,
1789 4745 1955 4791 uum
2014 4723 2190 4790 hanc
2245 4723 2464 4791 cultus
2572 4725 2794 4791 omnia
2837 4746 2957 4818 pro
2998 4725 3206 4790 nihilo
3251 4725 3506 4792 ducere.
3573 4722 3834 4791 Deinde
3867 4726 4087 4805 0110111,
4132 4747 4217 4791 ex
4242 4724 4539 4792 adverso

577 4806 639 4874 ei
683 4813 935 4890 partem
978 4826 1288 4873 conamur
1329 4809 1695 4875 restituere.
1743 4813 1752 4822 '
1812 4811 1836 4874 i
1878 4810 2141 4894 quando
2184 4807 2266 4876 de
2308 4831 2462 4893 poe-
2571 4813 2865 4878 citantur
2930 4812 3366 4878 conscientiae
3432 4811 3514 4877 ad
3582 4803 3711 4877 D'ei
3777 4811 4099 4889 tribunal,
4166 4819 4241 4876 ut
4303 4807 4541 4897 agnita
4656 4857 4671 4870 .

341 4945 354 4956 .
435 4899 444 4908 “
505 4892 788 4960 nitentia
831 4889 1187 4976 disputant,
1233 4914 1402 4976 quae
1441 4896 1797 4979 praecipua
1838 4903 1996 4962 sunt
2039 4895 2465 4979 contemptim
2566 4896 3033 4965 maledictione
3077 4918 3225 4976 sua,
3282 4904 3351 4963 et
3401 4898 3603 4981 quasi-
3631 4902 3900 4980 accepto
3953 4905 4256 4963 aeternae
4300 4898 4541 4964 mortis

505 4980 849 5072 attingunt
889 4981 1169 5056 tantum,
1216 4979 1286 5043 in
1329 4982 1621 5045 externis
1656 4980 1846 5048 modo
1881 4983 2171 5067 corporis
2213 4980 2463 5047 exerci-
2573 5040 2583 5044 -
2672 5041 2691 5046 -
2716 5041 2751 5046 -
2774 5040 2980 5047 st—

629 5247 679 5303 ,1
1743 5245 1756 5256 ,
2580 5229 2593 5240 .
2708 5120 2787 5253 ἐξ·
2808 5119 3120 5245 111ῗῖξῶςὲ
3129 5119 3736 5266 (11.1.ξέἐὲσῖξὲιέιὲἿοΊὸ
3768 5151 3946 5266 seqq?-
3982 5151 4355 5257 60111131ᾳο0
4394 5204 4545 5246 nous

681 5252 708 5319 )
741 5249 1006 5320 affingere
1044 5248 1180 5318 1536
1212 5264 1355 5322 seqq.
2571 5255 2877 5312 defaillions
2912 5274 3117 5336 comme
3151 5267 3338 5316 morts.
4128 5303 4143 5314 .
4198 5306 4209 5316 .

3310 5429 3343 5460 J
