4967 5992
499 342 717 411 XXX
1687 337 2238 408 TRAOTATUS
2282 337 2871 406 THEOLOGIOI
2916 336 3361 404 MINORES.

2125 779 2537 865 CAPUT
2601 779 2892 863 XVII.

999 985 1187 1081 DE
1248 985 1660 1083 VITAN
1663 983 1882 1082 DIS
1940 981 3237 1081 SUPERSTITIONIBUS.
3335 969 4036 1071 1543—1550.

813 1187 957 1254 Sub
1000 1188 1122 1252 hoc
1156 1186 1347 1253 titulo
1395 1185 1591 1269 vulgo
1636 1187 1817 1250 venit
1860 1206 1996 1250 non
2039 1184 2395 1269 singularis
2435 1184 2673 1266 aliquis
2717 1182 2978 1248 Calvini
3022 1181 3219 1262 liber,
3265 1182 3383 1249 sed
3426 1182 3719 1249 collectio
3763 1182 4084 1266 quaedam
4127 1180 4420 1264 plurium
4461 1191 4531 1248 et

502 1302 916 1369 diversorum
956 1301 1381 1381 scriptorum,
1444 1318 1723 1381 quorum
1766 1295 1895 1360 alia
1947 1295 2140 1378 paulo
2196 1295 2462 1360 maioris
2507 1304 2666 1359 sunt
2711 1293 3025 1373 ambitus,
3085 1294 3218 1359 alia
3258 1314 3479 1358 merae
3524 1293 3607 1358 ad
3649 1294 3944 1376 privatos
3989 1293 4292 1360 homines
4337 1291 4527 1359 datae

500 1410 832 1496 epistolae,
877 1411 1115 1494 quibus
1161 1406 1443 1491 denique
1501 1406 1821 1473 accedunt
1875 1406 2152 1472 aliorum
2206 1426 2462 1489 quoque
2508 1406 2800 1472 virorum
2843 1405 3114 1470 consilia
3157 1413 3226 1469 et
3278 1425 3609 1488 responsa.
3699 1404 3930 1488 Neque
3985 1426 4117 1470 uno
4172 1402 4527 1487 eodemque

499 1523 721 1589 omnia
760 1528 1057 1605 tempore
1100 1525 1372 1584 exarata
1415 1517 1525 1584 vel
1566 1518 1747 1583 edita
1787 1525 1977 1596 sunt,
2044 1518 2157 1582 scd
2203 1517 2284 1581 ab
2346 1537 2519 1581 anno
2571 1521 2733 1580 1543
2779 1516 2861 1580 ad
2912 1520 3074 1580 1549
3131 1515 3466 1599 sigillatim
3512 1515 3618 1580 vel
3673 1515 3881 1581 literis
3925 1514 4033 1579 vel
4091 1516 4290 1580 etiam
4345 1517 4527 1599 prelo

499 1634 816 1701 mandata
877 1631 1145 1696 tandem
1200 1630 1271 1694 in
1330 1650 1536 1695 unum
1592 1649 1828 1712 corpus
1890 1628 2155 1695 redacta
2219 1628 2619 1711 prodierunt.
2723 1627 2826 1692 De
2879 1637 3268 1710 argumento
3324 1648 3456 1691 non
3513 1635 3614 1692 est
3666 1626 3842 1708 quod
3902 1626 4200 1708 pluribus
4255 1646 4528 1712 agamus

500 1766 705 1830 quum
747 1743 927 1809 idem
969 1741 1136 1807 illud
1179 1741 1299 1820 sit,
1353 1740 1526 1823 quod
1567 1741 1702 1805 iam
1746 1746 1901 1805 ante
1943 1740 2245 1823 Epistola
2286 1737 2370 1804 ad
2409 1737 2755 1805 Nicolaum
2801 1737 2891 1803 du
2931 1737 3216 1803 Chemin
3273 1738 3520 1819 scripta
3561 1744 3962 1803 tractaverat
4003 1737 4276 1816 Noster,
4330 1759 4530 1821 quam

501 1877 678 1922 anno
721 1858 880 1918 1537
926 1852 997 1917 in
1054 1851 1389 1934 publicum
1433 1852 1615 1917 exire
1669 1852 1890 1930 iussit,
1951 1871 1991 1914 a
2043 1849 2234 1916 nobis
2279 1849 2618 1914 Volumini
2659 1857 2887 1915 nostro
2936 1846 3232 1931 Operum
3279 1850 3417 1913 eius
3462 1848 3691 1930 quinto
3736 1868 3879 1932 pag.
3927 1852 4050 1912 239
4089 1869 4266 1932 seqq.
4314 1849 4527 1915 inser-

501 1976 658 2033 tam.
750 1965 1001 2030 Verum
1062 1963 1142 2029 de
1200 1962 1532 2028 volumine
1590 1984 1708 2028 seu
1762 1968 2185 2046 syntagmate
2238 1961 2411 2044 ipso,
2471 1960 2740 2043 eiusque
2799 1960 3054 2043 origine
3107 1967 3175 2023 et
3228 1960 3385 2024 fatis
3403 2010 3418 2037 ,
3476 1971 3614 2024 tam
3657 1958 3960 2038 obscure,
4008 1961 4141 2027 imo
4179 1968 4320 2025 tam
4361 1960 4526 2027 false

508 2076 820 2141 dixerunt
885 2085 953 2138 et
1018 2080 1276 2139 veteres
1330 2079 1399 2138 et
1449 2074 1876 2151 recentiores,
1936 2080 2014 2137 ut
2065 2071 2258 2154 paulo
2317 2070 2642 2137 curiosius
2705 2070 2862 2154 quid
2920 2071 3017 2135 rei
3082 2071 3170 2137 sit
3224 2070 3542 2156 indagare
3603 2079 3670 2135 et
3742 2071 3954 2137 fusius
4017 2069 4138 2136 tibi
4201 2092 4527 2155 exponere

505 2194 819 2271 oporteat.

813 2295 1120 2362 Primum
1162 2294 1383 2378 accipe
1425 2315 1592 2377 quae
1634 2295 1812 2360 Beza
1853 2303 1922 2360 et
1965 2292 2392 2372 Oolladonus‚
2440 2293 2618 2359 vitae
2662 2291 2928 2359 Calvini
2971 2293 3353 2376 scriptores,
3396 2291 3525 2359 huc
3567 2295 3935 2377 spectantia
3975 2296 4328 2370 memoriae
4372 2316 4522 2380 pro·

507 2408 809 2477 diderint.
913 2405 1213 2488 Quorum
1264 2405 1375 2470 ille
1427 2404 1591 2473 haec
1646 2406 1849 2470 habet
1899 2404 1982 2470 ad
2040 2424 2295 2469 annum
2347 2408 2540 2467 1545:
2597 2403 2806 2469 Etant
2855 2409 3002 2489 tane
3054 2404 3126 2467 in
3175 2403 3413 2468 Galliis
3467 2404 3755 2470 nonnulli
3807 2405 3920 2486 qui
3962 2407 4525 2488 persequutionam

502 2526 669 2587 metu
711 2521 893 2585 initio
935 2517 1110 2599 lapsi
1152 2537 1416 2599 eousque
1445 2522 1670 2598 postea
1712 2516 1840 2582 sibi
1872 2517 2124 2598 plaeere
2166 2520 2488 2598 coeperant
2505 2565 2521 2595 ,
2565 2521 2636 2582 nt
2679 2536 2784 2581 eos
2826 2519 3122 2599 neyarent
3161 2534 3451 2596 peccare,
3496 2516 3610 2597 qai
3651 2517 3723 2580 in
3764 2536 3980 2582 veram
4023 2516 4384 2601 reliqatonem
4425 2520 4527 2585 in·

505 2632 653 2697 tenti
697 2649 946 2713 corpore
986 2629 1299 2694 duntaxat
1333 2628 1680 2709 pontificiis
1719 2627 1926 2694 saeris
1968 2627 2349 2692 interessent.
2439 2626 2631 2693 Hune
2672 2627 2869 2710 iqitnr
2898 2625 3518 2708 pemeioiosissimum
3559 2647 3830 2692 errorem
3872 2627 4004 2692 iam
4046 2629 4199 2695 olim
4240 2650 4285 2694 a
4315 2633 4526 2712 patri-

506 2743 622 2808 bus
662 2743 1031 2807 damnatum
1078 2737 1381 2803 Calvinus
1396 2789 1410 2816 ,
1467 2739 1652 2805 ouius
1693 2738 1802 2804 illi
1843 2738 2228 2804 severitatem
2270 2738 2540 2802 nimiam
2581 2757 2712 2804 esse
2754 2735 3174 2803 causabantur
3188 2788 3202 2816 ,
3259 2743 3319 2803 et
3357 2739 3589 2820 scripto
3632 2738 3937 2804 luculento
3976 2739 4280 2821 refutavit
4318 2746 4376 2807 et
4416 2743 4528 2809 aa·

505 2854 741 2920 iunctis
793 2850 1295 2915 doctissimorum
1350 2848 1768 2933 theoloyornm
1783 2899 1798 2928 ‚
1858 2848 2150 2930 Philippi
2192 2846 2721 2928 Melanchthonis,
2767 2847 3011 2914 Buoeri
3023 2898 3041 2926 ,
3094 2847 3167 2913 P.
3214 2847 3532 2931 Martyris
3573 2855 3626 2915 et
3669 2850 3956 2916 ecelesiae
4004 2852 4352 2936 Tiqurinae
4391 2874 4527 2921 sen·-

506 2965 720 3029 tentiis
762 2963 856 3027 ita
900 2961 1177 3040 coercuit,
1221 2966 1293 3025 ut
1334 2960 1415 3025 ab
1458 2980 1524 3025 eo
1566 2965 1831 3049 tempore
1873 2961 2018 3042 piis
2070 2958 2354 3026 omnibus
2392 2960 2681 3040 foetnerit
2724 2959 3269 3026 Nicodemitarum
3318 2979 3557 3025 nomen.
3649 2959 3757 3024 Ita
3799 2963 3967 3027 enim
4005 2963 4111 3029 illi
4150 2966 4526 3033 vocabantur

503 3075 615 3157 qui
659 3075 867 3140 errori
904 3093 1017 3138 sao
1061 3072 1447 3137 sanetissnni
1488 3072 1622 3136 via-i
1658 3071 1837 3137 illius
1880 3071 2230 3152 exemplum
2261 3075 2706 3152 praetexerent.
2793 3071 2904 3135 Ex
2947 3070 3052 3135 his
3094 3070 3310 3135 Bezao
3345 3070 3566 3136 verbis
3601 3070 3853 3155 aliquis,
3891 3075 4021 3139 nisi
4060 3077 4238 3159 ipsos
4272 3078 4525 3146 libellos

504 3186 898 3268 inspexerit,
951 3182 1142 3250 facile
1198 3184 1456 3248 efficere
1515 3190 1752 3264 posset,
1797 3203 2026 3247 omnes
2079 3202 2213 3246 uno
2268 3181 2624 3264 eodemque
2665 3189 2959 3264 tempore
3003 3189 3070 3248 et
3114 3181 3380 3264 quidem
3438 3203 3610 3247 anno
3658 3186 3818 3246 1545
3867 3183 4075 3252 editos
4119 3207 4292 3269 esse,
4351 3191 4526 3274 quod

504 3304 733 3363 tamen
777 3302 1097 3379 quantum
1141 3316 1182 3360 a
1222 3315 1378 3360 vero
1423 3294 1596 3360 absit
1638 3315 1795 3359 mox
1837 3292 2224 3359 videbimus.

816 3406 1029 3472 Paulo
1083 3406 1453 3472 accuratius
1506 3404 1907 3471 Oolladonus
1960 3404 2216 3471 scribit:
2277 3404 2445 3470 L’an
2507 3407 2692 3470 1545
2745 3404 2797 3468 il
2846 3403 2919 3484 fit
2973 3424 3063 3468 an
3118 3402 3336 3469 traiete
3390 3409 3682 3470 comment
3735 3405 4018 3475 Phomme
4065 3408 4246 3490 fidele
4288 3429 4356 3476 se
4396 3411 4528 3478 doit

501 3538 845 3605 youverner
887 3522 1056 3583 entre
1099 3518 1189 3584 les
1219 3519 1534 3598 papis-tes,
1588 3536 1743 3582 sans
1796 3517 2259 3599 eommuniqaer
2299 3517 2343 3580 ὰ
2385 3516 2558 3580 leurs
2600 3516 3053 3597 superstitione.
3142 3514 3400 3597 Auquez
3451 3521 3541 3582 est
3581 3517 3866 3584 adiouste
3905 3539 4031 3585 nne
4072 3541 4292 3588 excuse
4328 3529 4528 3590 contre

506 3632 596 3697 les
650 3628 962 3709 repliques
1015 3628 1092 3693 de
1143 3648 1295 3693 ceux
1346 3628 1459 3709 qui
1520 3647 1587 3692 se
1627 3632 1993 3711 couvroyent
2043 3627 2429 3710 faussement
2479 3628 2570 3692 ola
2624 3627 2766 3691 titre
2806 3626 3027 3693 d’estre
3073 3624 3519 3707 Nieodemites‘,
3576 3634 3634 3693 et
3692 3629 3919 3694 l’advis
3959 3631 4037 3696 de
4083 3631 4180 3697 M.
4229 3631 4528 3718 Philippa

510 3737 963 3817 Melanehthon,
1010 3737 1259 3803 Martin
1302 3737 1514 3804 Bucer
1554 3743 1612 3803 et
1659 3737 1886 3805 Pierre
1929 3737 2199 3822 Mmtyr.
2264 3737 2427 3803 Item
2467 3739 2635 3804 deux
2678 3739 2943 3820 epistres
2976 3737 3159 3803 dudit
3205 3736 3429 3804 Calvin
3478 3741 3730 3806 eserites
3772 3739 3907 3806 l’an
3954 3745 4090 3808 154
4099 3748 4156 3823 6,
4202 3749 4262 3810 et
4299 3744 4528 3812 l’advis

506 3852 616 3918 des
659 3848 980 3915 ministres
1020 3848 1096 3914 de
1139 3847 1405 3932 l'Eylise
1445 3849 1521 3914 de
1567 3848 1805 3915 Zurieh
1847 3869 1964 3913 sm·
2006 3855 2159 3916 ceste
2201 3851 2477 3929 matiere,
2520 3848 2678 3931 faiet
2722 3849 2850 3914 l'an
2897 3854 3097 3914 1549.
3189 3848 3271 3915 Ge
3325 3849 3484 3915 livre
3525 3850 3591 3915 Ζὰ
3634 3856 3866 3917 esmeut
3905 3853 4217 3938 beaucoup
4261 3856 4338 3922 de
4374 3876 4528 3940 qens

504 3983 582 4029 en
628 3960 879 4026 Franoe
921 3959 1033 4040 qni
1085 3965 1485 4040 aunan-avant
1539 3964 1802 4043 estoyent
1857 3962 2172 4028 endor-mis
2221 3982 2287 4028 es
2340 3960 2682 4027 motata-ies.
2769 3947 2880 4025 Ad
2936 3980 3104 4043 quae
3147 3961 3548 4027 novissimus
3591 3960 3801 4028 editor
3844 3965 4042 4031 Vitae
4083 3987 4123 4032 a
4165 3965 4525 4034 Oolladono

507 4072 944 4154 conscriptae,
1003 4068 1135 4134 Alf.
1180 4069 1511 4136 Franklin
1557 4072 1754 4154 (1864
1800 4092 1949 4155 pag.
1991 4076 2135 4156 61),
2179 4094 2375 4157 quem
2419 4092 2579 4137 sane
2621 4071 2838 4154 ipsum
2880 4072 3188 4138 volumen
3233 4070 3678 4139 calvinianam
3723 4097 4063 4160 nunquam
4107 4098 4309 4144 manu
4355 4088 4527 4146 trac-

506 4190 681 4250 tasse
725 4180 1102 4261 credideris,
1149 4182 1218 4246 in
1263 4181 1797 4247 annotationibus
1842 4184 1976 4248 suis
2014 4184 2318 4262 affirmat,
2357 4182 2521 4249 duas
2554 4182 2702 4247 illas
2738 4183 3002 4249 Calvini
3042 4183 3351 4266 epistolas
3392 4186 3658 4268 proprie
3693 4189 4035 4254 conciones
4070 4209 4290 4257 sacras
4323 4191 4527 4258 fuisse

509 4294 823 4361 Genevae
879 4292 1315 4376 praedicatas,
1371 4301 1441 4358 et
1494 4313 1663 4376 quae
1724 4291 1832 4358 hic
1892 4291 2203 4359 laudatur
2255 4294 2714 4362 Turicensium
2767 4293 3119 4361 declaratio
3133 4345 3150 4372 ,
3205 4314 3348 4359 eam
3403 4296 3616 4379 ipsam
3674 4314 3816 4364 esse
3875 4318 4040 4382 quae
4093 4300 4217 4366 sub
4261 4303 4527 4389 nomine

507 4403 974 4470 consensus
1032 4404 1411 4489 Tigurini
1478 4403 1559 4470 de
1624 4423 1697 4469 re
1755 4405 2268 4470 sacramentaria
2319 4426 2454 4472 non
2511 4405 2905 4473 mediocrem
2975 4406 3220 4470 famam
3274 4406 3347 4470 in
3402 4407 3680 4473 historia
3734 4409 4172 4478 ecclesiastica
4223 4413 4522 4480 obtinuit.

506 4513 761 4580 Paulus
806 4515 1005 4579 etiam
1050 4513 1334 4580 Lacroix
1376 4522 1736 4582 tractatum
1779 4513 1860 4580 de
1904 4515 2193 4581 vitandis
2245 4517 2817 4599 superstitionibus
2869 4519 3003 4582 iam
3058 4538 3233 4583 anno
3273 4522 3444 4584 *1537
3493 4517 3744 4585 editum
3788 4519 3963 4600 dicit,
4011 4524 4198 4606 quasi
4239 4525 4347 4592 hic
4390 4546 4527 4591 me-

507 4644 653 4689 ram
697 4623 1002 4708 gallicam
1044 4626 1420 4692 versionem
1462 4626 1741 4694 haberes
1784 4648 1869 4692 ex
1910 4627 2118 4693 latino
2162 4628 2521 4714 archetypo
2580 4628 2862 4695 duarum
2903 4628 3357 4713 Epistolarum
3401 4628 3784 4699 derivatam.
3874 4633 4051 4700 Mira
4099 4634 4262 4702 haec
4303 4656 4527 4701 rerum

510 4735 826 4813 confusio,
872 4734 1137 4817 qualem
1181 4755 1222 4799 a
1264 4737 1426 4803 viris
1469 4739 1889 4822 caeteroquin
1934 4758 2068 4804 non
2112 4736 2392 4806 indoctis
2434 4739 2711 4806 minime
2756 4748 3224 4825 exspectasses,
3266 4750 3334 4806 et
3376 4763 3561 4825 quae,
3606 4752 3927 4827 quantum
3961 4746 4226 4814 intersit
4261 4755 4338 4812 ut
4375 4756 4527 4813 tan-

507 4845 662 4913 dem
703 4845 1056 4930 aliquando
1097 4845 1373 4913 historia
1405 4848 1558 4914 libri
1600 4851 1812 4915 nostri
1876 4848 1961 4915 ad
2012 4848 2336 4934 liquidum
2387 4849 2787 4935 perducatur
2800 4903 2817 4931 ,
2875 4859 3101 4935 aperte
3161 4851 3581 4920 demonstrat.
3670 4855 3903 4941 Itaque
3944 4858 4528 4943 praetermittimus

510 4957 788 5023 aliorum
828 4956 1213 5037 relationes,
1269 4964 1347 5022 ut
1383 4957 1460 5023 P.
1505 4958 1745 5044 Henry
1791 4960 2004 5043 (Tom.
2042 4961 2133 5026 H.
2183 4965 2307 5026 336
2345 4983 2520 5046 seqq.
2586 4964 2660 5028 Τ.
2697 4963 2825 5028 ΙΠ.
2871 4965 3043 5045 App.
3088 4985 3149 5047 p.
3192 4964 3349 5047 207)
3393 4971 3463 5029 et
3505 4963 3871 5033 Staehelini
3929 4972 4101 5055 (pag.
4141 4974 4265 5036 542
4302 4971 4526 5057 seqq),

507 5088 675 5152 quae
719 5069 842 5135 etsi
885 5069 1107 5144 minus
1151 5070 1416 5137 incaute
1457 5071 1855 5154 procedunt,
1912 5071 2365 5140 deficientibus
2410 5081 2636 5140 tamen
2681 5073 3090 5139 documentis
3146 5071 3654 5158 haudquaquam
3697 5078 3905 5145 solido
3948 5081 4376 5149 fundam0nto
4415 5103 4528 5149 su-

508 5185 917 5264 pei-structae
953 5186 1127 5245 sunt.
