4967 5992
653 381 780 445 503
2241 372 2371 439 DE
2415 369 3061 440 NECESSITATE
4551 375 4666 437 504

645 574 757 633 tus
800 563 1011 632 modis
1055 562 1376 643 omnibus,
1421 562 1738 646 spoliatus
1780 563 1961 629 omni
2003 560 2341 647 dignitate,
2385 560 2457 625 in
2495 583 2613 627 exe

648 652 872 718 silium
914 650 1164 733 pulsus,
1211 658 1278 715 et
1319 670 1521 733 prope
1565 648 1649 715 ad
1691 650 2037 715 interitum
2073 645 2429 731 perductus
2463 647 2607 711 fuit.

647 738 964 821 Longum
999 744 1190 814 esset,
1239 736 1460 800 omnia
1502 735 1610 801 hic
1653 756 2012 803 recensere.
2102 733 2164 798 N
2168 731 2306 798 ulla
2348 739 2449 799 est
2492 754 2610 817 pa-

647 823 803 908 gina
855 823 929 888 in
986 821 1357 906 prophetis,
1425 840 1591 904 quae
1650 841 1786 886 non
1841 820 2159 897 clamitet,
2240 818 2408 883 nihil
2466 838 2611 883 esse

646 907 819 993 quod
855 909 1082 974 Deum
1117 907 1201 973 ad
1232 904 1755 990 indignationem
1791 907 2003 990 magis
2037 910 2361 988 provocet.
2429 902 2611 985 Quid

645 993 848 1079 ergo?
906 990 1109 1078 quiim
1165 1001 1462 1075 apertam
1528 991 1963 1058 idololatriam
2018 990 2263 1075 passim
2319 990 2609 1073 grassari

645 1081 717 1146 in
761 1079 1009 1146 mundo
1051 1098 1489 1157 cerneremus,
1535 1078 1748 1143 luitne
1784 1074 2310 1145 connivendum?
2378 1075 2607 1158 Atqui,

647 1165 921 1249 perinde
988 1164 1055 1228 id
1119 1164 1382 1241 fuisset,
1444 1183 1520 1229 ac
1573 1163 1898 1228 mundum
1956 1183 2074 1228 suo
2127 1160 2331 1228 exitio
2385 1160 2608 1226 indor-

648 1252 962 1316 mientem
1006 1250 1293 1334 palpare,
1339 1269 1425 1314 ne
1469 1250 2062 1333 expergisceretur.

818 1336 1113 1401 Veniant
1157 1333 1343 1401 vobis
1397 1335 1466 1399 in
1515 1344 1829 1413 mentem,
1879 1332 2319 1399 invictissime
2362 1332 2610 1398 Caesar

645 1429 713 1487 et
754 1420 1185 1488 illustrissimi
1217 1419 1581 1502 Principes,
1623 1427 1722 1484 tot
1753 1419 1869 1484 illa
1902 1419 2415 1500 inquinamenta,
2461 1417 2605 1501 qui-

644 1507 765 1573 bus
808 1508 993 1590 prius
1035 1504 1290 1571 ostendi
1351 1505 1678 1588 pollutum
1733 1505 1937 1571 fuisse
1981 1505 2108 1568 Dei
2164 1503 2441 1569 cultum:
2503 1524 2607 1568 re-

643 1593 912 1676 perietis
955 1594 1263 1675 profecto,
1310 1589 1634 1673 quoddam
1683 1590 1891 1656 veluti
1935 1589 2259 1655 diluvium
2302 1589 2607 1672 impieta-

642 1679 730 1743 tis
774 1677 1174 1755 exundasse,
1231 1698 1359 1759 quo
1406 1683 1546 1740 tota
1597 1676 1840 1760 religio
1883 1675 2334 1742 suffocaretur.
2424 1673 2606 1740 Hinc

645 1765 882 1829 statuis
926 1762 1408 1828 exhibebantur
1451 1760 1657 1826 divini
1700 1762 2009 1827 honores:
2066 1760 2148 1825 ad
2194 1782 2304 1833 eas
2358 1761 2605 1843 passim

645 1849 951 1913 homines
993 1846 1457 1931 precabantur:
1496 1845 1629 1913 illis
1674 1868 1920 1913 numen
1964 1853 2032 1910 et
2073 1847 2436 1928 potentiam
2478 1846 2608 1912 Dei

646 1933 916 1999 subesse
971 1931 1325 2018 fingebant.
1414 1932 1595 1999 Hinc
1650 1933 1857 1999 sancti
1911 1932 2154 1997 mortui
2204 1931 2605 2010 colebantur,

648 2039 782 2083 non
828 2038 1017 2085 secus
1082 2026 1274 2101 atque
1330 2017 1487 2082 olim
1541 2018 1718 2101 apud
1760 2017 2103 2084 Israelitas
2145 2017 2424 2083 Baalim.
2513 2018 2607 2082 Et

645 2104 914 2188 plurimi
961 2104 1072 2168 alii
1115 2103 1290 2168 modi
1335 2103 1686 2187 excogitati
1723 2112 1933 2183 erant,
1980 2101 2269 2169 Satanae
2306 2102 2603 2181 artificio,

645 2191 884 2274 quibus
940 2195 1092 2269 [pag.
1135 2196 1244 2268 86]
1302 2190 1429 2254 Dei
1483 2189 1698 2272 gloria
1754 2189 2248 2272 discerperetur.
2341 2188 2607 2255 Clamat

642 2277 1001 2355 DominuS,
1064 2295 1134 2341 se
1175 2274 1405 2340 ardere
1449 2274 1805 2360 zelotypia,
1860 2276 1918 2341 si
1961 2274 2133 2359 quod
2177 2272 2429 2339 idolum
2474 2275 2603 2339 eri-

642 2368 866 2444 gatur,
921 2381 1043 2426 nec
1097 2361 1320 2427 minus
1363 2382 1587 2427 servos
1643 2361 1784 2427 eius
1839 2383 1959 2446 pro
2004 2358 2356 2429 asserenda
2397 2360 2603 2443 ipsius

637 2446 850 2530 gloria
905 2447 1238 2532 zelotypos
1291 2467 1435 2512 esse
1490 2445 1754 2527 debere,
1818 2467 1938 2512 suo
1982 2445 2286 2529 exemplo
2331 2444 2604 2510 demon-

638 2538 806 2597 strat
858 2533 1111 2598 Paulus
1166 2533 1344 2611 (Act.
1399 2535 1495 2610 17,
1553 2533 1675 2613 10).
1777 2533 1917 2599 Nee
1972 2532 2265 2615 vulgaris
2323 2538 2424 2597 est
2488 2530 2602 2595 ille

636 2617 815 2683 zelus
859 2617 1095 2683 domus
1139 2617 1286 2692 Dei,
1335 2618 1446 2700 qui
1487 2615 1783 2683 fidelium
1827 2619 2124 2684 omnium
2168 2615 2365 2682 corda
2409 2616 2605 2682 debet

637 2702 936 2769 exedere.
1027 2702 1254 2783 Quum
1299 2723 1454 2786 ergo
1498 2711 1600 2767 tot
1635 2703 2052 2786 pollueretur,
2101 2702 2204 2768 vel
2241 2703 2457 2786 potius
2501 2702 2603 2767 la-

635 2796 989 2867 ceraretur,
1049 2787 1263 2852 modis
1307 2789 1439 2852 Dei
1493 2788 1730 2872 gloria,
1790 2809 2013 2853 nonne
2065 2786 2476 2854 connivendo
2534 2795 2600 2853 et

598 2876 615 2889 '
637 2873 917 2939 tacendo
964 2872 1195 2955 perfidi
1238 2873 1631 2939 fuissemus?
1724 2873 1948 2953 Canis,
1994 2873 2052 2938 si
2096 2894 2294 2956 quam
2332 2894 2450 2939 suo
2486 2872 2600 2939 do-

635 2959 818 3023 mino
876 2957 1254 3023 violentiam
1317 2959 1547 3024 inferri
1605 2959 1877 3039 viderit,
1967 2959 2246 3024 ,rotinus
2303 2958 2598 3025 latrabit:

647 3063 774 3109 nos
818 3048 917 3107 tot
959 3044 1319 3128 sacrilegiis
1367 3045 1595 3111 violari
1652 3066 1910 3111 sacrum
2025 3046 2085 3109 ei
2131 3065 2374 3110 nomen
2418 3045 2602 3110 taciti

650 3129 1133 3211 aspiceremus?
1217 3131 1311 3195 Et
1369 3131 1480 3196 ubi
1537 3138 1711 3197 esset
1774 3129 1968 3196 illud:
2049 3128 2422 3213 Opprobria
2484 3150 2601 3195 ex-

645 3214 1099 3298 probrantium
1140 3215 1259 3280 tibi
1298 3216 1672 3282 ceciderunt
1705 3238 1904 3300 super
1937 3237 2045 3281 me
2072 3215 2276 3299 (Psal.
2308 3219 2409 3294 69,
2443 3215 2598 3298 10)?

818 3300 947 3366 Illa
991 3321 1147 3367 vero
1191 3300 1493 3381 ludibria,
1538 3300 1713 3385 quod
1755 3302 2059 3377 nonnisi
2097 3308 2373 3367 externo
2407 3309 2600 3389 gestu

646 3393 714 3450 et
756 3387 976 3451 stultis
1020 3386 1360 3452 hominum
1404 3389 1738 3472 figmentis
1772 3387 2109 3454 colebatur
2143 3388 2349 3466 Deae,
2395 3387 2601 3453 silen-

643 3472 735 3536 tio
778 3473 1136 3557 praeterire
1180 3474 1290 3557 qui
1335 3474 1433 3539 fas
1474 3473 1644 3538 fuit?
1724 3473 1986 3540 Scimus
2029 3479 2432 3556 quantopere
2471 3473 2601 3557 hy-

645 3558 966 3640 procrisin
1021 3558 1250 3623 oderit.
1351 3560 1778 3644 Regnabat¹)
1846 3560 1920 3625 in
1977 3559 2092 3624 illo
2153 3560 2599 3624 commentitio

642 3643 772 3707 Dei
818 3643 1033 3723 cultu,
1076 3643 1188 3727 qui
1229 3647 1474 3727 passim
1520 3655 1661 3710 erat
1704 3647 2002 3712 usitatus.
2101 3644 2431 3710 Audimus
2471 3665 2601 3728 qua

643 3727 997 3794 verborum
1035 3731 1388 3796 acerbitate
1427 3731 1830 3797 invehantur
1868 3730 2222 3814 prophetae
2263 3750 2492 3796 omnes
2527 3731 2597 3794 in

643 3814 863 3880 cultus
907 3814 1243 3880 hominum
1291 3817 1658 3883 temeritate
1701 3818 2065 3884 fabricatos.
2145 3816 2336 3882 Bona
2377 3816 2595 3881 inten-

643 3901 753 3977 tio,
796 3899 920 3966 hoc
962 3908 1080 3980 est,
1124 3900 1358 3967 insana
1400 3902 1722 3985 quidlibet
1755 3902 2041 3969 audendi
2082 3901 2301 3980 libido,
2345 3902 2597 3985 optima

642 3984 898 4050 colendi
963 3984 1095 4050 Dei
1149 3987 1377 4069 regula
1424 3990 1793 4070 putabatur.
1884 3986 2084 4055 Certe
2134 4008 2218 4052 ex
2273 3996 2408 4054 toto
2462 3989 2594 4053 Dei

643 4070 851 4150 cultu,
899 4071 1183 4154 qualiter
1227 4080 1371 4137 erat
1411 4074 1782 4155 institutus,
1840 4074 2010 4139 nihil
2052 4076 2189 4140 fere
2233 4079 2377 4139 erat
2416 4073 2591 4157 quod

643 4157 1088 4222 testimonium
1150 4156 1423 4223 haberet
1474 4180 1514 4223 a
1570 4160 1766 4226 verbo
1818 4158 1966 4224 Dei.
2053 4160 2204 4224 Non
2259 4166 2363 4225 est
2415 4159 2589 4243 quod

643 4241 780 4320 hic,
839 4242 945 4308 vel
998 4249 1252 4321 nostre,
1313 4243 1421 4310 vel
1466 4245 1747 4310 aliorum
1800 4245 2040 4310 iudicio
2094 4254 2358 4310 stemus.
2452 4243 2589 4311 Sed

638 4328 966 4394 audienda
1011 4349 1138 4393 vox
1181 4330 1339 4407 Dei,
1385 4352 1515 4413 qua
1559 4337 1838 4397 testatur
1879 4331 2110 4414 quanti
2154 4330 2329 4394 hanc
2371 4330 2587 4397 cultus

639 4413 744 4478 sui
777 4415 1298 4496 profanationem
1336 4418 1653 4496 aestimet,
1697 4417 1812 4482 ubi
1848 4415 2146 4480 homines
2178 4422 2368 4480 extra
2402 4417 2586 4482 verbi

639 4500 780 4562 eius
832 4501 1000 4564 fines
1053 4501 1125 4564 in
1183 4502 1466 4584 propriis
1512 4502 1900 4567 commentis
1954 4500 2324 4565 lasciviunt.
2400 4503 2588 4567 Duas

639 4584 833 4647 affert
895 4603 1151 4651 causas:
1232 4608 1350 4652 cur
1429 4587 1741 4669 populum
1816 4586 2268 4662 israeliticum,
2345 4586 2454 4668 pio
2522 4593 2590 4651 et

637 4675 864 4734 sancto
926 4669 1238 4737 ecelesiae
1305 4673 1627 4757 regimine
1695 4672 2060 4756 privatum,
2132 4673 2587 4738 excaecatione

636 4754 902 4838 puniat:
960 4753 1372 4838 hypocrisin,
1422 4762 1569 4837 [pag.
1609 4763 1719 4837 87]
1764 4764 1832 4823 et
1875 4761 2413 4838 ἐθελοθρησκείανε
2464 4758 2588 4823 hoc

637 4847 767 4918 cst,
825 4840 1103 4904 sormam
1172 4842 1422 4908 colendi
1488 4845 1696 4927 ipsius
1763 4843 2152 4908 humanitus
2216 4843 2583 4908 confictam.

635 4925 813 5007 Quia
869 4927 1346 5010 appropinquat
1401 4929 1683 5012 populus
1737 4929 1846 4995 hic
1902 4927 2093 4993 labiis
2138 4927 2307 5006 suis,
2373 4927 2588 5011 inquit

632 5013 788 5093 (Ies.
831 5015 932 5091 29,
979 5015 1120 5094 13),
1187 5034 1295 5078 cor
1350 5021 1570 5079 autem
1626 5016 1820 5100 longe
1877 5020 1978 5079 est
2033 5035 2072 5079 a
2114 5034 2252 5092 me,
2312 5018 2379 5078 et
2434 5014 2587 5096 quia

627 5119 737 5162 me
781 5095 937 5162 colit
977 5098 1307 5165 mandatis
1352 5099 1724 5179 hominum,
1781 5121 1928 5167 ecce
1973 5098 2165 5165 edam
2211 5105 2586 5181 portentum

765 5286 824 5353 1)
862 5287 1013 5343 Haec
1051 5293 1233 5342 autem
1268 5289 1534 5358 regnabat
1570 5286 1706 5341 1576
1739 5303 1885 5357 seqq.

2713 558 3049 639 horribile,
3095 558 3282 626 cuius
3326 559 3557 626 auditu
3601 581 3829 626 omnes
3873 560 4349 644 obstupescent.
4419 559 4670 626 Peribit

2717 645 2894 711 enim
2940 645 3265 729 sapientia
3326 667 3366 711 a
3408 647 3846 730 sapientibus,
3906 653 3975 711 ct
4025 644 4379 729 prudentia
4422 666 4463 710 a
4502 648 4668 711 seni-

2712 732 2840 798 bus
2883 738 3245 798 evanescet.
3327 728 3582 798 Similis
3623 739 3738 797 aut
3782 732 3990 797 maior
4022 732 4219 797 etiam
4254 732 4666 814 perversitas,

2714 837 2918 900 quum
2960 818 3146 883 Deus
3190 838 3311 882 nos
3355 818 3700 896 excitavit,
3745 817 3968 901 palam
4012 818 4084 880 in
4128 816 4423 883 ecclesiis
4470 815 4666 882 domi-

2715 901 3015 967 nabatur.
3086 901 3312 983 Quum
3356 924 3394 967 e
3437 903 3618 969 coelo
3661 902 3850 969 Deus
3884 901 4285 981 fulminaret,
4331 923 4417 967 an
4461 904 4665 985 quies-

2711 987 2996 1054 cendum
3039 988 3229 1054 nobis
3270 987 3437 1053 fuit?

2887 1073 3081 1154 Quod
3139 1074 3370 1158 lingua
3423 1075 3794 1159 incognita,
3865 1073 4187 1139 adversus
4244 1072 4493 1139 claram
4548 1071 4666 1140 Dei

2711 1158 3247 1242 prohibitionem,
3302 1159 3606 1227 solennes
3657 1160 4066 1244 precationes
4108 1161 4179 1224 in
4224 1158 4490 1242 templis
4534 1160 4663 1225 ficn‘

2712 1246 2914 1311 moris
2959 1253 3129 1325 erat,
3185 1245 3332 1313 leve
3373 1246 3543 1312 forte
3587 1256 3878 1312 erratum
3922 1247 4125 1312 fnisse
4180 1243 4661 1310 existimabunt.

2713 1328 2848 1396 Sed
2895 1350 2972 1395 eo
3016 1330 3210 1396 modo
3257 1330 3547 1397 derisum
3591 1332 3795 1398 fuisse
3837 1333 4061 1397 Deum
4097 1352 4302 1413 quum
4338 1339 4658 1413 appareat,

2712 1415 2902 1481 nobis
2947 1436 3081 1481 non
3126 1416 3464 1501 negabunt
3516 1418 3717 1483 fuisse
3772 1417 3926 1500 plus
3971 1417 4133 1482 satis
4175 1417 4421 1481 iustam
4464 1416 4661 1482 recla-

2710 1502 2937 1567 mandi
2980 1522 3265 1568 causam.
3332 1502 3528 1583 Quid,
3565 1502 3739 1587 quod
3784 1504 3851 1568 in
3892 1501 4173 1586 publicis
4214 1502 4487 1585 hymnis
4522 1523 4661 1585 per·

2712 1586 3033 1653 sonabant
3073 1587 3537 1671 blasphemiae,
3586 1610 3749 1672 quas
3792 1610 3985 1654 nemo
4027 1588 4179 1671 pius
4224 1590 4366 1652 sine
4408 1608 4661 1653 summo

2710 1672 2981 1739 horrore
3039 1673 3271 1738 audire
3328 1674 3692 1739 sustineat?
3784 1674 3960 1739 Nota
4018 1680 4179 1739 sunt
4245 1672 4362 1737 illa
4415 1673 4660 1739 Mariae

2710 1758 3033 1842 epitheta,
3077 1780 3282 1842 quum
3326 1767 3516 1843 porta
3558 1760 3752 1838 coeli,
3800 1781 3984 1843 spes,
4038 1760 4180 1825 vita
4222 1766 4289 1823 et
4331 1758 4513 1825 salus
4558 1781 4660 1824 no-

2710 1845 3095 1910 minaretur.
3196 1845 3506 1928 Eousquc
3575 1846 3814 1911 furoris
3868 1853 3937 1911 et
3991 1845 4320 1911 amentiae
4374 1845 4657 1927 provecti

2712 1936 2893 2010 sunt,
2940 1938 3016 1994 ut
3057 1930 3425 2014 imperandi
3485 1932 3587 1997 ius
3636 1931 3733 1996 illi
3775 1932 3844 1996 in
3892 1930 4236 1997 Christum
4280 1931 4657 1997 tribuerent

2710 2015 2952 2082 Adhuc
2996 2015 3175 2081 enim
3230 2015 3301 2081 in
3359 2017 3586 2082 multis
3641 2016 3906 2101 templis
3950 2014 4352 2082 exsecrabile
4394 2015 4563 2082 illud
4601 2025 4657 2081 et

2711 2101 3070 2167 nefandum
3114 2121 3383 2168 carmen
3428 2100 3719 2168 auditur:
3785 2103 3979 2187 Roga
4020 2110 4310 2186 patrem,
4354 2102 4509 2167 iube
4552 2122 4653 2166 na·

2708 2192 2866 2252 tum.
2961 2186 3185 2252 Nihilo
3227 2187 3733 2254 modestioribus
3779 2188 4009 2273 elogiis
4043 2186 4364 2271 quosdam
4401 2195 4649 2253 sanctos

2709 2271 3073 2339 celebrant:
3134 2280 3202 2339 et
3252 2272 3515 2356 quidem
3562 2295 3747 2353 suos,
3795 2274 3919 2340 hoc
3964 2280 4095 2354 est,
4151 2293 4317 2356 quos
4360 2273 4490 2356 ipsi
4530 2275 4649 2356 opi-

2707 2358 2905 2424 nione
2949 2380 3072 2425 sua
3106 2359 3177 2424 in
3214 2366 3591 2426 sanctorum
3629 2359 4003 2443 catalogum
4039 2359 4430 2424 retulerunt.
4496 2359 4649 2423 Nam

2706 2434 2884 2509 inter
2940 2443 3257 2527 plurimas
3305 2445 3566 2523 laudes,
3628 2467 3792 2529 quas
3847 2452 4096 2511 canunt
4139 2443 4459 2520 Claudio,
4517 2465 4650 2509 eum

2705 2530 2931 2595 lumen
2978 2551 3338 2611 caecorum,
3384 2532 3566 2596 viam
3611 2531 4004 2611 errantium,
4056 2531 4266 2597 vitam
4324 2535 4395 2594 et
4450 2551 4650 2595 resur·

2706 2617 3062 2681 rectionem
3109 2625 3515 2682 mortuorum
3562 2624 3819 2683 vocant.
3924 2614 4199 2681 Talibus
4239 2615 4647 2699 blasphemiis

2706 2702 2987 2766 refert-ae
3042 2710 3204 2767 sunt
3254 2703 3570 2786 precandi
3627 2701 3979 2781 formulae,
4040 2706 4189 2781 [pag.
4231 2706 4342 2781 88]
4387 2723 4543 2785 quas
4583 2701 4648 2765 in

2705 2786 3084 2870 quotidiano
3136 2809 3263 2853 usu
3320 2788 3584 2854 habent.
3690 2787 4160 2854 severissimas
4224 2806 4463 2870 poenas
4516 2788 4651 2851 Do-

2706 2873 2928 2938 minus
2984 2873 3302 2941 adversus
3359 2895 3469 2939 eos
3521 2875 3946 2958 pronunciat,
4005 2874 4119 2957 qui
4174 2892 4397 2938 nomen
4454 2893 4651 2936 suum

2704 2959 3093 3025 miscuerint
3155 2981 3304 3026 cum
3362 2960 3737 3026 nominibus
3798 2959 4093 3036 Baalim,
4172 2960 4299 3024 sive
4346 2958 4417 3021 in
4471 2958 4648 3022 iure-

2703 3044 3000 3121 iurand0,
3038 3046 3178 3112 sive
3211 3046 3285 3110 in
3324 3046 3642 3128 precibus.
3712 3046 3902 3127 Quae
3942 3046 4151 3130 igitur
4185 3042 4471 3112 vindicta
4500 3063 4651 3108 nos·

2704 3130 2828 3196 tris
2872 3131 3196 3213 capitibus
3238 3130 3571 3209 imminet,
3620 3133 3729 3214 qui
3776 3153 3911 3196 non
3955 3129 4147 3196 modo
4191 3136 4469 3207 sanctos,
4510 3137 4651 3192 tan-

2705 3236 2901 3299 quam
2957 3217 3244 3282 minores
3305 3216 3491 3297 deos,
3548 3237 3698 3282 cum
3740 3217 3857 3282 illo
3900 3218 4287 3294 miscemus,
4348 3214 4465 3280 sed
4505 3234 4649 3280 cum

2704 3301 2951 3386 insigni
3008 3303 3148 3368 eius
3202 3302 3629 3379 contumelia,
3700 3302 4044 3370 Christum
4100 3300 4459 3384 spoliamus
4509 3321 4649 3383 pro-

2705 3388 2867 3470 priis
2911 3394 2978 3452 et
3012 3387 3458 3472 singularibus
3500 3389 3733 3467 titulis,
3778 3389 4015 3472 quibus
4055 3408 4207 3453 eum
4250 3387 4538 3465 ornavit,
4580 3392 4649 3449 ut

2704 3473 2855 3538 illos
2909 3474 3227 3540 creaturis
3286 3473 3699 3540 deferamus?
3790 3474 4010 3541 Hicne
4053 3475 4255 3540 etiam
4312 3471 4649 3538 tacendum

2704 3557 2891 3624 nobis
2933 3565 3094 3636 erat,
3140 3568 3218 3625 ut
3259 3559 3609 3643 perfidiose
3652 3560 3914 3626 silentio
3954 3560 4021 3624 in
4065 3579 4188 3624 nos
4223 3577 4484 3641 quoque
4524 3568 4647 3621 tam

2702 3655 2907 3729 grave
2949 3644 3263 3711 iudicium
3307 3644 3830 3711 accerseremus?

2877 3730 3122 3810 Taceo,
3177 3729 3349 3813 quod
3404 3738 3585 3798 certa
3636 3731 3799 3810 fide,
3844 3730 3970 3797 hoc
4013 3736 4145 3806 est,
4196 3731 4397 3809 serio,
4441 3730 4649 3795 Deum

2700 3815 2924 3882 nullus
2966 3817 3387 3900 precabatur,
3434 3838 3508 3883 ac
3554 3839 3639 3882 ne
3678 3824 3937 3900 poterat
3978 3815 4263 3899 quidem.
4343 3816 4514 3880 Nam
4558 3836 4650 3879 se-

2699 3902 2886 3985 pulto
2928 3902 3000 3966 in
3044 3923 3195 3967 enm
3239 3901 3527 3981 modum,
3575 3909 3652 3967 ut
3683 3910 3841 3983 erat,
3878 3901 4164 3981 Christo,
4210 3922 4479 3983 necesse
4513 3906 4649 3965 erat

2699 3987 2781 4052 de
2832 3996 3110 4071 paterna
3164 4010 3324 4072 erga
3378 4009 3449 4054 se
3504 3989 3637 4053 Dei
3702 3988 4187 4068 benevolentia,
4255 3997 4326 4052 et
4392 4008 4474 4052 an
4524 3985 4647 4050 sibi

2695 4094 2888 4157 opem
2931 4074 3103 4140 ferre
3145 4073 3375 4153 vellet,
3429 4095 3515 4139 an
3559 4074 3842 4140 salutem
3882 4095 4074 4140 suam
4116 4094 4317 4139 curae
4361 4072 4649 4149 haberet,

2696 4158 2997 4225 homines
3039 4165 3353 4243 perpetuo
3397 4158 3716 4225 dubitare.
3787 4160 4011 4241 Quid?
4056 4180 4141 4225 an
4187 4158 4299 4224 hic
4339 4158 4507 4224 levis
4540 4164 4653 4223 aut

2693 4244 3053 4311 tolerabilis
3096 4266 3280 4310 error
3322 4245 3478 4323 fuit,
3534 4245 3706 4328 quod
3750 4255 4095 4312 aeternum
4141 4244 4399 4311 Christi
4436 4265 4655 4310 saeer-

2692 4331 2974 4409 dotium,
3040 4330 3228 4414 quasi
3294 4329 3574 4414 praedae
3647 4332 4052 4415 expositum,
4121 4330 4206 4397 ad
4272 4338 4657 4396 sanctorum

2692 4415 3051 4501 quemlibet-
3114 4414 3573 4482 deferebatur?
3675 4418 4211 4496 Meminerimus,
4294 4416 4475 4481 hunc
4533 4414 4661 4481 sibi

2692 4503 3008 4568 honorem
3053 4501 3393 4568 Christum
3437 4510 3648 4569 morte
3690 4525 3812 4569 sua
3852 4523 4284 4586 comparasse,
4329 4510 4407 4566 ut
4436 4510 4662 4567 aeter-

2691 4609 2818 4653 nus
2876 4587 2966 4652 sit
3014 4587 3368 4655 advocatus
3426 4594 3494 4653 et
3536 4590 3932 4672 pacificator,
3993 4589 4102 4672 qui
4146 4607 4270 4653 nos
4312 4596 4378 4652 et
4419 4607 4660 4669 preces

2690 4680 2951 4739 nostras
3004 4675 3179 4757 patri
3221 4676 3480 4753 offerat,
3541 4675 3652 4757 qui
3707 4675 3991 4758 gratiam
4044 4673 4230 4739 nobis
4275 4672 4449 4756 apud
4500 4694 4663 4737 enm

2690 4760 3027 4842 impetret,
3073 4760 3185 4843 qui
3229 4760 3420 4824 nobis
3463 4780 3645 4842 spem
3692 4758 4060 4838 obtinendi,
4117 4757 4293 4842 quod
4334 4759 4661 4842 petimus,

2689 4846 2901 4911 faciat.
3002 4843 3191 4911 Sicut
3255 4845 3432 4912 solus
3497 4851 3563 4909 et
3628 4866 3748 4928 pro
3816 4844 4005 4910 nobis
4058 4851 4360 4909 mortuus
4412 4854 4531 4909 est
4600 4852 4667 4908 et

2688 4937 2900 4997 morte
2939 4952 3059 4997 sua
3100 4952 3222 4996 nos
3264 4929 3572 5009 redemit,
3626 4931 3723 4995 ita
3766 4930 3837 4995 in
3881 4930 4081 4996 huius
4125 4929 4399 4995 honoris
4440 4932 4669 4996 socie·

2689 5022 2891 5082 tatem
2937 5017 3193 5083 nullum
3238 5016 3543 5083 admittit.
3633 5016 3826 5099 Quod
3868 5037 4023 5100 ergo
4068 5015 4493 5098 sacrilegium
4540 5016 4669 5081 illo

2690 5100 2967 5184 foedius,
3027 5103 3200 5186 quod
3243 5102 3520 5168 subinde
3577 5102 3935 5169 adversarii
3979 5103 4192 5168 nostri
4247 5101 4320 5165 in
4366 5121 4487 5165 ore
4540 5102 4670 5166 ha-

2692 5187 2894 5253 bent?
2983 5188 3324 5256 Christum
3370 5208 3513 5254 esse
3554 5187 3817 5271 quidem
3864 5189 4127 5254 unicum
4168 5186 4673 5268 redemptionis

2687 5273 3144 5356 mediatorem,
3191 5283 3262 5340 at
3304 5283 3563 5341 sanctos
3608 5295 3865 5355 omnes,
3910 5273 4418 5339 intercessionis.
4498 5278 4669 5352 [pag.
