4967 5992
548 360 630 423 27

1848 344 1970 410 LE
2012 337 2610 410 oAmcmsfflz:
2654 294 2790 403 D'E‘
2831 334 3231 402 esuum.

4462 331 4546 393 28

547 543 707 628 qu'il
742 548 843 608 est
876 546 1066 616 mort,
1101 534 1270 601 mais
1307 541 1408 601 est
1442 533 1622 618 parle
1657 532 1738 598 de
1771 533 1993 598 Ponce
2026 529 2258 607 Pilate,
2295 526 2493 594 soubz
2540 532 2546 601 ῐ
2596 524 2788 592 (11616;
2845 522 2959 590 sed
3013 519 3330 606 praesidis
3373 539 3625 603 quoque
3669 538 3906 583 nomen
3952 515 4199 596 adiicis,
4246 515 4369 583 sub
4415 535 4546 599 quo

547 627 763 713 lequel
802 626 853 692 il
896 646 938 691 a
975 621 1288 689 souffert?

1387 724 1653 778 n’mm.

721 798 884 867 0616
936 801 1106 861 6’661
1157 817 1276 878 pas
1334 788 1699 859 seulement
1749 810 1917 872 pour
1967 808 2138 853 nous
2195 806 2496 853 assem-er
2542 788 2546 815 ¹

548 885 632 951 de
671 885 738 950 la
779 881 1101 950 certitudo
1145 880 1226 946 de
1267 879 1610 945 l’histoire:
1668 876 1834 963 mais
1891 880 1993 941 est
2015 873 2064 958 ¹)
2110 873 2285 939 aussi
2329 892 2496 956 pour

551 972 846 1057 signifier
888 989 1014 1052 que
1056 989 1130 1033 sa
1171 972 1347 1031 mort
1390 969 1682 1047 emporte
1725 960 2244 1028 condemnation.

1338 1087 1404 1122 1AE
1437 1084 1695 1120 mmm.

723 1141 1071 1208 06666661
1114 1136 1293 1203 cela?

1388 1239 1655 1293 L’mwm‘r.

719 1314 781 1378 Il
825 1320 926 1378 est
966 1317 1141 1375 mort
1182 1331 1348 1393 pour
1388 1307 1651 1374 souffrir
1692 1306 1758 1370 16
1798 1305 1990 1389 peine
2033 1305 2144 1386 qui
2186 1323 2351 1368 nous
2394 1325 2497 1368 es-

552 1400 677 1465 toit
719 1398 915 1479 deue,
972 1403 1039 1462 et
1070 1396 1212 1478 'par
1254 1415 1339 1460 ce
1381 1396 1624 1478 meyen
1670 1412 1835 1457 nous
1879 1412 1965 1456 en
2006 1389 2308 1454 delivrer.
2399 1387 2499 1454 Or

553 1505 789 1569 pource
829 1503 959 1568 que
1000 1502 1166 1546 nous
1221 1479 1464 1546 cstions
1518 1475 1888 1562 coulpables
1926 1473 2167 1541 devant
2206 1475 2270 1539 le
2313 1475 2495 1557 iuge-

550 1579 736 1637 ment
789 1570 869 1636 de
911 1568 1086 1634 Dieu
1103 1618 1120 1646 ,
1176 1585 1425 1632 comme
1478 1563 1999 1629 mal-faieteurs:
2057 1582 2226 1644 pour
2275 1580 2497 1642 repre-

552 1664 774 1723 senter
811 1661 1032 1722 nostre
1073 1673 1414 1735 personne,
1458 1651 1507 1715 11
1552 1672 1593 1715 6
1626 1649 1830 1716 voulu
1874 1647 2339 1731 comparoistre
2382 1645 2496 1710 de-

550 1753 715 1810 vant,
755 1743 818 1806 le
862 1740 957 1805 616
1003 1760 1040 1804 6
1084 1737 1240 1803 (1’66
1284 1739 1436 1821 iuge
1480 1737 1726 1801 terrien
1744 1786 1761 1814 ,
1816 1741 1882 1799 et
1925 1741 2096 1800 estre
2137 1730 2499 1797 eundemne

548 1848 673 1912 par
691 1829 758 1892 la
790 1761 1043 1892 boucfie
1078 1823 1372 1908 d’iceluy,
1407 1843 1574 1906 pour
1595 1841 1764 1886 nous
1786 1818 2105 1886 absoudre
2128 1839 2214 1884 au
2233 1818 2499 1883 'Phrone

553 1911 643 1977 du
687 1913 853 1996 Iuge
894 1910 1146 1977 celeste.

978 2030 987 2041 “
1222 2048 1225 2051 -
1344 2030 1411 2065 ΒΕ
1445 2028 1701 2064 mmm.

725 2083 1160 2148 Neantmoins
1182 2081 1397 2147 Pilate
1431 2080 1494 2145 le
1528 2098 1855 2164 prononce
1881 2078 2194 2142 innocent
2227 2075 2496 2157 (Matth.

556 2173 659 2248 27,
699 2173 807 2247 233
843 2169 989 2233 Luc
1024 2172 1126 2247 23,
1171 2168 1309 2251 14),:
1355 2174 1421 2232 et
1462 2165 1632 2231 ainsi
1671 2163 1722 2229 il
1764 2185 1849 2229 ne
1886 2161 1949 2228 le
1984 2161 2347 2229 condamne
2381 2181 2502 2244 pas

555 2275 807 2325 comme
852 2253 949 2319 s'il
991 2275 1075 2319 en
1118 2253 1312 2319 estoit
1354 2251 1571 2337 digne.

1393 2354 1661 2408 n'nurm.

723 2426 785 2491 Il
829 2448 875 2511 y
914 2445 954 2488 a
1008 2424 1147 2489 l’un
1200 2431 1270 2490 et
1317 2424 1570 2489 l'autre.
1659 2421 1839 2489 O’est
1894 2420 2051 2504 qu'il
2105 2427 2205 2486 est
2256 2419 2502 2484 1661166

553 2533 674 2596 par
714 2511 779 2577 le
820 2511 1270 2595 tesmoignage
1313 2508 1402 2575 du
1439 2509 1610 2592 iuge,
1656 2528 1824 2590 pour
1855 2514 2184 2572 monstret
2217 2504 2376 2588 qu’il
2415 2526 2503 2570 ne

554 2598 802 2664 souffre
845 2597 1030 2681 point
1061 2618 1228 2680 pour
1261 2616 1368 2661 ses
1403 2594 1768 2673 (1616611166,
1813 2594 1981 2657 16616
2020 2613 2184 2674 pour
2218 2590 2317 2656 166
2350 2611 2503 2655 666-

552 2692 718 2749 tres:
762 2690 829 2747 et
870 2680 1237 2765 ecpendant
1270 2690 1373 2747 est
1405 2678 1767 2746 condamne
1810 2677 2349 2743 solennellement
2380 2698 2505 2760 par

550 2770 619 2834 la
660 2774 967 2835 sentence
1012 2766 1296 2853 d'iceluy
1336 2785 1584 2832 mesme
1599 2815 1615 2841 ‚
1673 2785 1839 2848 pour
1880 2763 2152 2830 denotor
2193 2761 2349 2845 qu’il
2403 2768 2506 2827 est

552 2859 949 2939 mysment
991 2860 1215 2918 nostre
1256 2852 1487 2937 pleige‚
1543 2857 1854 2917 recevant
1894 2849 1961 2913 la
2003 2847 2504 2915 condamnation
2551 2878 2556 2899 ι

552 2961 721 3023 pour
764 2959 950 3015 nous,
999 2942 1118 3017 [fol.
1160 2944 1260 3017 12]
1308 2939 1439 3004 afin
1486 2936 1567 3003 de
1609 2957 1775 3003 nous
1819 2956 1904 3001 66
1948 2935 2258 3019 aequiter.

1343 3060 1409 3094 LE
1444 3059 1703 3095 mm.

726 3102 908 3178 O’est
960 3109 1112 3175 11166
1157 3109 1307 3176 (1161.
1387 3109 1522 3176 061
1564 3110 1666 3175 6’11
1709 3110 1903 3175 661611
1944 3106 2262 3192 66611661,
2318 3107 2364 3171 11
2419 3126 2504 3171 66

554 3197 756 3265 661611
806 3217 925 3281 pas
968 3196 1235 3279 capable
1280 3195 1360 3260 de
1411 3196 1677 3261 souffrir
1718 3194 1784 3259 16
1826 3202 2000 3259 16611
2039 3215 2205 3277 pour
2245 3191 2343 3259 les
2388 3213 2504 3258 au·-

553 3291 717 3350 tres:
763 3291 832 3348 et
864 3283 1300 3363 neantmoins,
1345 3282 1476 3347 666
1512 3302 1638 3364 que
1680 3301 1755 3348 sa
1795 3278 2297 3347 condamnation
2336 3299 2505 3344 nous

556 3369 683 3435 soit
734 3367 1110 3434 delivrance
1124 3418 1140 3446 ,
1196 3367 1246 3432 il
1298 3369 1439 3433 faut
1491 3367 1649 3451 qu'il
1701 3367 1829 3432 soit
1879 3373 2111 3450 repnte
2163 3373 2352 3431 entre
2407 3365 2504 3430 les

553 3456 807 3539 iniques
855 3456 1008 3540 (166.
1047 3457 1148 3535 53,
1191 3453 1317 3538 12).

1396 3555 1664 3610 n’mm.

727 3625 801 3690 Ie
844 3627 1123 3692 l’entens
1166 3625 1352 3692 ainsi.

1314 3747 1382 3783 nn
1416 3744 1673 3782 1111661116.
1687 3729 1737 3793 ²)

728 3796 823 3864 Oe
844 3796 997 3880 qu’il
1034 3819 1073 3862 6
1109 3805 1246 3863 6616
1279 3798 1558 3875 6166166,
1595 3796 1969 3879 emporte·il
1990 3794 2265 3880 quelque
2285 3794 2503 3875 chose,

557 3882 840 3967 plustost
881 3903 1007 3965 que
1050 3884 1106 3948 61
1150 3903 1236 3948 on
1279 3882 1475 3950 l'eust
1517 3890 1892 3957 autrement
1930 3882 2087 3948 faict
2129 3880 2415 3948 mourir?

1395 3986 1662 4039 n'nuum.

731 4052 921 4139 Ouy,
981 4075 1232 4121 comme
1283 4052 1613 4136 l’Apostre
1669 4053 1733 4119 16
1787 4060 2151 4119 1616666116
2212 4051 2393 4138 (Gal.
2443 4056 2502 4133 3,

564 4142 695 4226 10),
753 4138 975 4206 (116661
1019 4139 1176 4223 qu’il
1229 4162 1270 4206 6
1327 4149 1466 4205 este
1509 4138 1728 4223 pondu
1770 4161 1854 4206 66
1895 4140 2036 4205 11616
2077 4159 2245 4222 pour
2287 4150 2506 4205 trans-

556 4233 781 4309 portet
817 4232 1046 4291 nostre
1089 4224 1506 4292 malediction
1550 4247 1665 4290 sur
1706 4246 2088 4311 soymesme,
2133 4246 2302 4308 pour
2333 4246 2502 4292 nous

556 4332 641 4376 66
684 4311 1094 4395 descharger.
1185 4311 1319 4378 061·
1359 4334 1433 4379 66
1484 4332 1689 4396 genre
1733 4311 1813 4377 de
1855 4318 2030 4377 mort
2080 4312 2275 4378 estoit
2317 4331 2504 4377 mau-

559 4396 698 4462 diet
739 4397 821 4462 de
864 4399 1094 4465 DIEU
1133 4398 1362 4483 (Deut.
1406 4403 1508 4477 21,
1547 4396 1680 4483 23).

1346 4521 1412 4555 m
1592 4519 1707 4554 m.

726 4566 1117 4634 Commeat?
1175 4578 1469 4636 n’est-ce
1521 4591 1640 4653 pas
1695 4569 2143 4635 deshonnorer
2195 4569 2258 4634 le
2311 4567 2502 4653 8613·-

557 4674 723 4719 6661
765 4653 971 4732 16666,
1015 4655 1096 4721 de
1140 4655 1307 4736 dire,
1353 4657 1507 4739 qu’il
1553 4677 1593 4721 a
1637 4663 1774 4721 este
1819 4657 2071 4722 subiect
2114 4662 2156 4721 6
2194 4654 2503 4721 maledic-

556 4740 713 4818 tion,
759 4760 1003 4804 1666166
1047 4740 1290 4805 devant
1332 4742 1551 4808 Dieu?

1392 4844 1660 4898 n'mxm.

728 4912 992 4995 Nenny.
1081 4910 1216 4976 061
1259 4932 1343 4975 66
1385 4910 1452 4975 16
1507 4921 1846 4994 recevant,
1902 4913 1952 4977 11
2008 4913 2095 4995 1’6
2149 4913 2503 4978 anneantie

870 5201 928 5269 1)
974 5202 1109 5256 mais
1156 5201 1285 5257 c'est
1321 5198 1692 5266 1561—15633
1740 5202 1874 5257 mais
1922 5202 2069 5258 aussi
2119 5202 2273 5258 1558.

2598 612 2686 677 sit
2727 608 3006 695 passus?

3493 724 3643 761 PUBB.
3893 738 3900 756 ι

2768 780 2850 847 Id
2900 801 3036 845 666
3089 777 3173 844 ad
3226 776 3536 844 historiae
3593 775 3790 841 fidem
3845 773 4038 839 modo
4083 780 4369 857 spectat,
4425 772 4544 839 sed

2597 884 2677 934 ut
2732 867 3014 933 sciamus
3063 869 3343 930 mortem
3395 862 3535 929 eius
3600 861 4016 926 coniunctam
4068 881 4219 929 cum

2599 955 2779 1020 tione
2821 952 3040 1019 fuisse.

3445 1068 3702 1104 mm

2771 1125 3051 1207 Expone
3095 1120 3219 1186 1166
3262 1119 3522 1185 6161166.

3497 1257 3647 1292 Potn-

2772 1312 3074 1377 Mortuus
3114 1318 3229 1388 661,
3276 1314 3353 1372 61
3394 1328 3603 1390 poena
3643 1306 3829 1372 nobis
3875 1306 4116 1375 (1611116,
4136 1311 4255 1385 [fol.
4285 1310 4390 1385 17]
4436 1304 4552 1371 de-

2601 1400 3015 1482 fungeretur,
3074 1408 3270 1478 atque
3341 1394 3463 1459 1166
3515 1392 3707 1458 16οά6
3762 1393 3843 1457 ab
3899 1414 3978 1457 66
4030 1413 4151 1457 666
4208 1392 4548 1457 eximeret.

2602 1483 2827 1566 Quum
2879 1489 3102 1547 autem
3157 1500 3383 1544 omnes
3439 1500 3558 1545 nos
3573 1530 3588 1557 ‚
3649 1478 3838 1544 616611
3887 1484 4259 1561 peccatores
4302 1498 4550 1555 sumus,

2601 1569 2866 1635 obnoxii
2910 1587 3201 1633 essemus
3223 1567 3351 1629 Dei
3393 1564 3646 1641 iudicio,
3692 1584 3820 1647 quo
3861 1564 4068 1629 vicem
4106 1570 4399 1629 nostram
4439 1585 4552 1629 su·

2602 1657 2790 1735 biret,
2828 1654 2970 1719 sisti
3004 1654 3077 1717 in
3097 1662 3516 1736 conspectum
3551 1651 3797 1714 terreni
3834 1649 4068 1715 iudicis
4104 1648 4329 1727 voluit,
4367 1643 4554 1714 dam-

2603 1742 2875 1824 narique
2919 1739 3058 1805 6166
3114 1758 3256 1815 616,
3328 1743 3408 1801 61
3462 1757 3683 1802 661616
3736 1734 3999 1801 66616611
4053 1734 4185 1800 1)61
4237 1733 4555 1801 1111166611

2605 1825 3108 1893 absolveremur.

3447 2029 3702 2065 tumenta.

2639 2148 2644 2154 .
2779 2083 2982 2167 Atqui
3026 2082 3351 2147 insontem
3384 2079 3644 2145 Pilatus
3688 2099 3839 2144 eum
3874 2077 4286 2161 pronunciat:
4333 2079 4559 2163 itaque

2606 2191 2740 2236 non
2784 2167 3057 2235 damnat
3098 2187 3218 2250 pro
3261 2165 3573 2231 malefico.

2651 2302 2662 2321 1
3505 2285 3655 2321 rum!-

2782 2342 3157 2422 Utrumque
3201 2335 3723 2413 animadvertere
3767 2336 4090 2402 convenit.
4179 2333 4337 2402 Ideo
4380 2335 4562 2401 enim

2607 2431 2748 2495 eius
2783 2425 3197 2492 innocentiae
3230 2423 3683 2489 testimonium
3725 2420 3944 2487 reddit
3978 2421 4198 2502 iudex,
4243 2428 4324 2487 ut
4356 2430 4564 2488 testa-

2606 2524 2749 2580 tum
2791 2514 2926 2591 661,
2972 2532 3109 2577 666
3141 2510 3223 2575 ob
3258 2509 3525 2593 propria
3563 2508 3782 2592 ipsum
3825 2507 4147 2574 maleficia
4179 2508 4395 2591 plecti,
4441 2507 4562 2574 sed

2607 2608 2849 2665 nostra.
2921 2596 3193 2663 Solenni
3247 2604 3470 2659 tamen
3519 2594 3653 2658 ritu
3696 2595 3949 2659 interea
3991 2593 4342 2659 damnatur
4384 2594 4561 2661 eius-

2607 2686 2759 2752 dem
2802 2682 3159 2759 sententia,
3205 2688 3284 2746 61
3325 2679 3547 2764 palam
3584 2681 3728 2757 fiat,
3776 2677 4088 2744 iudicium
4131 2679 4304 2764 quod
4347 2701 4562 2746 16616-

2606 2772 2871 2848 bamur,
2916 2776 3233 2851 tanquam
3275 2765 3513 2833 vadem
3555 2772 3861 2832 nostrum
3904 2765 4145 2847 subire,
4189 2787 4317 2850 quo
4359 2788 4476 2833 nos
4520 2787 4564 2832 6

2605 2863 2797 2923 reatu
2838 2854 3089 2921 11116161.

3131 3056 3136 3063 ’
3447 3060 3706 3096 mm.

2782 3113 2967 3178 Bene
3011 3110 3276 3176 dictum.
3363 3109 3539 3175 Nam
3583 3111 3640 3175 si
3675 3117 3973 3194 peccator
4015 3106 4205 3192 esset,
4245 3132 4377 3178 non
4418 3112 4565 3179 ido·

2608 3220 2776 3266 neus
2819 3220 2938 3265 vas
2963 3206 3154 3276 esset,
3202 3196 3287 3261 ad
3321 3194 3702 3263 solvendam
3737 3196 3934 3262 alieni
3968 3198 4217 3281 peccati
4259 3219 4562 3283 poenam.

2607 3287 2703 3353 Ut
2754 3292 2976 3350 tamen
3032 3284 3173 3348 eius
3216 3281 3546 3347 damnatio
3593 3281 3782 3348 nobis
3824 3282 3897 3347 16
3941 3283 4409 3351 61166161166616
4451 3303 4564 3351 66-

2608 3372 2810 3451 deret,
2857 3369 3111 3437 censeri
3153 3389 3306 3434 66111
3350 3369 3526 3433 inter
3567 3367 3900 3435 maleficos
3942 3369 4248 3452 oportuit.

3505 3576 3657 3612 rm.

2784 3628 2898 3694 Sic
2939 3626 3253 3712 intellige.

3466 3747 3724 3783 mlflssss.

2780 3796 2975 3880 Quod
3032 3798 3384 3865 crucifixus
3427 3798 3579 3875 fuit,
3638 3818 3723 3862 66
3767 3797 3914 3881 plus
3968 3798 4170 3864 habet
4220 3801 4568 3881 1116166616,

2607 3906 2806 3970 quam
2851 3885 2907 3949 si
2965 3882 3093 3949 alio
3136 3882 3423 3968 quolibet
3474 3883 3703 3948 mortis
3747 3904 3988 3968 genere
4031 3886 4303 3953 affectus
4342 3886 4516 3952 foret
4529 3886 4567 3950 7

3513 4004 3664 4041 PUER-

2781 4055 3100 4123 Omnino:
3171 4053 3715 4137 quemadmodum
3773 4057 3973 4122 etiam
4027 4056 4334 4123 admonet
4380 4056 4572 4123 Pau-

2608 4142 2733 4222 lus,
2780 4141 2939 4207 dum
2981 4141 3054 4206 in
3093 4140 3272 4224 ligno
3318 4160 3708 4223 suspensum
3751 4143 3993 4221 scribit,
4038 4150 4115 4207 ut
4155 4154 4448 4210 nostram
4489 4144 4570 4209 in

2609 4251 2681 4295 se
2716 4226 3241 4293 maledictionem
3284 4227 3677 4309 susciperet,
3722 4248 3849 4311 quo
3896 4227 3978 4294 ab
4023 4250 4101 4294 66
4134 4229 4566 4296 solveremur.

2611 4313 2843 4381 Genus
2898 4314 3074 4378 66116
3132 4310 3299 4377 illud
3366 4314 3596 4379 mortis
3662 4315 4108 4381 exsecratione
4178 4314 4568 4380 damnatum

2610 4410 2768 4465 erat.
2833 4436 2844 4447 ν

3456 4520 3714 4556 mm&

2781 4568 3001 4650 Quid?
3045 4590 3148 4663 *an
3202 4590 3338 4634 non
3391 4570 3723 4655 irrogatur
3776 4571 3911 4637 filio
3954 4571 4086 4637 Dei
4140 4570 4568 4652 contumelia,

2606 4677 2808 4740 quum
2877 4656 3116 4721 dicitur
3177 4655 3620 4737 maledictioni
3672 4659 3872 4723 fuisse
3926 4657 4284 4737 subiectus,
4355 4657 4568 4723 etiam

2606 4762 2826 4808 coram
2869 4743 3013 4808 Deo
3026 4741 3059 4805 ⁴?
4467 4750 4478 4763 ‘

3506 4864 3657 4900 FUBD·

2779 4914 3075 5015 Minime.
3179 4913 3521 4997 Siquidem
3589 4935 3735 4979 eam
3804 4913 4176 4998 mcipiendo
4238 4914 4563 4981 abolevit:

2579 5203 2642 5270 2)
2686 5202 2768 5259 Le
2804 5202 2853 5257 9.
2891 5202 3190 5257 (1116666116.
3227 5231 3297 5243 -
3330 5204 3486 5259 Iesus
3521 5203 3702 5261 Christ
3735 5204 3864 5262 faict
3897 5205 4111 5263 subiect
4145 5208 4180 5263 ὁ.
4211 5203 4568 5263 maledictioni

559 5285 699 5339 pour
732 5285 868 5325 nous
900 5287 967 5327 en
1003 5268 1251 5325 delivrer.
1291 5297 1357 5307 —
1395 5270 1576 5325 Christ
1612 5267 1878 5324 endurant
1911 5271 1966 5324 16
1999 5279 2158 5339 mort,
2192 5273 2262 5328 l’a
2297 5272 2536 5327 vaineue.
2574 5301 2641 5312 -
2674 5271 2823 5327 Mort
2861 5271 2958 5326 des
2993 5269 3181 5327 fideles
3216 5281 3301 5327 est
3333 5287 3562 5344 passage
3596 5275 3631 5329 6
3663 5273 3718 5328 la
3752 5274 3852 5330 vie.
