<?xml version="1.0" encoding="UTF-8"?>
<!DOCTYPE html PUBLIC "-//W3C//DTD XHTML 1.0 Transitional//EN"
    "http://www.w3.org/TR/xhtml1/DTD/xhtml1-transitional.dtd">
<html xmlns="http://www.w3.org/1999/xhtml" xml:lang="en" lang="en">
 <head>
  <title>
</title>
<meta http-equiv="Content-Type" content="text/html;charset=utf-8" />
  <meta name='ocr-system' content='tesseract 3.04.00' />
  <meta name='ocr-capabilities' content='ocr_page ocr_carea ocr_par ocr_line ocrx_word'/>
</head>
<body>
  <div class='ocr_page' id='page_1' title='image "./ioanniscalvinio02unkngoog_0102.png"; bbox 0 0 4967 5992; ppageno 0'>
   <div class='ocr_carea' id='block_1_1' title="bbox 52 3057 70 4444">
    <p class='ocr_par' dir='ltr' id='par_1_1' title="bbox 52 3057 70 4444">
     <span class='ocr_line' id='line_1_1' title="bbox 52 3057 70 4444; baseline 0 0"><span class='ocrx_word' id='word_1_1' title='bbox 52 3057 70 4444; x_wconf 95' lang='lat' dir='ltr'><strong> </strong></span> 
     </span>
    </p>
   </div>
   <div class='ocr_carea' id='block_1_2' title="bbox 52 4463 90 5737">
    <p class='ocr_par' dir='ltr' id='par_1_2' title="bbox 52 4463 90 5737">
     <span class='ocr_line' id='line_1_2' title="bbox 52 4463 90 5737; textangle 90"><span class='ocrx_word' id='word_1_2' title='bbox 52 5067 90 5737; x_wconf 59' lang='lat' dir='ltr'><strong>mwm*=.</strong></span> <span class='ocrx_word' id='word_1_3' title='bbox 52 4895 82 5038; x_wconf 50' lang='lat' dir='ltr'><strong>&amp;FU-il.</strong></span> <span class='ocrx_word' id='word_1_4' title='bbox 52 4527 83 4880; x_wconf 59' lang='lat' dir='ltr'><strong>mss-</strong></span> <span class='ocrx_word' id='word_1_5' title='bbox 65 4463 74 4500; x_wconf 77' lang='grc'><strong>--</strong></span> 
     </span>
    </p>
   </div>
   <div class='ocr_carea' id='block_1_3' title="bbox 605 327 4589 402">
    <p class='ocr_par' dir='ltr' id='par_1_3' title="bbox 605 327 4589 402">
     <span class='ocr_line' id='line_1_3' title="bbox 605 327 4589 402; baseline -0 -5"><span class='ocrx_word' id='word_1_6' title='bbox 605 333 725 397; x_wconf 76' lang='lat'><strong>12⁷</strong></span> <span class='ocrx_word' id='word_1_7' title='bbox 1898 331 2024 397; x_wconf 77' lang='lat' dir='ltr'><strong>LE</strong></span> <span class='ocrx_word' id='word_1_8' title='bbox 2065 327 2669 402; x_wconf 71' lang='lat' dir='ltr'>OATEOEJSME</span> <span class='ocrx_word' id='word_1_9' title='bbox 2712 329 2841 395; x_wconf 75' lang='lat' dir='ltr'><strong>DE</strong></span> <span class='ocrx_word' id='word_1_10' title='bbox 2887 327 3289 398; x_wconf 68' lang='lat' dir='ltr'><strong>enm.</strong></span> <span class='ocrx_word' id='word_1_11' title='bbox 4474 332 4589 396; x_wconf 85' lang='lat'><strong>128</strong></span> 
     </span>
    </p>
   </div>
   <div class='ocr_carea' id='block_1_4' title="bbox 592 537 2545 3752">
    <p class='ocr_par' dir='ltr' id='par_1_4' title="bbox 592 537 2545 911">
     <span class='ocr_line' id='line_1_4' title="bbox 770 537 2542 672; baseline 0.001 -21"><span class='ocrx_word' id='word_1_12' title='bbox 770 584 989 652; x_wconf 80' lang='lat' dir='ltr'><strong>Voire.</strong></span> <span class='ocrx_word' id='word_1_13' title='bbox 1079 586 1211 653; x_wconf 82' lang='lat' dir='ltr'><strong>Gar</strong></span> <span class='ocrx_word' id='word_1_14' title='bbox 1252 585 1386 653; x_wconf 89' lang='lat' dir='ltr'><strong>lors</strong></span> <span class='ocrx_word' id='word_1_15' title='bbox 1438 537 1849 654; x_wconf 51' lang='lat' dir='ltr'><strong>lomsfaffiifioe</strong></span> <span class='ocrx_word' id='word_1_16' title='bbox 1900 588 2150 672; x_wconf 88' lang='lat' dir='ltr'><strong>unique</strong></span> <span class='ocrx_word' id='word_1_17' title='bbox 2198 595 2267 654; x_wconf 86' lang='lat' dir='ltr'><strong>et</strong></span> <span class='ocrx_word' id='word_1_18' title='bbox 2309 608 2542 671; x_wconf 87' lang='lat' dir='ltr'><strong>perpe-</strong></span> 
     </span>
     <span class='ocr_line' id='line_1_5' title="bbox 594 671 2544 773; baseline 0 -35"><span class='ocrx_word' id='word_1_19' title='bbox 594 672 734 738; x_wconf 89' lang='lat' dir='ltr'><strong>tuel</strong></span> <span class='ocrx_word' id='word_1_20' title='bbox 779 693 818 737; x_wconf 86' lang='lat' dir='ltr'><strong>a</strong></span> <span class='ocrx_word' id='word_1_21' title='bbox 855 679 993 737; x_wconf 79' lang='lat' dir='ltr'><strong>este</strong></span> <span class='ocrx_word' id='word_1_22' title='bbox 1034 671 1191 738; x_wconf 82' lang='lat' dir='ltr'><strong>faict</strong></span> <span class='ocrx_word' id='word_1_23' title='bbox 1239 694 1407 773; x_wconf 81' lang='lat' dir='ltr'><strong>pour</strong></span> <span class='ocrx_word' id='word_1_24' title='bbox 1453 681 1680 739; x_wconf 88' lang='lat' dir='ltr'><strong>nostre</strong></span> <span class='ocrx_word' id='word_1_25' title='bbox 1722 672 2156 757; x_wconf 87' lang='lat' dir='ltr'><strong>redemption:</strong></span> <span class='ocrx_word' id='word_1_26' title='bbox 2202 694 2544 773; x_wconf 73' lang='lat' dir='ltr'><strong>pourquoy</strong></span> 
     </span>
     <span class='ocr_line' id='line_1_6' title="bbox 592 757 2545 845; baseline 0.001 -23"><span class='ocrx_word' id='word_1_27' title='bbox 592 758 643 823; x_wconf 87' lang='grc'><strong>11</strong></span> <span class='ocrx_word' id='word_1_28' title='bbox 685 777 770 822; x_wconf 90' lang='grc'><strong>66</strong></span> <span class='ocrx_word' id='word_1_29' title='bbox 813 763 985 823; x_wconf 84' lang='lat' dir='ltr'><strong>reste</strong></span> <span class='ocrx_word' id='word_1_30' title='bbox 1028 757 1178 841; x_wconf 90' lang='lat' dir='ltr'><strong>plus</strong></span> <span class='ocrx_word' id='word_1_31' title='bbox 1219 779 1410 824; x_wconf 91' lang='grc'><strong>61666</strong></span> <span class='ocrx_word' id='word_1_32' title='bbox 1453 780 1581 843; x_wconf 90' lang='grc'><strong>(166</strong></span> <span class='ocrx_word' id='word_1_33' title='bbox 1624 781 1791 826; x_wconf 87' lang='grc'><strong>6666</strong></span> <span class='ocrx_word' id='word_1_34' title='bbox 1834 781 1918 825; x_wconf 91' lang='grc'><strong>66</strong></span> <span class='ocrx_word' id='word_1_35' title='bbox 1961 781 2167 845; x_wconf 80' lang='lat' dir='ltr'><strong>ayons</strong></span> <span class='ocrx_word' id='word_1_36' title='bbox 2209 760 2277 826; x_wconf 93' lang='lat' dir='ltr'><strong>la</strong></span> <span class='ocrx_word' id='word_1_37' title='bbox 2317 779 2545 844; x_wconf 79' lang='lat' dir='ltr'><strong>iouys·</strong></span> 
     </span>
     <span class='ocr_line' id='line_1_7' title="bbox 594 861 808 911; baseline -0.014 1"><span class='ocrx_word' id='word_1_38' title='bbox 594 861 808 911; x_wconf 71' lang='grc'><strong>881106.</strong></span> 
     </span>
    </p>

    <p class='ocr_par' dir='ltr' id='par_1_5' title="bbox 594 966 2541 1185">
     <span class='ocr_line' id='line_1_8' title="bbox 765 966 2541 1099; baseline 0.001 -18"><span class='ocrx_word' id='word_1_39' title='bbox 765 976 870 1081; x_wconf 64' lang='lat' dir='ltr'><strong>La</strong></span> <span class='ocrx_word' id='word_1_40' title='bbox 924 1014 1104 1081; x_wconf 87' lang='grc'><strong>0666</strong></span> <span class='ocrx_word' id='word_1_41' title='bbox 1156 1014 1321 1082; x_wconf 89' lang='grc'><strong>(1666</strong></span> <span class='ocrx_word' id='word_1_42' title='bbox 1380 966 1747 1099; x_wconf 48' lang='lat' dir='ltr'><strong>ffeffssss‘</strong></span> <span class='ocrx_word' id='word_1_43' title='bbox 1781 1015 2098 1082; x_wconf 79' lang='lat' dir='ltr'><strong>institues</strong></span> <span class='ocrx_word' id='word_1_44' title='bbox 2157 1035 2323 1099; x_wconf 89' lang='lat' dir='ltr'><strong>pour</strong></span> <span class='ocrx_word' id='word_1_45' title='bbox 2378 1015 2541 1082; x_wconf 87' lang='lat' dir='ltr'><strong>faire</strong></span> 
     </span>
     <span class='ocr_line' id='line_1_9' title="bbox 594 1099 2475 1185; baseline -0.001 -17"><span class='ocrx_word' id='word_1_46' title='bbox 594 1123 726 1168; x_wconf 88' lang='lat' dir='ltr'><strong>une</strong></span> <span class='ocrx_word' id='word_1_47' title='bbox 766 1100 1053 1167; x_wconf 76' lang='lat' dir='ltr'><strong>oblation</strong></span> <span class='ocrx_word' id='word_1_48' title='bbox 1097 1099 1186 1166; x_wconf 92' lang='lat' dir='ltr'><strong>du</strong></span> <span class='ocrx_word' id='word_1_49' title='bbox 1229 1122 1418 1185; x_wconf 87' lang='lat' dir='ltr'><strong>corps</strong></span> <span class='ocrx_word' id='word_1_50' title='bbox 1464 1100 1544 1165; x_wconf 86' lang='lat' dir='ltr'><strong>do</strong></span> <span class='ocrx_word' id='word_1_51' title='bbox 1587 1102 1775 1167; x_wconf 90' lang='lat' dir='ltr'><strong>Iesus</strong></span> <span class='ocrx_word' id='word_1_52' title='bbox 1819 1109 1861 1166; x_wconf 81' lang='grc'><strong>6</strong></span> <span class='ocrx_word' id='word_1_53' title='bbox 1903 1103 2079 1168; x_wconf 86' lang='grc'><strong>1)166</strong></span> <span class='ocrx_word' id='word_1_54' title='bbox 2122 1123 2245 1168; x_wconf 88' lang='grc'><strong>666</strong></span> <span class='ocrx_word' id='word_1_55' title='bbox 2284 1102 2475 1167; x_wconf 80' lang='lat' dir='ltr'><strong>Pei-e.</strong></span> 
     </span>
    </p>

    <p class='ocr_par' dir='ltr' id='par_1_6' title="bbox 592 1222 2541 1781">
     <span class='ocr_line' id='line_1_10' title="bbox 762 1222 2539 1356; baseline -0.001 -18"><span class='ocrx_word' id='word_1_56' title='bbox 762 1272 931 1338; x_wconf 88' lang='lat' dir='ltr'><strong>Non.</strong></span> <span class='ocrx_word' id='word_1_57' title='bbox 1021 1270 1156 1338; x_wconf 83' lang='lat' dir='ltr'><strong>Car</strong></span> <span class='ocrx_word' id='word_1_58' title='bbox 1194 1272 1243 1337; x_wconf 93' lang='lat' dir='ltr'><strong>il</strong></span> <span class='ocrx_word' id='word_1_59' title='bbox 1297 1276 1411 1356; x_wconf 82' lang='lat' dir='ltr'><strong>n’y</strong></span> <span class='ocrx_word' id='word_1_60' title='bbox 1437 1222 1826 1356; x_wconf 30' lang='grc' dir='ltr'><strong>Ῑῐ’(Ξιῗῗιιῗὲἶ16)(</strong></span> <span class='ocrx_word' id='word_1_61' title='bbox 1867 1272 2010 1340; x_wconf 90' lang='grc'><strong>6661</strong></span> <span class='ocrx_word' id='word_1_62' title='bbox 2053 1280 2095 1337; x_wconf 76' lang='lat' dir='ltr'><strong>a</strong></span> <span class='ocrx_word' id='word_1_63' title='bbox 2138 1273 2250 1355; x_wconf 90' lang='lat' dir='ltr'><strong>qui</strong></span> <span class='ocrx_word' id='word_1_64' title='bbox 2305 1293 2539 1355; x_wconf 86' lang='lat' dir='ltr'><strong>appar-</strong></span> 
     </span>
     <span class='ocr_line' id='line_1_11' title="bbox 593 1357 2538 1509; baseline -0.002 -83"><span class='ocrx_word' id='word_1_65' title='bbox 593 1359 818 1426; x_wconf 79' lang='lat' dir='ltr'><strong>tienne</strong></span> <span class='ocrx_word' id='word_1_66' title='bbox 860 1364 998 1424; x_wconf 86' lang='lat' dir='ltr'><strong>cest</strong></span> <span class='ocrx_word' id='word_1_67' title='bbox 1030 1359 1235 1436; x_wconf 84' lang='lat' dir='ltr'><strong>office,</strong></span> <span class='ocrx_word' id='word_1_68' title='bbox 1272 1365 1501 1456; x_wconf 80' lang='lat' dir='ltr'><strong>entant</strong></span> <span class='ocrx_word' id='word_1_69' title='bbox 1536 1357 1691 1507; x_wconf 69' lang='lat' dir='ltr'><strong>qiili’il</strong></span> <span class='ocrx_word' id='word_1_70' title='bbox 1726 1366 1829 1422; x_wconf 88' lang='lat' dir='ltr'><strong>est</strong></span> <span class='ocrx_word' id='word_1_71' title='bbox 1861 1357 2538 1509; x_wconf 52' lang='lat' dir='ltr'><strong>Sacrificatgursgffig:</strong></span> 
     </span>
     <span class='ocr_line' id='line_1_12' title="bbox 592 1443 2541 1612; baseline 0 -19"><span class='ocrx_word' id='word_1_72' title='bbox 592 1443 862 1594; x_wconf 44' lang='grc'><strong>1111161111</strong></span> <span class='ocrx_word' id='word_1_73' title='bbox 843 1444 941 1594; x_wconf 55' lang='lat' dir='ltr'><strong>(fel)</strong></span> <span class='ocrx_word' id='word_1_74' title='bbox 942 1444 1282 1595; x_wconf 55' lang='grc' dir='ltr'><strong>Γ16ῗῖθὲὲ11·</strong></span> <span class='ocrx_word' id='word_1_75' title='bbox 1336 1444 1511 1592; x_wconf 46' lang='lat'>{3118</span> <span class='ocrx_word' id='word_1_76' title='bbox 1530 1463 2100 1611; x_wconf 58' lang='grc' dir='ltr'><strong>6616ῑὲῗῠ8610011-611Π</strong></span> <span class='ocrx_word' id='word_1_77' title='bbox 2105 1465 2273 1612; x_wconf 54' lang='lat' dir='ltr'><strong>agas?</strong></span> <span class='ocrx_word' id='word_1_78' title='bbox 2310 1528 2541 1594; x_wconf 86' lang='lat' dir='ltr'><strong>l’offrir</strong></span> 
     </span>
     <span class='ocr_line' id='line_1_13' title="bbox 594 1614 1781 1781; baseline 0 -101"><span class='ocrx_word' id='word_1_79' title='bbox 594 1614 865 1701; x_wconf 81' lang='lat' dir='ltr'><strong>(Matth.</strong></span> <span class='ocrx_word' id='word_1_80' title='bbox 905 1616 1005 1692; x_wconf 88' lang='lat'><strong>26,</strong></span> <span class='ocrx_word' id='word_1_81' title='bbox 1045 1615 1174 1695; x_wconf 88' lang='lat'>26).</span> <span class='ocrx_word' id='word_1_82' title='bbox 1362 1734 1429 1768; x_wconf 70' lang='lat' dir='ltr'><strong>m</strong></span> <span class='ocrx_word' id='word_1_83' title='bbox 1461 1717 1781 1781; x_wconf 55' lang='lat' dir='ltr'><strong>unumst)</strong></span> 
     </span>
    </p>

    <p class='ocr_par' dir='ltr' id='par_1_7' title="bbox 767 1784 2536 1870">
     <span class='ocr_line' id='line_1_14' title="bbox 767 1784 2536 1870; baseline -0.001 -19"><span class='ocrx_word' id='word_1_84' title='bbox 767 1791 885 1867; x_wconf 79' lang='lat' dir='ltr'><strong>[fol.</strong></span> <span class='ocrx_word' id='word_1_85' title='bbox 910 1791 1016 1865; x_wconf 82' lang='lat'><strong>65]</strong></span> <span class='ocrx_word' id='word_1_86' title='bbox 1051 1786 1408 1868; x_wconf 88' lang='lat' dir='ltr'><strong>Pourquoy</strong></span> <span class='ocrx_word' id='word_1_87' title='bbox 1443 1792 1649 1850; x_wconf 88' lang='lat' dir='ltr'><strong>est-ce</strong></span> <span class='ocrx_word' id='word_1_88' title='bbox 1684 1784 1838 1868; x_wconf 87' lang='lat' dir='ltr'><strong>qu&#39;il</strong></span> <span class='ocrx_word' id='word_1_89' title='bbox 1871 1809 1917 1870; x_wconf 78' lang='lat' dir='ltr'>y</span> <span class='ocrx_word' id='word_1_90' title='bbox 1953 1807 1994 1851; x_wconf 93' lang='lat' dir='ltr'><strong>a</strong></span> <span class='ocrx_word' id='word_1_91' title='bbox 2027 1784 2261 1851; x_wconf 89' lang='lat' dir='ltr'><strong>double</strong></span> <span class='ocrx_word' id='word_1_92' title='bbox 2303 1785 2536 1869; x_wconf 79' lang='lat' dir='ltr'><strong>signe?</strong></span> 
     </span>
    </p>

    <p class='ocr_par' dir='ltr' id='par_1_8' title="bbox 594 1887 2541 2384">
     <span class='ocr_line' id='line_1_15' title="bbox 764 1887 2536 2040; baseline 0.001 -19"><span class='ocrx_word' id='word_1_93' title='bbox 764 1957 1003 2022; x_wconf 87' lang='lat' dir='ltr'><strong>Nostre</strong></span> <span class='ocrx_word' id='word_1_94' title='bbox 1047 1954 1372 2040; x_wconf 81' lang='lat' dir='ltr'><strong>Seigneur</strong></span> <span class='ocrx_word' id='word_1_95' title='bbox 1410 1887 1697 2022; x_wconf 42' lang='lat' dir='ltr'><strong>llamifaAilgz&#39;</strong></span> <span class='ocrx_word' id='word_1_96' title='bbox 1734 1977 1900 2038; x_wconf 90' lang='lat' dir='ltr'><strong>pour</strong></span> <span class='ocrx_word' id='word_1_97' title='bbox 1932 1962 2153 2021; x_wconf 87' lang='lat' dir='ltr'><strong>nostre</strong></span> <span class='ocrx_word' id='word_1_98' title='bbox 2196 1956 2536 2022; x_wconf 72' lang='lat' dir='ltr'><strong>infir-mite:</strong></span> 
     </span>
     <span class='ocr_line' id='line_1_16' title="bbox 594 2041 2540 2125; baseline -0.001 -16"><span class='ocrx_word' id='word_1_99' title='bbox 594 2044 726 2109; x_wconf 88' lang='lat' dir='ltr'><strong>afin</strong></span> <span class='ocrx_word' id='word_1_100' title='bbox 774 2041 854 2108; x_wconf 90' lang='grc'><strong>(16</strong></span> <span class='ocrx_word' id='word_1_101' title='bbox 896 2064 1060 2107; x_wconf 92' lang='lat' dir='ltr'><strong>nous</strong></span> <span class='ocrx_word' id='word_1_102' title='bbox 1105 2041 1355 2106; x_wconf 81' lang='lat' dir='ltr'><strong>donner</strong></span> <span class='ocrx_word' id='word_1_103' title='bbox 1397 2048 1440 2106; x_wconf 82' lang='grc'><strong>6</strong></span> <span class='ocrx_word' id='word_1_104' title='bbox 1504 2044 1917 2124; x_wconf 82' lang='lat' dir='ltr'><strong>congnoistre</strong></span> <span class='ocrx_word' id='word_1_105' title='bbox 1960 2062 2087 2125; x_wconf 86' lang='lat' dir='ltr'><strong>que</strong></span> <span class='ocrx_word' id='word_1_106' title='bbox 2139 2060 2272 2106; x_wconf 91' lang='lat' dir='ltr'><strong>non</strong></span> <span class='ocrx_word' id='word_1_107' title='bbox 2329 2042 2540 2107; x_wconf 88' lang='lat' dir='ltr'><strong>seule-</strong></span> 
     </span>
     <span class='ocr_line' id='line_1_17' title="bbox 594 2127 2541 2207; baseline -0.001 -13"><span class='ocrx_word' id='word_1_108' title='bbox 594 2139 781 2194; x_wconf 86' lang='lat' dir='ltr'><strong>ment</strong></span> <span class='ocrx_word' id='word_1_109' title='bbox 833 2127 881 2192; x_wconf 91' lang='lat' dir='ltr'><strong>il</strong></span> <span class='ocrx_word' id='word_1_110' title='bbox 937 2134 1038 2194; x_wconf 84' lang='lat' dir='ltr'><strong>est</strong></span> <span class='ocrx_word' id='word_1_111' title='bbox 1091 2127 1330 2193; x_wconf 78' lang='lat' dir='ltr'><strong>viande</strong></span> <span class='ocrx_word' id='word_1_112' title='bbox 1374 2135 1416 2193; x_wconf 79' lang='lat' dir='ltr'><strong>a</strong></span> <span class='ocrx_word' id='word_1_113' title='bbox 1471 2147 1589 2191; x_wconf 70' lang='grc'><strong>666</strong></span> <span class='ocrx_word' id='word_1_114' title='bbox 1634 2147 1846 2207; x_wconf 87' lang='grc'><strong>61666,</strong></span> <span class='ocrx_word' id='word_1_115' title='bbox 1903 2128 2071 2193; x_wconf 90' lang='lat' dir='ltr'><strong>mais</strong></span> <span class='ocrx_word' id='word_1_116' title='bbox 2128 2127 2307 2193; x_wconf 85' lang='lat' dir='ltr'><strong>aussi</strong></span> <span class='ocrx_word' id='word_1_117' title='bbox 2348 2128 2541 2193; x_wconf 88' lang='lat' dir='ltr'><strong>breu-</strong></span> 
     </span>
     <span class='ocr_line' id='line_1_18' title="bbox 596 2212 2540 2298; baseline -0.002 -16"><span class='ocrx_word' id='word_1_118' title='bbox 596 2231 795 2298; x_wconf 81' lang='lat' dir='ltr'><strong>vage:</strong></span> <span class='ocrx_word' id='word_1_119' title='bbox 838 2216 972 2279; x_wconf 85' lang='lat' dir='ltr'><strong>afin</strong></span> <span class='ocrx_word' id='word_1_120' title='bbox 1014 2233 1141 2296; x_wconf 87' lang='lat' dir='ltr'><strong>que</strong></span> <span class='ocrx_word' id='word_1_121' title='bbox 1182 2233 1352 2279; x_wconf 87' lang='lat' dir='ltr'><strong>nous</strong></span> <span class='ocrx_word' id='word_1_122' title='bbox 1391 2212 1775 2278; x_wconf 91' lang='lat' dir='ltr'><strong>cherchions</strong></span> <span class='ocrx_word' id='word_1_123' title='bbox 1811 2233 1891 2277; x_wconf 92' lang='lat' dir='ltr'><strong>en</strong></span> <span class='ocrx_word' id='word_1_124' title='bbox 1934 2213 2052 2298; x_wconf 83' lang='lat' dir='ltr'><strong>luy</strong></span> <span class='ocrx_word' id='word_1_125' title='bbox 2087 2225 2306 2279; x_wconf 82' lang='lat' dir='ltr'><strong>nostre</strong></span> <span class='ocrx_word' id='word_1_126' title='bbox 2340 2235 2540 2278; x_wconf 88' lang='lat' dir='ltr'><strong>nour·</strong></span> 
     </span>
     <span class='ocr_line' id='line_1_19' title="bbox 594 2298 2095 2384; baseline 0 -20"><span class='ocrx_word' id='word_1_127' title='bbox 594 2301 803 2365; x_wconf 84' lang='lat' dir='ltr'><strong>riture</strong></span> <span class='ocrx_word' id='word_1_128' title='bbox 843 2299 1061 2384; x_wconf 91' lang='lat' dir='ltr'><strong>pleine</strong></span> <span class='ocrx_word' id='word_1_129' title='bbox 1105 2306 1172 2365; x_wconf 82' lang='lat' dir='ltr'><strong>et</strong></span> <span class='ocrx_word' id='word_1_130' title='bbox 1213 2300 1480 2378; x_wconf 84' lang='lat' dir='ltr'><strong>entiere,</strong></span> <span class='ocrx_word' id='word_1_131' title='bbox 1524 2306 1594 2363; x_wconf 90' lang='lat' dir='ltr'><strong>et</strong></span> <span class='ocrx_word' id='word_1_132' title='bbox 1634 2319 1769 2363; x_wconf 91' lang='lat' dir='ltr'><strong>non</strong></span> <span class='ocrx_word' id='word_1_133' title='bbox 1813 2298 2095 2364; x_wconf 79' lang='lat' dir='ltr'><strong>ailleurs.</strong></span> 
     </span>
    </p>

    <p class='ocr_par' dir='ltr' id='par_1_9' title="bbox 593 2419 2544 2641">
     <span class='ocr_line' id='line_1_20' title="bbox 766 2419 2544 2556; baseline -0.001 -20"><span class='ocrx_word' id='word_1_134' title='bbox 766 2471 944 2536; x_wconf 71' lang='lat' dir='ltr'><strong>&#39;sous</strong></span> <span class='ocrx_word' id='word_1_135' title='bbox 987 2419 2183 2556; x_wconf 49' lang='lat' dir='ltr'><strong>doyvent-ilzuusslmffiifferemment</strong></span> <span class='ocrx_word' id='word_1_136' title='bbox 2216 2469 2297 2535; x_wconf 96' lang='grc'><strong>(16</strong></span> <span class='ocrx_word' id='word_1_137' title='bbox 2331 2490 2406 2535; x_wconf 89' lang='grc'><strong>66</strong></span> <span class='ocrx_word' id='word_1_138' title='bbox 2440 2490 2544 2535; x_wconf 91' lang='lat' dir='ltr'><strong>se·</strong></span> 
     </span>
     <span class='ocr_line' id='line_1_21' title="bbox 593 2553 1770 2641; baseline -0.006 -17"><span class='ocrx_word' id='word_1_139' title='bbox 593 2555 761 2624; x_wconf 86' lang='lat' dir='ltr'><strong>cond</strong></span> <span class='ocrx_word' id='word_1_140' title='bbox 802 2556 1009 2641; x_wconf 81' lang='lat' dir='ltr'><strong>signe,</strong></span> <span class='ocrx_word' id='word_1_141' title='bbox 1056 2555 1349 2622; x_wconf 84' lang='lat' dir='ltr'><strong>assavoir</strong></span> <span class='ocrx_word' id='word_1_142' title='bbox 1391 2554 1481 2620; x_wconf 89' lang='lat' dir='ltr'><strong>du</strong></span> <span class='ocrx_word' id='word_1_143' title='bbox 1525 2553 1770 2620; x_wconf 83' lang='lat' dir='ltr'><strong>calice?</strong></span> 
     </span>
    </p>

    <p class='ocr_par' dir='ltr' id='par_1_10' title="bbox 594 2675 2541 2896">
     <span class='ocr_line' id='line_1_22' title="bbox 766 2675 2541 2811; baseline -0.002 -18"><span class='ocrx_word' id='word_1_144' title='bbox 766 2727 949 2811; x_wconf 83' lang='lat' dir='ltr'><strong>Ouy:</strong></span> <span class='ocrx_word' id='word_1_145' title='bbox 1008 2725 1189 2792; x_wconf 88' lang='lat' dir='ltr'><strong>selon</strong></span> <span class='ocrx_word' id='word_1_146' title='bbox 1231 2724 1294 2791; x_wconf 92' lang='grc'><strong>16</strong></span> <span class='ocrx_word' id='word_1_147' title='bbox 1337 2675 1905 2792; x_wconf 47' lang='lat' dir='ltr'><strong>corhffllahndrement</strong></span> <span class='ocrx_word' id='word_1_148' title='bbox 1945 2723 2025 2790; x_wconf 91' lang='lat' dir='ltr'><strong>de</strong></span> <span class='ocrx_word' id='word_1_149' title='bbox 2067 2723 2257 2792; x_wconf 89' lang='lat' dir='ltr'><strong>Iesus</strong></span> <span class='ocrx_word' id='word_1_150' title='bbox 2294 2725 2541 2804; x_wconf 79' lang='lat' dir='ltr'>Christ,</span> 
     </span>
     <span class='ocr_line' id='line_1_23' title="bbox 594 2811 2372 2896; baseline -0.002 -16"><span class='ocrx_word' id='word_1_151' title='bbox 594 2820 819 2881; x_wconf 86' lang='lat' dir='ltr'><strong>contre</strong></span> <span class='ocrx_word' id='word_1_152' title='bbox 851 2812 1072 2896; x_wconf 86' lang='lat' dir='ltr'><strong>lequel</strong></span> <span class='ocrx_word' id='word_1_153' title='bbox 1114 2811 1164 2876; x_wconf 92' lang='lat' dir='ltr'><strong>il</strong></span> <span class='ocrx_word' id='word_1_154' title='bbox 1203 2813 1375 2877; x_wconf 89' lang='lat' dir='ltr'><strong>n’est</strong></span> <span class='ocrx_word' id='word_1_155' title='bbox 1417 2811 1591 2875; x_wconf 89' lang='lat' dir='ltr'><strong>licite</strong></span> <span class='ocrx_word' id='word_1_156' title='bbox 1635 2811 1715 2876; x_wconf 91' lang='lat' dir='ltr'><strong>de</strong></span> <span class='ocrx_word' id='word_1_157' title='bbox 1758 2812 1903 2876; x_wconf 89' lang='lat' dir='ltr'><strong>rien</strong></span> <span class='ocrx_word' id='word_1_158' title='bbox 1947 2819 2251 2877; x_wconf 81' lang='lat' dir='ltr'><strong>attenter.</strong></span> <span class='ocrx_word' id='word_1_159' title='bbox 2371 2843 2372 2846; x_wconf 36' lang='lat'>¹</span> 
     </span>
    </p>

    <p class='ocr_par' dir='ltr' id='par_1_11' title="bbox 592 2931 2541 3241">
     <span class='ocr_line' id='line_1_24' title="bbox 763 2931 2541 3066; baseline 0 -17"><span class='ocrx_word' id='word_1_160' title='bbox 763 2984 1194 3049; x_wconf 83' lang='lat' dir='ltr'><strong>Avons-nous</strong></span> <span class='ocrx_word' id='word_1_161' title='bbox 1258 3003 1342 3047; x_wconf 91' lang='lat' dir='ltr'><strong>en</strong></span> <span class='ocrx_word' id='word_1_162' title='bbox 1395 2932 1476 3046; x_wconf 62' lang='lat'><strong>⁵12</strong></span> <span class='ocrx_word' id='word_1_163' title='bbox 1495 2931 1754 3047; x_wconf 44' lang='lat' dir='ltr'><strong>unga-luen.</strong></span> <span class='ocrx_word' id='word_1_164' title='bbox 1801 2982 2220 3066; x_wconf 86' lang='lat' dir='ltr'><strong>simplement</strong></span> <span class='ocrx_word' id='word_1_165' title='bbox 2279 2982 2345 3047; x_wconf 93' lang='grc'><strong>16</strong></span> <span class='ocrx_word' id='word_1_166' title='bbox 2408 2995 2541 3049; x_wconf 91' lang='lat' dir='ltr'><strong>tes-</strong></span> 
     </span>
     <span class='ocr_line' id='line_1_25' title="bbox 592 3065 2540 3241; baseline 0.002 -109"><span class='ocrx_word' id='word_1_167' title='bbox 592 3067 1162 3241; x_wconf 44' lang='lat' dir='ltr'><strong>razignffiyednegn</strong></span> <span class='ocrx_word' id='word_1_168' title='bbox 1163 3067 1413 3219; x_wconf 45' lang='lat'><strong>5133!</strong></span> <span class='ocrx_word' id='word_1_169' title='bbox 1414 3065 1928 3219; x_wconf 51' lang='grc' dir='ltr'><strong>ὁἑ186ἳ6666ᾱ16166,</strong></span> <span class='ocrx_word' id='word_1_170' title='bbox 2001 3091 2086 3134; x_wconf 91' lang='lat' dir='ltr'><strong>ou</strong></span> <span class='ocrx_word' id='word_1_171' title='bbox 2152 3069 2210 3134; x_wconf 88' lang='lat' dir='ltr'><strong>si</strong></span> <span class='ocrx_word' id='word_1_172' title='bbox 2271 3068 2429 3135; x_wconf 88' lang='lat' dir='ltr'><strong>elles</strong></span> <span class='ocrx_word' id='word_1_173' title='bbox 2494 3092 2540 3153; x_wconf 79' lang='lat' dir='ltr'><strong>y</strong></span> 
     </span>
    </p>

    <p class='ocr_par' dir='ltr' id='par_1_12' title="bbox 593 3275 2542 3752">
     <span class='ocr_line' id='line_1_26' title="bbox 763 3275 2540 3408; baseline -0.001 -17"><span class='ocrx_word' id='word_1_174' title='bbox 763 3325 1020 3391; x_wconf 84' lang='lat' dir='ltr'><strong>Entant</strong></span> <span class='ocrx_word' id='word_1_175' title='bbox 1073 3344 1197 3408; x_wconf 92' lang='grc'><strong>(166</strong></span> <span class='ocrx_word' id='word_1_176' title='bbox 1250 3276 1469 3390; x_wconf 57' lang='lat' dir='ltr'><strong>IesusL</strong></span> <span class='ocrx_word' id='word_1_177' title='bbox 1482 3275 1720 3392; x_wconf 55' lang='lat' dir='ltr'><strong>ffiffit</strong></span> <span class='ocrx_word' id='word_1_178' title='bbox 1783 3331 1885 3391; x_wconf 90' lang='lat' dir='ltr'><strong>est</strong></span> <span class='ocrx_word' id='word_1_179' title='bbox 1935 3324 2002 3390; x_wconf 93' lang='lat' dir='ltr'><strong>la</strong></span> <span class='ocrx_word' id='word_1_180' title='bbox 2055 3327 2295 3405; x_wconf 79' lang='lat' dir='ltr'><strong>verite,</strong></span> <span class='ocrx_word' id='word_1_181' title='bbox 2351 3326 2400 3389; x_wconf 93' lang='lat' dir='ltr'><strong>il</strong></span> <span class='ocrx_word' id='word_1_182' title='bbox 2450 3345 2540 3390; x_wconf 89' lang='grc'><strong>66</strong></span> 
     </span>
     <span class='ocr_line' id='line_1_27' title="bbox 594 3408 2537 3495; baseline 0 -18"><span class='ocrx_word' id='word_1_183' title='bbox 594 3410 763 3477; x_wconf 79' lang='lat' dir='ltr'><strong>fault</strong></span> <span class='ocrx_word' id='word_1_184' title='bbox 805 3408 1081 3476; x_wconf 85' lang='lat' dir='ltr'><strong>doubter</strong></span> <span class='ocrx_word' id='word_1_185' title='bbox 1116 3430 1241 3494; x_wconf 89' lang='grc'><strong>(166</strong></span> <span class='ocrx_word' id='word_1_186' title='bbox 1279 3409 1375 3476; x_wconf 90' lang='grc'><strong>166</strong></span> <span class='ocrx_word' id='word_1_187' title='bbox 1411 3431 1778 3494; x_wconf 88' lang='lat' dir='ltr'><strong>promesses</strong></span> <span class='ocrx_word' id='word_1_188' title='bbox 1812 3412 1970 3495; x_wconf 89' lang='lat' dir='ltr'><strong>qu’il</strong></span> <span class='ocrx_word' id='word_1_189' title='bbox 2008 3412 2128 3476; x_wconf 79' lang='lat' dir='ltr'><strong>fait</strong></span> <span class='ocrx_word' id='word_1_190' title='bbox 2161 3420 2203 3478; x_wconf 79' lang='lat' dir='ltr'><strong>a</strong></span> <span class='ocrx_word' id='word_1_191' title='bbox 2236 3411 2304 3476; x_wconf 94' lang='grc'><strong>16</strong></span> <span class='ocrx_word' id='word_1_192' title='bbox 2337 3412 2537 3492; x_wconf 84' lang='lat' dir='ltr'><strong>Cene,</strong></span> 
     </span>
     <span class='ocr_line' id='line_1_28' title="bbox 593 3495 2541 3597; baseline -0.001 -34"><span class='ocrx_word' id='word_1_193' title='bbox 593 3496 661 3563; x_wconf 83' lang='lat' dir='ltr'><strong>n’</strong></span> <span class='ocrx_word' id='word_1_194' title='bbox 754 3503 989 3597; x_wconf 77' lang='lat' dir='ltr'><strong>soyent</strong></span> <span class='ocrx_word' id='word_1_195' title='bbox 1030 3496 1445 3597; x_wconf 81' lang='lat' dir='ltr'><strong>accomplies:</strong></span> <span class='ocrx_word' id='word_1_196' title='bbox 1490 3504 1559 3561; x_wconf 85' lang='lat' dir='ltr'><strong>et</strong></span> <span class='ocrx_word' id='word_1_197' title='bbox 1602 3517 1727 3597; x_wconf 78' lang='grc'><strong>(166</strong></span> <span class='ocrx_word' id='word_1_198' title='bbox 1771 3518 1845 3563; x_wconf 92' lang='grc'><strong>66</strong></span> <span class='ocrx_word' id='word_1_199' title='bbox 1880 3498 2037 3581; x_wconf 88' lang='lat' dir='ltr'><strong>qu&#39;il</strong></span> <span class='ocrx_word' id='word_1_200' title='bbox 2077 3519 2125 3581; x_wconf 84' lang='lat' dir='ltr'><strong>y</strong></span> <span class='ocrx_word' id='word_1_201' title='bbox 2158 3495 2388 3583; x_wconf 81' lang='lat' dir='ltr'><strong>figure,</strong></span> <span class='ocrx_word' id='word_1_202' title='bbox 2424 3501 2541 3582; x_wconf 82' lang='lat' dir='ltr'><strong>n’y</strong></span> 
     </span>
     <span class='ocr_line' id='line_1_29' title="bbox 595 3582 2540 3684; baseline 0 -36"><span class='ocrx_word' id='word_1_203' title='bbox 595 3591 725 3648; x_wconf 80' lang='lat' dir='ltr'><strong>soit</strong></span> <span class='ocrx_word' id='word_1_204' title='bbox 765 3583 1009 3683; x_wconf 61' lang='lat' dir='ltr'><strong>ver-ifle.</strong></span> <span class='ocrx_word' id='word_1_205' title='bbox 1072 3583 1310 3674; x_wconf 45' lang='grc' dir='ltr'><strong>-Δ1661,</strong></span> <span class='ocrx_word' id='word_1_206' title='bbox 1356 3582 1540 3649; x_wconf 89' lang='grc'><strong>66166</strong></span> <span class='ocrx_word' id='word_1_207' title='bbox 1582 3584 1742 3683; x_wconf 77' lang='grc'><strong>(111’11</strong></span> <span class='ocrx_word' id='word_1_208' title='bbox 1786 3584 1848 3649; x_wconf 92' lang='grc'><strong>16</strong></span> <span class='ocrx_word' id='word_1_209' title='bbox 1907 3594 2164 3667; x_wconf 89' lang='lat' dir='ltr'><strong>promet</strong></span> <span class='ocrx_word' id='word_1_210' title='bbox 2206 3592 2278 3648; x_wconf 87' lang='lat' dir='ltr'><strong>et</strong></span> <span class='ocrx_word' id='word_1_211' title='bbox 2317 3604 2540 3684; x_wconf 37' lang='lat' dir='ltr'><strong>rep-re-</strong></span> 
     </span>
     <span class='ocr_line' id='line_1_30' title="bbox 594 3667 2542 3752; baseline 0 -17"><span class='ocrx_word' id='word_1_212' title='bbox 594 3675 812 3745; x_wconf 76' lang='lat' dir='ltr'><strong>sente,</strong></span> <span class='ocrx_word' id='word_1_213' title='bbox 856 3689 918 3732; x_wconf 90' lang='grc'><strong>16</strong></span> <span class='ocrx_word' id='word_1_214' title='bbox 960 3688 1044 3733; x_wconf 90' lang='grc'><strong>66</strong></span> <span class='ocrx_word' id='word_1_215' title='bbox 1089 3667 1326 3733; x_wconf 90' lang='lat' dir='ltr'><strong>doubte</strong></span> <span class='ocrx_word' id='word_1_216' title='bbox 1377 3690 1498 3752; x_wconf 86' lang='lat' dir='ltr'><strong>pas</strong></span> <span class='ocrx_word' id='word_1_217' title='bbox 1543 3668 1700 3751; x_wconf 81' lang='lat' dir='ltr'><strong>qu&#39;il</strong></span> <span class='ocrx_word' id='word_1_218' title='bbox 1743 3690 1832 3733; x_wconf 91' lang='lat' dir='ltr'><strong>ne</strong></span> <span class='ocrx_word' id='word_1_219' title='bbox 1873 3690 2038 3735; x_wconf 91' lang='lat' dir='ltr'><strong>nous</strong></span> <span class='ocrx_word' id='word_1_220' title='bbox 2091 3670 2231 3735; x_wconf 86' lang='lat' dir='ltr'><strong>face</strong></span> <span class='ocrx_word' id='word_1_221' title='bbox 2274 3681 2542 3752; x_wconf 78' lang='lat' dir='ltr'><strong>partici-</strong></span> 
     </span>
    </p>
   </div>
   <div class='ocr_carea' id='block_1_5' title="bbox 491 3752 2540 3839">
    <p class='ocr_par' dir='ltr' id='par_1_13' title="bbox 491 3752 2540 3839">
     <span class='ocr_line' id='line_1_31' title="bbox 491 3752 2540 3839; baseline 0.002 -22"><span class='ocrx_word' id='word_1_222' title='bbox 491 3757 496 3772; x_wconf 83' lang='grc'>’</span> <span class='ocrx_word' id='word_1_223' title='bbox 592 3774 764 3838; x_wconf 86' lang='lat' dir='ltr'><strong>pans</strong></span> <span class='ocrx_word' id='word_1_224' title='bbox 807 3752 888 3818; x_wconf 90' lang='grc'><strong>(16</strong></span> <span class='ocrx_word' id='word_1_225' title='bbox 930 3774 1005 3818; x_wconf 89' lang='grc'><strong>66</strong></span> <span class='ocrx_word' id='word_1_226' title='bbox 1055 3774 1293 3836; x_wconf 90' lang='lat' dir='ltr'><strong>propre</strong></span> <span class='ocrx_word' id='word_1_227' title='bbox 1336 3754 1715 3831; x_wconf 75' lang='lat' dir='ltr'><strong>substance,</strong></span> <span class='ocrx_word' id='word_1_228' title='bbox 1760 3776 1928 3839; x_wconf 88' lang='lat' dir='ltr'><strong>pour</strong></span> <span class='ocrx_word' id='word_1_229' title='bbox 1968 3776 2137 3820; x_wconf 88' lang='lat' dir='ltr'><strong>nous</strong></span> <span class='ocrx_word' id='word_1_230' title='bbox 2182 3755 2339 3820; x_wconf 91' lang='lat' dir='ltr'><strong>unir</strong></span> <span class='ocrx_word' id='word_1_231' title='bbox 2381 3775 2540 3821; x_wconf 83' lang='lat' dir='ltr'><strong>avec</strong></span> 
     </span>
    </p>
   </div>
   <div class='ocr_carea' id='block_1_6' title="bbox 590 3840 2541 4867">
    <p class='ocr_par' dir='ltr' id='par_1_14' title="bbox 592 3840 1752 3995">
     <span class='ocr_line' id='line_1_32' title="bbox 592 3840 1183 3924; baseline -0.002 -19"><span class='ocrx_word' id='word_1_232' title='bbox 592 3859 716 3924; x_wconf 61' lang='grc' dir='ltr'><strong>66)Υ</strong></span> <span class='ocrx_word' id='word_1_233' title='bbox 759 3858 844 3903; x_wconf 89' lang='grc'><strong>66</strong></span> <span class='ocrx_word' id='word_1_234' title='bbox 886 3858 1018 3904; x_wconf 89' lang='lat' dir='ltr'><strong>une</strong></span> <span class='ocrx_word' id='word_1_235' title='bbox 1061 3840 1183 3904; x_wconf 85' lang='lat' dir='ltr'><strong>vie.</strong></span> 
     </span>
     <span class='ocr_line' id='line_1_33' title="bbox 1396 3959 1752 3995; baseline 0.003 -1"><span class='ocrx_word' id='word_1_236' title='bbox 1396 3959 1463 3994; x_wconf 74' lang='lat' dir='ltr'><strong>m</strong></span> <span class='ocrx_word' id='word_1_237' title='bbox 1495 3960 1752 3995; x_wconf 68' lang='lat' dir='ltr'><strong>mm</strong></span> 
     </span>
    </p>

    <p class='ocr_par' dir='ltr' id='par_1_15' title="bbox 590 4009 2539 4265">
     <span class='ocr_line' id='line_1_34' title="bbox 764 4009 2538 4096; baseline 0 -21"><span class='ocrx_word' id='word_1_238' title='bbox 764 4009 941 4075; x_wconf 79' lang='lat' dir='ltr'><strong>Mais</strong></span> <span class='ocrx_word' id='word_1_239' title='bbox 984 4015 1314 4075; x_wconf 89' lang='lat' dir='ltr'><strong>comment</strong></span> <span class='ocrx_word' id='word_1_240' title='bbox 1353 4010 1492 4074; x_wconf 86' lang='lat' dir='ltr'><strong>cela</strong></span> <span class='ocrx_word' id='word_1_241' title='bbox 1533 4032 1603 4075; x_wconf 92' lang='grc'><strong>66</strong></span> <span class='ocrx_word' id='word_1_242' title='bbox 1637 4009 1879 4094; x_wconf 89' lang='lat' dir='ltr'><strong>peut-il</strong></span> <span class='ocrx_word' id='word_1_243' title='bbox 1919 4009 2101 4089; x_wconf 81' lang='lat' dir='ltr'><strong>faire,</strong></span> <span class='ocrx_word' id='word_1_244' title='bbox 2143 4032 2274 4077; x_wconf 57' lang='grc'><strong>1166</strong></span> <span class='ocrx_word' id='word_1_245' title='bbox 2307 4032 2431 4096; x_wconf 88' lang='grc'><strong>(166</strong></span> <span class='ocrx_word' id='word_1_246' title='bbox 2472 4011 2538 4076; x_wconf 92' lang='grc'><strong>16</strong></span> 
     </span>
     <span class='ocr_line' id='line_1_35' title="bbox 592 4093 2539 4180; baseline 0 -16"><span class='ocrx_word' id='word_1_247' title='bbox 592 4116 782 4180; x_wconf 84' lang='lat' dir='ltr'><strong>corps</strong></span> <span class='ocrx_word' id='word_1_248' title='bbox 827 4093 908 4161; x_wconf 92' lang='lat' dir='ltr'><strong>de</strong></span> <span class='ocrx_word' id='word_1_249' title='bbox 949 4095 1138 4160; x_wconf 87' lang='lat' dir='ltr'><strong>Iesus</strong></span> <span class='ocrx_word' id='word_1_250' title='bbox 1182 4093 1410 4160; x_wconf 79' lang='lat' dir='ltr'>Christ</span> <span class='ocrx_word' id='word_1_251' title='bbox 1450 4102 1552 4161; x_wconf 90' lang='lat' dir='ltr'><strong>est</strong></span> <span class='ocrx_word' id='word_1_252' title='bbox 1593 4116 1680 4161; x_wconf 89' lang='lat' dir='ltr'><strong>au</strong></span> <span class='ocrx_word' id='word_1_253' title='bbox 1722 4095 1871 4175; x_wconf 89' lang='grc'><strong>6161,</strong></span> <span class='ocrx_word' id='word_1_254' title='bbox 1928 4103 1997 4162; x_wconf 79' lang='lat' dir='ltr'><strong>et</strong></span> <span class='ocrx_word' id='word_1_255' title='bbox 2038 4117 2203 4162; x_wconf 91' lang='lat' dir='ltr'><strong>nous</strong></span> <span class='ocrx_word' id='word_1_256' title='bbox 2257 4118 2539 4164; x_wconf 87' lang='lat' dir='ltr'><strong>sommes</strong></span> 
     </span>
     <span class='ocr_line' id='line_1_36' title="bbox 590 4180 1548 4265; baseline -0.006 -15"><span class='ocrx_word' id='word_1_257' title='bbox 590 4204 680 4250; x_wconf 88' lang='grc'><strong>66</strong></span> <span class='ocrx_word' id='word_1_258' title='bbox 719 4202 794 4250; x_wconf 84' lang='grc'><strong>66</strong></span> <span class='ocrx_word' id='word_1_259' title='bbox 838 4180 1216 4265; x_wconf 83' lang='lat' dir='ltr'><strong>pelerinage</strong></span> <span class='ocrx_word' id='word_1_260' title='bbox 1257 4180 1548 4246; x_wconf 80' lang='lat' dir='ltr'><strong>terrien?</strong></span> 
     </span>
    </p>

    <p class='ocr_par' dir='ltr' id='par_1_16' title="bbox 1434 4282 1704 4338">
     <span class='ocr_line' id='line_1_37' title="bbox 1434 4282 1704 4338; baseline 0.004 -1"><span class='ocrx_word' id='word_1_261' title='bbox 1434 4282 1704 4338; x_wconf 54' lang='lat' dir='ltr'><strong>flmm-</strong></span> 
     </span>
    </p>

    <p class='ocr_par' dir='ltr' id='par_1_17' title="bbox 591 4351 2540 4607">
     <span class='ocr_line' id='line_1_38' title="bbox 766 4351 2540 4437; baseline -0.001 -19"><span class='ocrx_word' id='word_1_262' title='bbox 766 4351 948 4418; x_wconf 83' lang='lat' dir='ltr'><strong>O’est</strong></span> <span class='ocrx_word' id='word_1_263' title='bbox 1009 4374 1133 4437; x_wconf 88' lang='lat' dir='ltr'><strong>par</strong></span> <span class='ocrx_word' id='word_1_264' title='bbox 1194 4352 1263 4419; x_wconf 93' lang='grc'><strong>16</strong></span> <span class='ocrx_word' id='word_1_265' title='bbox 1325 4363 1517 4419; x_wconf 84' lang='lat' dir='ltr'><strong>vertu</strong></span> <span class='ocrx_word' id='word_1_266' title='bbox 1580 4352 2218 4435; x_wconf 78' lang='lat' dir='ltr'><strong>incomprehensible</strong></span> <span class='ocrx_word' id='word_1_267' title='bbox 2282 4351 2363 4419; x_wconf 87' lang='lat' dir='ltr'><strong>de</strong></span> <span class='ocrx_word' id='word_1_268' title='bbox 2419 4372 2540 4417; x_wconf 89' lang='lat' dir='ltr'><strong>son</strong></span> 
     </span>
     <span class='ocr_line' id='line_1_39' title="bbox 592 4435 2539 4522; baseline 0.001 -19"><span class='ocrx_word' id='word_1_269' title='bbox 592 4437 853 4519; x_wconf 83' lang='lat' dir='ltr'><strong>Esprit,</strong></span> <span class='ocrx_word' id='word_1_270' title='bbox 908 4437 1191 4522; x_wconf 84' lang='lat' dir='ltr'><strong>laquelle</strong></span> <span class='ocrx_word' id='word_1_271' title='bbox 1245 4439 1571 4506; x_wconf 89' lang='lat' dir='ltr'><strong>oonioinct</strong></span> <span class='ocrx_word' id='word_1_272' title='bbox 1628 4435 1779 4504; x_wconf 87' lang='lat' dir='ltr'><strong>bien</strong></span> <span class='ocrx_word' id='word_1_273' title='bbox 1830 4438 1927 4505; x_wconf 88' lang='grc'><strong>166</strong></span> <span class='ocrx_word' id='word_1_274' title='bbox 1969 4438 2198 4505; x_wconf 86' lang='grc'><strong>6116666</strong></span> <span class='ocrx_word' id='word_1_275' title='bbox 2237 4446 2539 4522; x_wconf 70' lang='grc'><strong>66661666</strong></span> 
     </span>
     <span class='ocr_line' id='line_1_40' title="bbox 591 4521 1356 4607; baseline 0.008 -21"><span class='ocrx_word' id='word_1_276' title='bbox 591 4542 715 4607; x_wconf 88' lang='lat' dir='ltr'><strong>par</strong></span> <span class='ocrx_word' id='word_1_277' title='bbox 753 4521 1042 4590; x_wconf 83' lang='lat' dir='ltr'><strong>distance</strong></span> <span class='ocrx_word' id='word_1_278' title='bbox 1086 4524 1167 4590; x_wconf 90' lang='lat' dir='ltr'><strong>de</strong></span> <span class='ocrx_word' id='word_1_279' title='bbox 1205 4525 1356 4592; x_wconf 86' lang='grc'><strong>1166.</strong></span> 
     </span>
    </p>

    <p class='ocr_par' dir='ltr' id='par_1_18' title="bbox 1400 4645 1759 4683">
     <span class='ocr_line' id='line_1_41' title="bbox 1400 4645 1759 4683; baseline 0 -1"><span class='ocrx_word' id='word_1_280' title='bbox 1400 4646 1467 4683; x_wconf 69' lang='lat' dir='ltr'>u</span> <span class='ocrx_word' id='word_1_281' title='bbox 1498 4645 1759 4683; x_wconf 72' lang='lat' dir='ltr'><strong>mm.</strong></span> 
     </span>
    </p>

    <p class='ocr_par' dir='ltr' id='par_1_19' title="bbox 766 4692 2541 4779">
     <span class='ocr_line' id='line_1_42' title="bbox 766 4692 2541 4779; baseline 0.003 -23"><span class='ocrx_word' id='word_1_282' title='bbox 766 4692 870 4757; x_wconf 79' lang='lat' dir='ltr'><strong>&#39;Pu</strong></span> <span class='ocrx_word' id='word_1_283' title='bbox 910 4696 1213 4761; x_wconf 86' lang='lat' dir='ltr'><strong>n’eutens</strong></span> <span class='ocrx_word' id='word_1_284' title='bbox 1266 4716 1388 4779; x_wconf 87' lang='lat' dir='ltr'><strong>pas</strong></span> <span class='ocrx_word' id='word_1_285' title='bbox 1433 4696 1600 4763; x_wconf 90' lang='lat' dir='ltr'><strong>donc</strong></span> <span class='ocrx_word' id='word_1_286' title='bbox 1689 4718 1769 4768; x_wconf 89' lang='grc'><strong>66</strong></span> <span class='ocrx_word' id='word_1_287' title='bbox 1813 4695 1875 4761; x_wconf 89' lang='grc'><strong>16</strong></span> <span class='ocrx_word' id='word_1_288' title='bbox 1917 4715 2108 4779; x_wconf 88' lang='lat' dir='ltr'><strong>corps</strong></span> <span class='ocrx_word' id='word_1_289' title='bbox 2151 4695 2279 4761; x_wconf 88' lang='lat' dir='ltr'><strong>soit</strong></span> <span class='ocrx_word' id='word_1_290' title='bbox 2320 4695 2541 4762; x_wconf 86' lang='grc'><strong>666166</strong></span> 
     </span>
    </p>

    <p class='ocr_par' dir='ltr' id='par_1_20' title="bbox 595 4775 2284 4867">
     <span class='ocr_line' id='line_1_43' title="bbox 595 4775 2284 4867; baseline 0.001 -24"><span class='ocrx_word' id='word_1_291' title='bbox 595 4775 843 4844; x_wconf 79' lang='lat' dir='ltr'><strong>dedans</strong></span> <span class='ocrx_word' id='word_1_292' title='bbox 883 4777 946 4842; x_wconf 92' lang='grc'><strong>16</strong></span> <span class='ocrx_word' id='word_1_293' title='bbox 989 4779 1164 4861; x_wconf 85' lang='grc'><strong>6616,</strong></span> <span class='ocrx_word' id='word_1_294' title='bbox 1205 4801 1290 4845; x_wconf 88' lang='grc'><strong>66</strong></span> <span class='ocrx_word' id='word_1_295' title='bbox 1331 4781 1395 4847; x_wconf 89' lang='grc'><strong>16</strong></span> <span class='ocrx_word' id='word_1_296' title='bbox 1437 4804 1603 4867; x_wconf 86' lang='lat' dir='ltr'><strong>sang</strong></span> <span class='ocrx_word' id='word_1_297' title='bbox 1689 4780 1890 4849; x_wconf 85' lang='lat' dir='ltr'><strong>edans</strong></span> <span class='ocrx_word' id='word_1_298' title='bbox 1931 4782 1997 4847; x_wconf 91' lang='grc'><strong>16</strong></span> <span class='ocrx_word' id='word_1_299' title='bbox 2038 4780 2284 4848; x_wconf 83' lang='lat' dir='ltr'><strong>calice?</strong></span> 
     </span>
    </p>
   </div>
   <div class='ocr_carea' id='block_1_7' title="bbox 596 4936 1403 4945">
    <p class='ocr_par' dir='ltr' id='par_1_21' title="bbox 596 4936 1403 4945">
     <span class='ocr_line' id='line_1_44' title="bbox 596 4936 1403 4945; baseline 0 0"><span class='ocrx_word' id='word_1_300' title='bbox 596 4936 1403 4945; x_wconf 95' lang='lat' dir='ltr'><strong> </strong></span> 
     </span>
    </p>
   </div>
   <div class='ocr_carea' id='block_1_8' title="bbox 904 5032 1980 5102">
    <p class='ocr_par' dir='ltr' id='par_1_22' title="bbox 904 5032 1980 5102">
     <span class='ocr_line' id='line_1_45' title="bbox 904 5032 1980 5102; baseline 0.004 -15"><span class='ocrx_word' id='word_1_301' title='bbox 904 5034 962 5102; x_wconf 87' lang='lat'><strong>1)</strong></span> <span class='ocrx_word' id='word_1_302' title='bbox 998 5034 1080 5089; x_wconf 89' lang='lat' dir='ltr'><strong>Le</strong></span> <span class='ocrx_word' id='word_1_303' title='bbox 1115 5032 1198 5087; x_wconf 82' lang='lat'><strong>53.</strong></span> <span class='ocrx_word' id='word_1_304' title='bbox 1236 5035 1530 5091; x_wconf 85' lang='lat' dir='ltr'><strong>dimanche.</strong></span> <span class='ocrx_word' id='word_1_305' title='bbox 1576 5062 1642 5074; x_wconf 93' lang='lat'>—</span> <span class='ocrx_word' id='word_1_306' title='bbox 1687 5037 1897 5092; x_wconf 86' lang='lat' dir='ltr'><strong>Double</strong></span> <span class='ocrx_word' id='word_1_307' title='bbox 1935 5039 1980 5093; x_wconf 88' lang='lat' dir='ltr'><strong>si</strong></span> 
     </span>
    </p>
   </div>
   <div class='ocr_carea' id='block_1_9' title="bbox 2580 514 2610 4867">
    <p class='ocr_par' dir='ltr' id='par_1_23' title="bbox 2580 514 2610 4867">
     <span class='ocr_line' id='line_1_46' title="bbox 2580 514 2610 4867; baseline 0 0"><span class='ocrx_word' id='word_1_308' title='bbox 2580 514 2610 4867; x_wconf 95' lang='lat' dir='ltr'><strong> </strong></span> 
     </span>
    </p>
   </div>
   <div class='ocr_carea' id='block_1_10' title="bbox 2119 5037 3614 5106">
    <p class='ocr_par' dir='ltr' id='par_1_24' title="bbox 2119 5037 3614 5106">
     <span class='ocr_line' id='line_1_47' title="bbox 2119 5037 3614 5106; baseline -0.001 -12"><span class='ocrx_word' id='word_1_309' title='bbox 2119 5054 2262 5106; x_wconf 89' lang='lat' dir='ltr'><strong>pour</strong></span> <span class='ocrx_word' id='word_1_310' title='bbox 2294 5044 2480 5094; x_wconf 82' lang='lat' dir='ltr'><strong>nostre</strong></span> <span class='ocrx_word' id='word_1_311' title='bbox 2516 5037 2783 5094; x_wconf 73' lang='lat' dir='ltr'><strong>infirmits.</strong></span> <span class='ocrx_word' id='word_1_312' title='bbox 2827 5068 2893 5078; x_wconf 90' lang='lat'><em>-</em></span> <span class='ocrx_word' id='word_1_313' title='bbox 2944 5038 3028 5094; x_wconf 86' lang='lat' dir='ltr'><strong>La</strong></span> <span class='ocrx_word' id='word_1_314' title='bbox 3060 5038 3234 5093; x_wconf 74' lang='lat' dir='ltr'><strong>verite</strong></span> <span class='ocrx_word' id='word_1_315' title='bbox 3269 5047 3355 5094; x_wconf 80' lang='lat' dir='ltr'><strong>est</strong></span> <span class='ocrx_word' id='word_1_316' title='bbox 3389 5052 3523 5093; x_wconf 80' lang='lat' dir='ltr'><strong>avec</strong></span> <span class='ocrx_word' id='word_1_317' title='bbox 3558 5038 3614 5092; x_wconf 84' lang='grc'><strong>16</strong></span> 
     </span>
    </p>
   </div>
   <div class='ocr_carea' id='block_1_11' title="bbox 2642 535 4675 1868">
    <p class='ocr_par' dir='ltr' id='par_1_25' title="bbox 3540 535 3697 574">
     <span class='ocr_line' id='line_1_48' title="bbox 3540 535 3697 574; baseline 0.025 -4"><span class='ocrx_word' id='word_1_318' title='bbox 3540 535 3697 574; x_wconf 65' lang='lat' dir='ltr'><strong>rm</strong></span> 
     </span>
    </p>

    <p class='ocr_par' dir='ltr' id='par_1_26' title="bbox 2644 584 4598 927">
     <span class='ocr_line' id='line_1_49' title="bbox 2819 584 4594 669; baseline -0.001 -17"><span class='ocrx_word' id='word_1_319' title='bbox 2819 584 3139 653; x_wconf 88' lang='lat' dir='ltr'><strong>Omnino:</strong></span> <span class='ocrx_word' id='word_1_320' title='bbox 3186 593 3348 654; x_wconf 88' lang='lat' dir='ltr'><strong>tunc</strong></span> <span class='ocrx_word' id='word_1_321' title='bbox 3388 586 3565 652; x_wconf 87' lang='lat' dir='ltr'><strong>enim</strong></span> <span class='ocrx_word' id='word_1_322' title='bbox 3607 585 3876 652; x_wconf 88' lang='lat' dir='ltr'><strong>unicum</strong></span> <span class='ocrx_word' id='word_1_323' title='bbox 3932 592 4448 669; x_wconf 85' lang='lat' dir='ltr'><strong>perpetuumque</strong></span> <span class='ocrx_word' id='word_1_324' title='bbox 4488 604 4594 651; x_wconf 80' lang='grc'><strong>66·</strong></span> 
     </span>
     <span class='ocr_line' id='line_1_50' title="bbox 2644 672 4596 771; baseline -0.001 -34"><span class='ocrx_word' id='word_1_325' title='bbox 2644 672 2993 753; x_wconf 87' lang='lat' dir='ltr'><strong>crificium,</strong></span> <span class='ocrx_word' id='word_1_326' title='bbox 3038 672 3211 757; x_wconf 89' lang='lat' dir='ltr'><strong>quod</strong></span> <span class='ocrx_word' id='word_1_327' title='bbox 3262 674 3336 740; x_wconf 90' lang='lat' dir='ltr'><strong>in</strong></span> <span class='ocrx_word' id='word_1_328' title='bbox 3387 672 3664 738; x_wconf 86' lang='lat' dir='ltr'><strong>salutem</strong></span> <span class='ocrx_word' id='word_1_329' title='bbox 3704 679 3998 738; x_wconf 85' lang='lat' dir='ltr'><strong>nostram</strong></span> <span class='ocrx_word' id='word_1_330' title='bbox 4041 672 4398 751; x_wconf 85' lang='lat' dir='ltr'><strong>sufficeret,</strong></span> <span class='ocrx_word' id='word_1_331' title='bbox 4445 690 4596 771; x_wconf 80' lang='grc'><strong>661·-</strong></span> 
     </span>
     <span class='ocr_line' id='line_1_51' title="bbox 2646 755 4598 842; baseline -0.003 -16"><span class='ocrx_word' id='word_1_332' title='bbox 2646 767 2866 826; x_wconf 77' lang='lat' dir='ltr'><strong>actum</strong></span> <span class='ocrx_word' id='word_1_333' title='bbox 2909 767 3025 825; x_wconf 86' lang='lat' dir='ltr'><strong>est.</strong></span> <span class='ocrx_word' id='word_1_334' title='bbox 3114 757 3404 826; x_wconf 85' lang='lat' dir='ltr'><strong>Proinde</strong></span> <span class='ocrx_word' id='word_1_335' title='bbox 3457 757 3625 823; x_wconf 92' lang='lat' dir='ltr'><strong>nihil</strong></span> <span class='ocrx_word' id='word_1_336' title='bbox 3690 764 3901 842; x_wconf 81' lang='lat' dir='ltr'><strong>restat</strong></span> <span class='ocrx_word' id='word_1_337' title='bbox 3958 755 4271 842; x_wconf 87' lang='lat' dir='ltr'><strong>amplius,</strong></span> <span class='ocrx_word' id='word_1_338' title='bbox 4344 756 4476 823; x_wconf 84' lang='grc'><strong>6161</strong></span> <span class='ocrx_word' id='word_1_339' title='bbox 4521 764 4598 822; x_wconf 87' lang='lat' dir='ltr'><strong>ut</strong></span> 
     </span>
     <span class='ocr_line' id='line_1_52' title="bbox 2646 844 4299 927; baseline 0.003 -19"><span class='ocrx_word' id='word_1_340' title='bbox 2646 845 2790 927; x_wconf 88' lang='lat' dir='ltr'><strong>ipso</strong></span> <span class='ocrx_word' id='word_1_341' title='bbox 2832 844 3143 911; x_wconf 78' lang='lat' dir='ltr'><strong>fruamur.</strong></span> <span class='ocrx_word' id='word_1_342' title='bbox 4290 849 4299 858; x_wconf 85' lang='lat'><strong><em>&#39;</em></strong></span> 
     </span>
    </p>

    <p class='ocr_par' dir='ltr' id='par_1_27' title="bbox 3488 964 3745 999">
     <span class='ocr_line' id='line_1_53' title="bbox 3488 964 3745 999; baseline 0 0"><span class='ocrx_word' id='word_1_343' title='bbox 3488 964 3745 999; x_wconf 63' lang='lat' dir='ltr'><strong>mmm!-</strong></span> 
     </span>
    </p>

    <p class='ocr_par' dir='ltr' id='par_1_28' title="bbox 2642 1013 4593 1184">
     <span class='ocr_line' id='line_1_54' title="bbox 2816 1013 4593 1098; baseline 0.001 -18"><span class='ocrx_word' id='word_1_344' title='bbox 2816 1015 2997 1098; x_wconf 85' lang='lat' dir='ltr'><strong>Ergo</strong></span> <span class='ocrx_word' id='word_1_345' title='bbox 3052 1036 3185 1080; x_wconf 92' lang='lat' dir='ltr'><strong>non</strong></span> <span class='ocrx_word' id='word_1_346' title='bbox 3240 1016 3311 1080; x_wconf 92' lang='lat' dir='ltr'><strong>in</strong></span> <span class='ocrx_word' id='word_1_347' title='bbox 3367 1013 3544 1080; x_wconf 86' lang='lat' dir='ltr'><strong>hunc</strong></span> <span class='ocrx_word' id='word_1_348' title='bbox 3594 1015 3794 1079; x_wconf 88' lang='lat' dir='ltr'><strong>finem</strong></span> <span class='ocrx_word' id='word_1_349' title='bbox 3846 1013 4153 1080; x_wconf 78' lang='lat' dir='ltr'><strong>instituta</strong></span> <span class='ocrx_word' id='word_1_350' title='bbox 4203 1020 4307 1080; x_wconf 87' lang='lat' dir='ltr'><strong>est</strong></span> <span class='ocrx_word' id='word_1_351' title='bbox 4362 1033 4593 1098; x_wconf 83' lang='lat' dir='ltr'><strong>coena,</strong></span> 
     </span>
     <span class='ocr_line' id='line_1_55' title="bbox 2642 1099 3866 1184; baseline 0 -18"><span class='ocrx_word' id='word_1_352' title='bbox 2642 1107 2720 1166; x_wconf 86' lang='lat' dir='ltr'><strong>ut</strong></span> <span class='ocrx_word' id='word_1_353' title='bbox 2760 1101 2903 1165; x_wconf 91' lang='lat' dir='ltr'><strong>Deo</strong></span> <span class='ocrx_word' id='word_1_354' title='bbox 2946 1100 3065 1166; x_wconf 89' lang='lat' dir='ltr'><strong>filii</strong></span> <span class='ocrx_word' id='word_1_355' title='bbox 3109 1101 3215 1166; x_wconf 86' lang='lat' dir='ltr'><strong>sui</strong></span> <span class='ocrx_word' id='word_1_356' title='bbox 3256 1121 3491 1184; x_wconf 87' lang='lat' dir='ltr'><strong>corpus</strong></span> <span class='ocrx_word' id='word_1_357' title='bbox 3534 1099 3866 1176; x_wconf 87' lang='lat' dir='ltr'><strong>offeratur.</strong></span> 
     </span>
    </p>

    <p class='ocr_par' dir='ltr' id='par_1_29' title="bbox 3542 1220 3696 1256">
     <span class='ocr_line' id='line_1_56' title="bbox 3542 1220 3696 1256; baseline 0.013 -1"><span class='ocrx_word' id='word_1_358' title='bbox 3542 1220 3696 1256; x_wconf 64' lang='lat' dir='ltr'><strong>runt.</strong></span> 
     </span>
    </p>

    <p class='ocr_par' dir='ltr' id='par_1_30' title="bbox 2642 1269 4675 1698">
     <span class='ocr_line' id='line_1_57' title="bbox 2812 1269 4600 1355; baseline -0.001 -18"><span class='ocrx_word' id='word_1_359' title='bbox 2812 1272 3109 1337; x_wconf 84' lang='lat' dir='ltr'><strong>Minime.</strong></span> <span class='ocrx_word' id='word_1_360' title='bbox 3197 1269 3398 1337; x_wconf 84' lang='lat' dir='ltr'><strong>Solus</strong></span> <span class='ocrx_word' id='word_1_361' title='bbox 3453 1271 3629 1336; x_wconf 90' lang='lat' dir='ltr'><strong>enim</strong></span> <span class='ocrx_word' id='word_1_362' title='bbox 3669 1270 3843 1355; x_wconf 88' lang='lat' dir='ltr'><strong>ipse,</strong></span> <span class='ocrx_word' id='word_1_363' title='bbox 3901 1290 4102 1354; x_wconf 88' lang='lat' dir='ltr'><strong>quum</strong></span> <span class='ocrx_word' id='word_1_364' title='bbox 4157 1277 4464 1337; x_wconf 86' lang='lat' dir='ltr'><strong>aeternus</strong></span> <span class='ocrx_word' id='word_1_365' title='bbox 4510 1271 4600 1336; x_wconf 82' lang='lat' dir='ltr'><strong>sit</strong></span> 
     </span>
     <span class='ocr_line' id='line_1_58' title="bbox 2643 1355 4661 1442; baseline 0 -19"><span class='ocrx_word' id='word_1_366' title='bbox 2643 1357 2974 1436; x_wconf 86' lang='lat' dir='ltr'><strong>sacerdos,</strong></span> <span class='ocrx_word' id='word_1_367' title='bbox 3047 1357 3217 1422; x_wconf 90' lang='lat' dir='ltr'><strong>hanc</strong></span> <span class='ocrx_word' id='word_1_368' title='bbox 3287 1357 3812 1442; x_wconf 84' lang='lat' dir='ltr'><strong>praerogativam</strong></span> <span class='ocrx_word' id='word_1_369' title='bbox 3877 1355 4094 1422; x_wconf 86' lang='lat' dir='ltr'><strong>habet.</strong></span> <span class='ocrx_word' id='word_1_370' title='bbox 4182 1361 4404 1440; x_wconf 86' lang='lat' dir='ltr'><strong>Atque</strong></span> <span class='ocrx_word' id='word_1_371' title='bbox 4468 1356 4599 1424; x_wconf 88' lang='lat' dir='ltr'><strong>hoo</strong></span> <span class='ocrx_word' id='word_1_372' title='bbox 4650 1383 4661 1394; x_wconf 69' lang='lat'><strong><em>‘</em></strong></span> 
     </span>
     <span class='ocr_line' id='line_1_59' title="bbox 2643 1440 4600 1526; baseline -0.001 -17"><span class='ocrx_word' id='word_1_373' title='bbox 2643 1450 2883 1509; x_wconf 89' lang='lat' dir='ltr'><strong>sonant</strong></span> <span class='ocrx_word' id='word_1_374' title='bbox 2932 1444 3074 1509; x_wconf 88' lang='grc'><strong>6166</strong></span> <span class='ocrx_word' id='word_1_375' title='bbox 3125 1441 3357 1522; x_wconf 81' lang='lat' dir='ltr'><strong>verba,</strong></span> <span class='ocrx_word' id='word_1_376' title='bbox 3413 1463 3616 1526; x_wconf 89' lang='lat' dir='ltr'><strong>quum</strong></span> <span class='ocrx_word' id='word_1_377' title='bbox 3662 1443 3783 1507; x_wconf 86' lang='lat' dir='ltr'><strong>ait:</strong></span> <span class='ocrx_word' id='word_1_378' title='bbox 3842 1441 4141 1525; x_wconf 77' lang='lat' dir='ltr'><strong>Accipite</strong></span> <span class='ocrx_word' id='word_1_379' title='bbox 4188 1449 4255 1507; x_wconf 87' lang='lat' dir='ltr'><strong>et</strong></span> <span class='ocrx_word' id='word_1_380' title='bbox 4308 1440 4600 1508; x_wconf 87' lang='lat' dir='ltr'><strong>mandu-</strong></span> 
     </span>
     <span class='ocr_line' id='line_1_60' title="bbox 2643 1527 4675 1611; baseline 0.001 -18"><span class='ocrx_word' id='word_1_381' title='bbox 2643 1535 2804 1594; x_wconf 88' lang='lat' dir='ltr'><strong>cate.</strong></span> <span class='ocrx_word' id='word_1_382' title='bbox 2893 1529 3124 1611; x_wconf 88' lang='lat' dir='ltr'><strong>Neque</strong></span> <span class='ocrx_word' id='word_1_383' title='bbox 3181 1530 3357 1593; x_wconf 89' lang='lat' dir='ltr'><strong>enim</strong></span> <span class='ocrx_word' id='word_1_384' title='bbox 3399 1536 3475 1594; x_wconf 89' lang='lat' dir='ltr'><strong>ut</strong></span> <span class='ocrx_word' id='word_1_385' title='bbox 3516 1528 3869 1593; x_wconf 86' lang='lat' dir='ltr'><strong>offeramus</strong></span> <span class='ocrx_word' id='word_1_386' title='bbox 3913 1548 4146 1611; x_wconf 87' lang='lat' dir='ltr'><strong>corpus</strong></span> <span class='ocrx_word' id='word_1_387' title='bbox 4188 1549 4416 1608; x_wconf 84' lang='lat' dir='ltr'><strong>suum,</strong></span> <span class='ocrx_word' id='word_1_388' title='bbox 4478 1527 4601 1595; x_wconf 88' lang='lat' dir='ltr'><strong>sed</strong></span> <span class='ocrx_word' id='word_1_389' title='bbox 4660 1531 4675 1546; x_wconf 77' lang='grc'><em>“</em></span> 
     </span>
     <span class='ocr_line' id='line_1_61' title="bbox 2642 1613 4115 1698; baseline -0.002 -18"><span class='ocrx_word' id='word_1_390' title='bbox 2642 1621 2917 1692; x_wconf 85' lang='lat' dir='ltr'><strong>tantum,</strong></span> <span class='ocrx_word' id='word_1_391' title='bbox 2964 1625 3038 1680; x_wconf 88' lang='lat' dir='ltr'><strong>ut</strong></span> <span class='ocrx_word' id='word_1_392' title='bbox 3080 1634 3157 1680; x_wconf 90' lang='lat' dir='ltr'><strong>eo</strong></span> <span class='ocrx_word' id='word_1_393' title='bbox 3196 1635 3558 1692; x_wconf 75' lang='lat' dir='ltr'><strong>vescamur,</strong></span> <span class='ocrx_word' id='word_1_394' title='bbox 3600 1613 3734 1680; x_wconf 90' lang='lat' dir='ltr'><strong>illic</strong></span> <span class='ocrx_word' id='word_1_395' title='bbox 3781 1614 4115 1698; x_wconf 87' lang='lat' dir='ltr'><strong>praecipit.</strong></span> 
     </span>
    </p>

    <p class='ocr_par' dir='ltr' id='par_1_31' title="bbox 3117 1735 3747 1770">
     <span class='ocr_line' id='line_1_62' title="bbox 3117 1735 3747 1770; baseline 0.002 -1"><span class='ocrx_word' id='word_1_396' title='bbox 3117 1753 3121 1758; x_wconf 84' lang='lat'><strong>·</strong></span> <span class='ocrx_word' id='word_1_397' title='bbox 3488 1735 3747 1770; x_wconf 60' lang='lat' dir='ltr'><strong>mun·</strong></span> 
     </span>
    </p>

    <p class='ocr_par' dir='ltr' id='par_1_32' title="bbox 2815 1781 3829 1868">
     <span class='ocr_line' id='line_1_63' title="bbox 2815 1781 3829 1868; baseline -0.002 -18"><span class='ocrx_word' id='word_1_398' title='bbox 2815 1785 2955 1851; x_wconf 81' lang='lat' dir='ltr'><strong>Cur</strong></span> <span class='ocrx_word' id='word_1_399' title='bbox 2999 1781 3251 1850; x_wconf 89' lang='lat' dir='ltr'><strong>duobus</strong></span> <span class='ocrx_word' id='word_1_400' title='bbox 3290 1785 3539 1850; x_wconf 88' lang='lat' dir='ltr'><strong>utimur</strong></span> <span class='ocrx_word' id='word_1_401' title='bbox 3581 1783 3829 1868; x_wconf 77' lang='lat' dir='ltr'><strong>signis?</strong></span> 
     </span>
    </p>
   </div>
   <div class='ocr_carea' id='block_1_12' title="bbox 2644 1906 4603 2637">
    <p class='ocr_par' dir='ltr' id='par_1_33' title="bbox 3542 1906 3692 1941">
     <span class='ocr_line' id='line_1_64' title="bbox 3542 1906 3692 1941; baseline 0 -1"><span class='ocrx_word' id='word_1_402' title='bbox 3542 1906 3692 1941; x_wconf 73' lang='lat' dir='ltr'><strong>Pur-8.</strong></span> 
     </span>
    </p>

    <p class='ocr_par' dir='ltr' id='par_1_34' title="bbox 2644 1954 4603 2381">
     <span class='ocr_line' id='line_1_65' title="bbox 2814 1954 4601 2035; baseline 0.001 -16"><span class='ocrx_word' id='word_1_403' title='bbox 2814 1954 2901 2019; x_wconf 92' lang='lat' dir='ltr'><strong>In</strong></span> <span class='ocrx_word' id='word_1_404' title='bbox 2940 1975 3016 2020; x_wconf 90' lang='lat' dir='ltr'><strong>eo</strong></span> <span class='ocrx_word' id='word_1_405' title='bbox 3060 1954 3386 2021; x_wconf 80' lang='lat' dir='ltr'><strong>Dominus</strong></span> <span class='ocrx_word' id='word_1_406' title='bbox 3427 1955 3796 2024; x_wconf 88' lang='lat' dir='ltr'><strong>infirmitati</strong></span> <span class='ocrx_word' id='word_1_407' title='bbox 3840 1961 4101 2021; x_wconf 84' lang='lat' dir='ltr'><strong>nostrae</strong></span> <span class='ocrx_word' id='word_1_408' title='bbox 4144 1958 4261 2035; x_wconf 81' lang='lat' dir='ltr'><strong>[fol.</strong></span> <span class='ocrx_word' id='word_1_409' title='bbox 4291 1958 4399 2035; x_wconf 83' lang='lat'><strong>79]</strong></span> <span class='ocrx_word' id='word_1_410' title='bbox 4436 1976 4601 2022; x_wconf 91' lang='lat' dir='ltr'><strong>con-</strong></span> 
     </span>
     <span class='ocr_line' id='line_1_66' title="bbox 2645 2039 4603 2124; baseline 0.001 -18"><span class='ocrx_word' id='word_1_411' title='bbox 2645 2039 2875 2120; x_wconf 87' lang='lat' dir='ltr'><strong>suluit,</strong></span> <span class='ocrx_word' id='word_1_412' title='bbox 2933 2061 3060 2124; x_wconf 89' lang='lat' dir='ltr'><strong>quo</strong></span> <span class='ocrx_word' id='word_1_413' title='bbox 3115 2062 3235 2107; x_wconf 90' lang='lat' dir='ltr'><strong>nos</strong></span> <span class='ocrx_word' id='word_1_414' title='bbox 3288 2041 3673 2106; x_wconf 83' lang='lat' dir='ltr'><strong>familiarius</strong></span> <span class='ocrx_word' id='word_1_415' title='bbox 3717 2039 4004 2120; x_wconf 90' lang='lat' dir='ltr'><strong>doceret,</strong></span> <span class='ocrx_word' id='word_1_416' title='bbox 4060 2061 4132 2106; x_wconf 90' lang='grc'><strong>66</strong></span> <span class='ocrx_word' id='word_1_417' title='bbox 4181 2062 4318 2105; x_wconf 91' lang='lat' dir='ltr'><strong>non</strong></span> <span class='ocrx_word' id='word_1_418' title='bbox 4371 2040 4603 2108; x_wconf 89' lang='lat' dir='ltr'><strong>cibum</strong></span> 
     </span>
     <span class='ocr_line' id='line_1_67' title="bbox 2645 2126 4600 2211; baseline 0.002 -22"><span class='ocrx_word' id='word_1_419' title='bbox 2645 2126 2838 2191; x_wconf 91' lang='lat' dir='ltr'><strong>modo</strong></span> <span class='ocrx_word' id='word_1_420' title='bbox 2895 2127 3133 2192; x_wconf 87' lang='lat' dir='ltr'><strong>animis</strong></span> <span class='ocrx_word' id='word_1_421' title='bbox 3185 2128 3460 2207; x_wconf 84' lang='lat' dir='ltr'><strong>nostris,</strong></span> <span class='ocrx_word' id='word_1_422' title='bbox 3517 2126 3633 2192; x_wconf 89' lang='lat' dir='ltr'><strong>sed</strong></span> <span class='ocrx_word' id='word_1_423' title='bbox 3688 2135 3920 2211; x_wconf 83' lang='lat' dir='ltr'><strong>potum</strong></span> <span class='ocrx_word' id='word_1_424' title='bbox 3968 2147 4222 2210; x_wconf 87' lang='lat' dir='ltr'><strong>quoque</strong></span> <span class='ocrx_word' id='word_1_425' title='bbox 4276 2148 4447 2205; x_wconf 90' lang='lat' dir='ltr'><strong>esse,</strong></span> <span class='ocrx_word' id='word_1_426' title='bbox 4509 2149 4600 2193; x_wconf 92' lang='grc'><strong>66</strong></span> 
     </span>
     <span class='ocr_line' id='line_1_68' title="bbox 2645 2211 4599 2296; baseline 0.002 -20"><span class='ocrx_word' id='word_1_427' title='bbox 2645 2212 2802 2277; x_wconf 90' lang='lat' dir='ltr'><strong>alibi</strong></span> <span class='ocrx_word' id='word_1_428' title='bbox 2842 2233 3037 2294; x_wconf 88' lang='lat' dir='ltr'><strong>quam</strong></span> <span class='ocrx_word' id='word_1_429' title='bbox 3080 2213 3153 2278; x_wconf 91' lang='lat' dir='ltr'><strong>in</strong></span> <span class='ocrx_word' id='word_1_430' title='bbox 3192 2234 3269 2278; x_wconf 87' lang='lat' dir='ltr'><strong>eo</strong></span> <span class='ocrx_word' id='word_1_431' title='bbox 3298 2213 3435 2278; x_wconf 90' lang='lat' dir='ltr'><strong>solo</strong></span> <span class='ocrx_word' id='word_1_432' title='bbox 3478 2212 3686 2277; x_wconf 90' lang='lat' dir='ltr'><strong>ullam</strong></span> <span class='ocrx_word' id='word_1_433' title='bbox 3729 2214 4083 2296; x_wconf 79' lang='lat' dir='ltr'><strong>spiritualis</strong></span> <span class='ocrx_word' id='word_1_434' title='bbox 4113 2211 4290 2279; x_wconf 83' lang='lat' dir='ltr'><strong>vitae</strong></span> <span class='ocrx_word' id='word_1_435' title='bbox 4331 2219 4599 2296; x_wconf 89' lang='lat' dir='ltr'><strong>partem</strong></span> 
     </span>
     <span class='ocr_line' id='line_1_69' title="bbox 2644 2317 3053 2381; baseline -0.002 -18"><span class='ocrx_word' id='word_1_436' title='bbox 2644 2317 3053 2381; x_wconf 87' lang='lat' dir='ltr'><strong>quaeramus.</strong></span> 
     </span>
    </p>

    <p class='ocr_par' dir='ltr' id='par_1_35' title="bbox 2970 2395 3746 2454">
     <span class='ocr_line' id='line_1_70' title="bbox 2970 2395 3746 2454; baseline 0 0"><span class='ocrx_word' id='word_1_437' title='bbox 2970 2395 2979 2406; x_wconf 83' lang='grc'><strong>’</strong></span> <span class='ocrx_word' id='word_1_438' title='bbox 3488 2419 3746 2454; x_wconf 73' lang='lat' dir='ltr'><strong>misma.</strong></span> 
     </span>
    </p>

    <p class='ocr_par' dir='ltr' id='par_1_36' title="bbox 2820 2467 4603 2553">
     <span class='ocr_line' id='line_1_71' title="bbox 2820 2467 4603 2553; baseline -0.001 -15"><span class='ocrx_word' id='word_1_439' title='bbox 2820 2471 2929 2538; x_wconf 83' lang='lat' dir='ltr'><strong>An</strong></span> <span class='ocrx_word' id='word_1_440' title='bbox 2989 2476 3264 2551; x_wconf 88' lang='lat' dir='ltr'><strong>utroque</strong></span> <span class='ocrx_word' id='word_1_441' title='bbox 3319 2469 3416 2533; x_wconf 87' lang='lat' dir='ltr'><strong>uti</strong></span> <span class='ocrx_word' id='word_1_442' title='bbox 3493 2469 3835 2552; x_wconf 51' lang='lat' dir='ltr'><strong>peraeque*</strong></span> <span class='ocrx_word' id='word_1_443' title='bbox 3868 2488 4096 2534; x_wconf 87' lang='lat' dir='ltr'><strong>omnes</strong></span> <span class='ocrx_word' id='word_1_444' title='bbox 4163 2467 4409 2553; x_wconf 85' lang='lat' dir='ltr'><strong>absque</strong></span> <span class='ocrx_word' id='word_1_445' title='bbox 4478 2490 4603 2535; x_wconf 84' lang='lat' dir='ltr'><strong>ex-</strong></span> 
     </span>
    </p>

    <p class='ocr_par' dir='ltr' id='par_1_37' title="bbox 2645 2553 3265 2637">
     <span class='ocr_line' id='line_1_72' title="bbox 2645 2553 3265 2637; baseline -0.006 -17"><span class='ocrx_word' id='word_1_446' title='bbox 2645 2554 2945 2637; x_wconf 83' lang='lat' dir='ltr'><strong>ceptione</strong></span> <span class='ocrx_word' id='word_1_447' title='bbox 2988 2553 3265 2620; x_wconf 80' lang='lat' dir='ltr'><strong>debent?</strong></span> 
     </span>
    </p>
   </div>
   <div class='ocr_carea' id='block_1_13' title="bbox 2645 2674 4598 3221">
    <p class='ocr_par' dir='ltr' id='par_1_38' title="bbox 2645 2674 4596 2896">
     <span class='ocr_line' id='line_1_73' title="bbox 2816 2674 4595 2793; baseline 0.001 -3"><span class='ocrx_word' id='word_1_448' title='bbox 2816 2726 2924 2791; x_wconf 92' lang='lat' dir='ltr'><strong>Ita</strong></span> <span class='ocrx_word' id='word_1_449' title='bbox 2965 2725 3094 2791; x_wconf 81' lang='lat' dir='ltr'><strong>fert</strong></span> <span class='ocrx_word' id='word_1_450' title='bbox 3136 2724 3388 2791; x_wconf 77' lang='lat' dir='ltr'><strong>Christi</strong></span> <span class='ocrx_word' id='word_1_451' title='bbox 3439 2674 3856 2790; x_wconf 50' lang='lat' dir='ltr'><strong>massffitum:</strong></span> <span class='ocrx_word' id='word_1_452' title='bbox 3913 2724 4020 2788; x_wconf 88' lang='lat' dir='ltr'><strong>oui</strong></span> <span class='ocrx_word' id='word_1_453' title='bbox 4060 2723 4197 2790; x_wconf 90' lang='grc'><strong>6116</strong></span> <span class='ocrx_word' id='word_1_454' title='bbox 4240 2724 4431 2790; x_wconf 90' lang='lat' dir='ltr'><strong>modo</strong></span> <span class='ocrx_word' id='word_1_455' title='bbox 4478 2709 4595 2793; x_wconf 78' lang='lat' dir='ltr'><strong>de-</strong></span> 
     </span>
     <span class='ocr_line' id='line_1_74' title="bbox 2645 2809 4596 2896; baseline 0.001 -19"><span class='ocrx_word' id='word_1_456' title='bbox 2645 2833 2898 2896; x_wconf 79' lang='lat' dir='ltr'><strong>rogare,</strong></span> <span class='ocrx_word' id='word_1_457' title='bbox 2933 2810 3178 2895; x_wconf 89' lang='lat' dir='ltr'><strong>aliquid</strong></span> <span class='ocrx_word' id='word_1_458' title='bbox 3220 2819 3448 2877; x_wconf 87' lang='lat' dir='ltr'><strong>contra</strong></span> <span class='ocrx_word' id='word_1_459' title='bbox 3489 2809 3826 2890; x_wconf 88' lang='lat' dir='ltr'><strong>tentando,</strong></span> <span class='ocrx_word' id='word_1_460' title='bbox 3871 2830 4205 2876; x_wconf 85' lang='lat' dir='ltr'><strong>summum</strong></span> <span class='ocrx_word' id='word_1_461' title='bbox 4238 2816 4341 2877; x_wconf 88' lang='lat' dir='ltr'><strong>est</strong></span> <span class='ocrx_word' id='word_1_462' title='bbox 4384 2812 4596 2879; x_wconf 78' lang='lat' dir='ltr'><strong>nefas.</strong></span> 
     </span>
    </p>

    <p class='ocr_par' dir='ltr' id='par_1_39' title="bbox 2645 2932 4598 3221">
     <span class='ocr_line' id='line_1_75' title="bbox 2817 2932 4598 3068; baseline 0 -20"><span class='ocrx_word' id='word_1_463' title='bbox 2817 2980 3129 3048; x_wconf 79' lang='lat' dir='ltr'><strong>Solamne</strong></span> <span class='ocrx_word' id='word_1_464' title='bbox 3170 3003 3415 3059; x_wconf 90' lang='lat' dir='ltr'><strong>eorum,</strong></span> <span class='ocrx_word' id='word_1_465' title='bbox 3460 2932 3906 3065; x_wconf 47' lang='lat' dir='ltr'><strong>qnggxgoeffixistL</strong></span> <span class='ocrx_word' id='word_1_466' title='bbox 3948 2979 4415 3048; x_wconf 85' lang='lat' dir='ltr'><strong>beneficiorum</strong></span> <span class='ocrx_word' id='word_1_467' title='bbox 4461 2983 4598 3068; x_wconf 82' lang='lat' dir='ltr'><strong>sig-</strong></span> 
     </span>
     <span class='ocr_line' id='line_1_76' title="bbox 2645 3066 4598 3151; baseline 0.002 -19"><span class='ocrx_word' id='word_1_468' title='bbox 2645 3067 3088 3133; x_wconf 85' lang='lat' dir='ltr'><strong>nificationem</strong></span> <span class='ocrx_word' id='word_1_469' title='bbox 3130 3067 3447 3134; x_wconf 89' lang='lat' dir='ltr'><strong>habemus</strong></span> <span class='ocrx_word' id='word_1_470' title='bbox 3485 3067 3559 3131; x_wconf 89' lang='lat' dir='ltr'><strong>in</strong></span> <span class='ocrx_word' id='word_1_471' title='bbox 3602 3087 3821 3148; x_wconf 86' lang='lat' dir='ltr'><strong>coena,</strong></span> <span class='ocrx_word' id='word_1_472' title='bbox 3866 3087 3952 3148; x_wconf 83' lang='lat' dir='ltr'><strong>an</strong></span> <span class='ocrx_word' id='word_1_473' title='bbox 3992 3066 4128 3135; x_wconf 88' lang='grc'><strong>11116</strong></span> <span class='ocrx_word' id='word_1_474' title='bbox 4170 3088 4245 3134; x_wconf 90' lang='lat' dir='ltr'><strong>re</strong></span> <span class='ocrx_word' id='word_1_475' title='bbox 4286 3067 4433 3151; x_wconf 80' lang='lat' dir='ltr'><strong>ipsa</strong></span> <span class='ocrx_word' id='word_1_476' title='bbox 4477 3090 4598 3136; x_wconf 91' lang='lat' dir='ltr'><strong>no-</strong></span> 
     </span>
     <span class='ocr_line' id='line_1_77' title="bbox 2649 3152 3223 3221; baseline -0.003 -3"><span class='ocrx_word' id='word_1_477' title='bbox 2649 3153 2745 3220; x_wconf 82' lang='lat' dir='ltr'><strong>bis</strong></span> <span class='ocrx_word' id='word_1_478' title='bbox 2788 3152 3223 3221; x_wconf 78' lang='lat' dir='ltr'><strong>exhibentur?</strong></span> 
     </span>
    </p>
   </div>
   <div class='ocr_carea' id='block_1_14' title="bbox 2641 3273 4598 3908">
    <p class='ocr_par' dir='ltr' id='par_1_40' title="bbox 3546 3273 3698 3311">
     <span class='ocr_line' id='line_1_78' title="bbox 3546 3273 3698 3311; baseline -0.013 -1"><span class='ocrx_word' id='word_1_479' title='bbox 3546 3273 3698 3311; x_wconf 71' lang='lat' dir='ltr'><strong>Pm-</strong></span> 
     </span>
    </p>

    <p class='ocr_par' dir='ltr' id='par_1_41' title="bbox 2641 3322 4598 3908">
     <span class='ocr_line' id='line_1_79' title="bbox 2817 3322 4597 3407; baseline 0.002 -18"><span class='ocrx_word' id='word_1_480' title='bbox 2817 3323 3054 3407; x_wconf 76' lang='lat' dir='ltr'><strong>Quum</strong></span> <span class='ocrx_word' id='word_1_481' title='bbox 3084 3324 3410 3390; x_wconf 88' lang='lat' dir='ltr'><strong>Dominus</strong></span> <span class='ocrx_word' id='word_1_482' title='bbox 3465 3333 3689 3390; x_wconf 86' lang='lat' dir='ltr'><strong>noster</strong></span> <span class='ocrx_word' id='word_1_483' title='bbox 3731 3322 4037 3390; x_wconf 81' lang='lat' dir='ltr'><strong>Christus</strong></span> <span class='ocrx_word' id='word_1_484' title='bbox 4087 3324 4231 3407; x_wconf 87' lang='grc'><strong>1666</strong></span> <span class='ocrx_word' id='word_1_485' title='bbox 4286 3324 4376 3390; x_wconf 86' lang='lat' dir='ltr'><strong>sit</strong></span> <span class='ocrx_word' id='word_1_486' title='bbox 4418 3326 4597 3392; x_wconf 81' lang='lat' dir='ltr'><strong>veri-</strong></span> 
     </span>
     <span class='ocr_line' id='line_1_80' title="bbox 2642 3410 4598 3495; baseline 0.001 -18"><span class='ocrx_word' id='word_1_487' title='bbox 2642 3420 2778 3492; x_wconf 85' lang='lat' dir='ltr'><strong>tas,</strong></span> <span class='ocrx_word' id='word_1_488' title='bbox 2834 3411 3105 3476; x_wconf 89' lang='lat' dir='ltr'><strong>minime</strong></span> <span class='ocrx_word' id='word_1_489' title='bbox 3160 3410 3436 3476; x_wconf 90' lang='lat' dir='ltr'><strong>dubium</strong></span> <span class='ocrx_word' id='word_1_490' title='bbox 3477 3419 3607 3490; x_wconf 90' lang='lat' dir='ltr'><strong>est,</strong></span> <span class='ocrx_word' id='word_1_491' title='bbox 3663 3410 3821 3494; x_wconf 89' lang='lat' dir='ltr'><strong>quin</strong></span> <span class='ocrx_word' id='word_1_492' title='bbox 3874 3410 4372 3494; x_wconf 86' lang='lat' dir='ltr'><strong>promissiones,</strong></span> <span class='ocrx_word' id='word_1_493' title='bbox 4432 3432 4598 3495; x_wconf 89' lang='lat' dir='ltr'><strong>quas</strong></span> 
     </span>
     <span class='ocr_line' id='line_1_81' title="bbox 2644 3495 4597 3580; baseline 0 -17"><span class='ocrx_word' id='word_1_494' title='bbox 2644 3497 2760 3564; x_wconf 85' lang='lat' dir='ltr'><strong>dat</strong></span> <span class='ocrx_word' id='word_1_495' title='bbox 2800 3497 2936 3564; x_wconf 90' lang='grc'><strong>11116</strong></span> <span class='ocrx_word' id='word_1_496' title='bbox 2958 3496 3165 3576; x_wconf 90' lang='lat' dir='ltr'><strong>nobis,</strong></span> <span class='ocrx_word' id='word_1_497' title='bbox 3211 3497 3404 3562; x_wconf 93' lang='lat' dir='ltr'><strong>simul</strong></span> <span class='ocrx_word' id='word_1_498' title='bbox 3453 3495 3653 3561; x_wconf 87' lang='lat' dir='ltr'><strong>etiam</strong></span> <span class='ocrx_word' id='word_1_499' title='bbox 3689 3495 3988 3578; x_wconf 86' lang='lat' dir='ltr'><strong>impleat,</strong></span> <span class='ocrx_word' id='word_1_500' title='bbox 4034 3507 4102 3561; x_wconf 84' lang='lat' dir='ltr'><strong>et</strong></span> <span class='ocrx_word' id='word_1_501' title='bbox 4131 3497 4361 3580; x_wconf 82' lang='lat' dir='ltr'><strong>figuris</strong></span> <span class='ocrx_word' id='word_1_502' title='bbox 4407 3518 4597 3563; x_wconf 88' lang='lat' dir='ltr'><strong>suam</strong></span> 
     </span>
     <span class='ocr_line' id='line_1_82' title="bbox 2642 3579 4593 3665; baseline 0.001 -17"><span class='ocrx_word' id='word_1_503' title='bbox 2642 3583 2841 3649; x_wconf 86' lang='lat' dir='ltr'><strong>addat</strong></span> <span class='ocrx_word' id='word_1_504' title='bbox 2880 3584 3244 3649; x_wconf 81' lang='lat' dir='ltr'><strong>veritatem.</strong></span> <span class='ocrx_word' id='word_1_505' title='bbox 3313 3579 3754 3664; x_wconf 78' lang='lat' dir='ltr'><strong>Quamobrem</strong></span> <span class='ocrx_word' id='word_1_506' title='bbox 3789 3602 3924 3646; x_wconf 90' lang='lat' dir='ltr'><strong>non</strong></span> <span class='ocrx_word' id='word_1_507' title='bbox 3968 3581 4211 3661; x_wconf 82' lang='lat' dir='ltr'><strong>dubito,</strong></span> <span class='ocrx_word' id='word_1_508' title='bbox 4256 3583 4421 3665; x_wconf 88' lang='lat' dir='ltr'><strong>quin</strong></span> <span class='ocrx_word' id='word_1_509' title='bbox 4463 3584 4593 3650; x_wconf 91' lang='grc'><strong>616-</strong></span> 
     </span>
     <span class='ocr_line' id='line_1_83' title="bbox 2643 3668 4590 3753; baseline 0.001 -18"><span class='ocrx_word' id='word_1_510' title='bbox 2643 3671 2742 3735; x_wconf 83' lang='lat' dir='ltr'><strong>uti</strong></span> <span class='ocrx_word' id='word_1_511' title='bbox 2796 3669 3014 3736; x_wconf 86' lang='lat' dir='ltr'><strong>verbis</strong></span> <span class='ocrx_word' id='word_1_512' title='bbox 3066 3689 3142 3735; x_wconf 87' lang='grc'><strong>66</strong></span> <span class='ocrx_word' id='word_1_513' title='bbox 3197 3668 3404 3753; x_wconf 81' lang='lat' dir='ltr'><strong>signis</strong></span> <span class='ocrx_word' id='word_1_514' title='bbox 3467 3677 3781 3747; x_wconf 83' lang='lat' dir='ltr'><strong>testatur,</strong></span> <span class='ocrx_word' id='word_1_515' title='bbox 3848 3668 3943 3732; x_wconf 90' lang='lat' dir='ltr'><strong>ita</strong></span> <span class='ocrx_word' id='word_1_516' title='bbox 4007 3669 4207 3733; x_wconf 85' lang='lat' dir='ltr'><strong>etiam</strong></span> <span class='ocrx_word' id='word_1_517' title='bbox 4264 3688 4423 3733; x_wconf 86' lang='lat' dir='ltr'><strong>suae</strong></span> <span class='ocrx_word' id='word_1_518' title='bbox 4466 3689 4590 3736; x_wconf 88' lang='lat' dir='ltr'><strong>nos</strong></span> 
     </span>
     <span class='ocr_line' id='line_1_84' title="bbox 2643 3754 4589 3837; baseline 0 -17"><span class='ocrx_word' id='word_1_519' title='bbox 2643 3756 3048 3822; x_wconf 85' lang='lat' dir='ltr'><strong>substantiae</strong></span> <span class='ocrx_word' id='word_1_520' title='bbox 3102 3754 3454 3837; x_wconf 82' lang='lat' dir='ltr'><strong>participes</strong></span> <span class='ocrx_word' id='word_1_521' title='bbox 3509 3754 3737 3832; x_wconf 79' lang='lat' dir='ltr'><strong>faciat,</strong></span> <span class='ocrx_word' id='word_1_522' title='bbox 3795 3774 3921 3836; x_wconf 92' lang='lat' dir='ltr'><strong>quo</strong></span> <span class='ocrx_word' id='word_1_523' title='bbox 3956 3754 4026 3818; x_wconf 89' lang='lat' dir='ltr'><strong>in</strong></span> <span class='ocrx_word' id='word_1_524' title='bbox 4070 3775 4273 3820; x_wconf 90' lang='lat' dir='ltr'><strong>unam</strong></span> <span class='ocrx_word' id='word_1_525' title='bbox 4314 3773 4468 3819; x_wconf 84' lang='lat' dir='ltr'><strong>oum</strong></span> <span class='ocrx_word' id='word_1_526' title='bbox 4508 3776 4589 3821; x_wconf 88' lang='lat' dir='ltr'><strong>eo</strong></span> 
     </span>
     <span class='ocr_line' id='line_1_85' title="bbox 2641 3840 3340 3908; baseline -0.006 0"><span class='ocrx_word' id='word_1_527' title='bbox 2641 3843 2848 3908; x_wconf 83' lang='lat' dir='ltr'><strong>vitam</strong></span> <span class='ocrx_word' id='word_1_528' title='bbox 2887 3840 3340 3908; x_wconf 88' lang='lat' dir='ltr'><strong>ooalescamus.</strong></span> 
     </span>
    </p>
   </div>
   <div class='ocr_carea' id='block_1_15' title="bbox 2639 3962 4591 4869">
    <p class='ocr_par' dir='ltr' id='par_1_42' title="bbox 3480 3962 3737 3997">
     <span class='ocr_line' id='line_1_86' title="bbox 3480 3962 3737 3997; baseline -0.004 0"><span class='ocrx_word' id='word_1_529' title='bbox 3480 3962 3737 3997; x_wconf 68' lang='lat' dir='ltr'><strong>mm</strong></span> 
     </span>
    </p>

    <p class='ocr_par' dir='ltr' id='par_1_43' title="bbox 2639 4011 4591 4268">
     <span class='ocr_line' id='line_1_87' title="bbox 2814 4011 4591 4095; baseline 0 -19"><span class='ocrx_word' id='word_1_530' title='bbox 2814 4012 3087 4090; x_wconf 87' lang='lat' dir='ltr'><strong>Verum,</strong></span> <span class='ocrx_word' id='word_1_531' title='bbox 3133 4011 3245 4095; x_wconf 89' lang='lat' dir='ltr'><strong>qui</strong></span> <span class='ocrx_word' id='word_1_532' title='bbox 3288 4011 3410 4078; x_wconf 90' lang='lat' dir='ltr'><strong>hoc</strong></span> <span class='ocrx_word' id='word_1_533' title='bbox 3444 4013 3589 4076; x_wconf 90' lang='lat' dir='ltr'><strong>fieri</strong></span> <span class='ocrx_word' id='word_1_534' title='bbox 3633 4017 3873 4095; x_wconf 84' lang='lat' dir='ltr'><strong>potest,</strong></span> <span class='ocrx_word' id='word_1_535' title='bbox 3919 4031 4123 4095; x_wconf 89' lang='lat' dir='ltr'><strong>quum</strong></span> <span class='ocrx_word' id='word_1_536' title='bbox 4163 4011 4234 4075; x_wconf 93' lang='lat' dir='ltr'><strong>in</strong></span> <span class='ocrx_word' id='word_1_537' title='bbox 4278 4011 4459 4078; x_wconf 85' lang='lat' dir='ltr'><strong>coelo</strong></span> <span class='ocrx_word' id='word_1_538' title='bbox 4500 4011 4591 4077; x_wconf 88' lang='lat' dir='ltr'><strong>sit</strong></span> 
     </span>
     <span class='ocr_line' id='line_1_88' title="bbox 2643 4095 4590 4183; baseline -0.001 -19"><span class='ocrx_word' id='word_1_539' title='bbox 2643 4097 2895 4164; x_wconf 79' lang='lat' dir='ltr'><strong>Christi</strong></span> <span class='ocrx_word' id='word_1_540' title='bbox 2938 4116 3202 4181; x_wconf 88' lang='lat' dir='ltr'><strong>corpus:</strong></span> <span class='ocrx_word' id='word_1_541' title='bbox 3254 4119 3375 4163; x_wconf 86' lang='lat' dir='ltr'><strong>nos</strong></span> <span class='ocrx_word' id='word_1_542' title='bbox 3427 4106 3647 4162; x_wconf 85' lang='lat' dir='ltr'><strong>autem</strong></span> <span class='ocrx_word' id='word_1_543' title='bbox 3688 4097 3763 4162; x_wconf 90' lang='lat' dir='ltr'><strong>in</strong></span> <span class='ocrx_word' id='word_1_544' title='bbox 3796 4105 3975 4161; x_wconf 88' lang='lat' dir='ltr'><strong>terra</strong></span> <span class='ocrx_word' id='word_1_545' title='bbox 4035 4095 4251 4164; x_wconf 87' lang='lat' dir='ltr'><strong>adhuc</strong></span> <span class='ocrx_word' id='word_1_546' title='bbox 4291 4098 4590 4183; x_wconf 81' lang='lat' dir='ltr'><strong>peregri-</strong></span> 
     </span>
     <span class='ocr_line' id='line_1_89' title="bbox 2639 4182 2992 4268; baseline -0.011 -18"><span class='ocrx_word' id='word_1_547' title='bbox 2639 4182 2914 4250; x_wconf 79' lang='lat' dir='ltr'><strong>nemur?</strong></span> <span class='ocrx_word' id='word_1_548' title='bbox 2937 4185 2992 4268; x_wconf 83' lang='lat'><strong>²)</strong></span> 
     </span>
    </p>

    <p class='ocr_par' dir='ltr' id='par_1_44' title="bbox 2726 4304 3688 4340">
     <span class='ocr_line' id='line_1_90' title="bbox 2726 4304 3688 4340; baseline 0.009 -9"><span class='ocrx_word' id='word_1_549' title='bbox 2726 4320 2737 4331; x_wconf 87' lang='lat'><strong>.</strong></span> <span class='ocrx_word' id='word_1_550' title='bbox 3535 4304 3688 4340; x_wconf 69' lang='lat' dir='ltr'>PUER-</span> 
     </span>
    </p>

    <p class='ocr_par' dir='ltr' id='par_1_45' title="bbox 2642 4351 4587 4610">
     <span class='ocr_line' id='line_1_91' title="bbox 2814 4351 4587 4438; baseline 0 -19"><span class='ocrx_word' id='word_1_551' title='bbox 2814 4356 2961 4420; x_wconf 88' lang='lat' dir='ltr'><strong>Hoc</strong></span> <span class='ocrx_word' id='word_1_552' title='bbox 2999 4354 3279 4420; x_wconf 85' lang='lat' dir='ltr'><strong>mirifica</strong></span> <span class='ocrx_word' id='word_1_553' title='bbox 3321 4373 3688 4438; x_wconf 84' lang='lat' dir='ltr'><strong>arcanaque</strong></span> <span class='ocrx_word' id='word_1_554' title='bbox 3744 4355 4013 4437; x_wconf 87' lang='lat' dir='ltr'><strong>spiritus</strong></span> <span class='ocrx_word' id='word_1_555' title='bbox 4056 4355 4158 4420; x_wconf 90' lang='lat' dir='ltr'><strong>sui</strong></span> <span class='ocrx_word' id='word_1_556' title='bbox 4200 4351 4450 4420; x_wconf 79' lang='lat' dir='ltr'><strong>virtute</strong></span> <span class='ocrx_word' id='word_1_557' title='bbox 4491 4353 4587 4419; x_wconf 81' lang='lat' dir='ltr'><strong>ef-</strong></span> 
     </span>
     <span class='ocr_line' id='line_1_92' title="bbox 2642 4440 4587 4524; baseline -0.002 -17"><span class='ocrx_word' id='word_1_558' title='bbox 2642 4441 2807 4507; x_wconf 84' lang='lat' dir='ltr'><strong>ficit:</strong></span> <span class='ocrx_word' id='word_1_559' title='bbox 2852 4441 2954 4506; x_wconf 90' lang='lat' dir='ltr'><strong>cui</strong></span> <span class='ocrx_word' id='word_1_560' title='bbox 3000 4440 3263 4507; x_wconf 84' lang='lat' dir='ltr'><strong>difficile</strong></span> <span class='ocrx_word' id='word_1_561' title='bbox 3306 4462 3441 4506; x_wconf 89' lang='lat' dir='ltr'><strong>non</strong></span> <span class='ocrx_word' id='word_1_562' title='bbox 3483 4448 3587 4506; x_wconf 88' lang='lat' dir='ltr'><strong>est</strong></span> <span class='ocrx_word' id='word_1_563' title='bbox 3629 4442 3895 4520; x_wconf 86' lang='lat' dir='ltr'><strong>sociare,</strong></span> <span class='ocrx_word' id='word_1_564' title='bbox 3941 4461 4108 4524; x_wconf 86' lang='lat' dir='ltr'><strong>quae</strong></span> <span class='ocrx_word' id='word_1_565' title='bbox 4149 4440 4442 4506; x_wconf 85' lang='lat' dir='ltr'><strong>locorum</strong></span> <span class='ocrx_word' id='word_1_566' title='bbox 4482 4440 4587 4504; x_wconf 90' lang='lat' dir='ltr'><strong>in-</strong></span> 
     </span>
     <span class='ocr_line' id='line_1_93' title="bbox 2644 4525 3791 4610; baseline 0.001 -19"><span class='ocrx_word' id='word_1_567' title='bbox 2644 4525 2922 4591; x_wconf 85' lang='lat' dir='ltr'><strong>tervallo</strong></span> <span class='ocrx_word' id='word_1_568' title='bbox 2966 4526 3208 4610; x_wconf 85' lang='lat' dir='ltr'><strong>alioqui</strong></span> <span class='ocrx_word' id='word_1_569' title='bbox 3250 4535 3405 4593; x_wconf 90' lang='lat' dir='ltr'><strong>sunt</strong></span> <span class='ocrx_word' id='word_1_570' title='bbox 3448 4526 3791 4593; x_wconf 83' lang='lat' dir='ltr'><strong>disiuncta.</strong></span> 
     </span>
    </p>

    <p class='ocr_par' dir='ltr' id='par_1_46' title="bbox 3482 4647 3739 4684">
     <span class='ocr_line' id='line_1_94' title="bbox 3482 4647 3739 4684; baseline -0.004 -1"><span class='ocrx_word' id='word_1_571' title='bbox 3482 4647 3739 4684; x_wconf 66' lang='grc' dir='ltr'><strong>ΧΠΠΒΤΒΒ.</strong></span> 
     </span>
    </p>

    <p class='ocr_par' dir='ltr' id='par_1_47' title="bbox 2814 4695 4584 4782">
     <span class='ocr_line' id='line_1_95' title="bbox 2814 4695 4584 4782; baseline 0.001 -20"><span class='ocrx_word' id='word_1_572' title='bbox 2814 4696 2996 4781; x_wconf 82' lang='lat' dir='ltr'><strong>Ergo</strong></span> <span class='ocrx_word' id='word_1_573' title='bbox 3048 4718 3171 4763; x_wconf 88' lang='grc'><strong>666</strong></span> <span class='ocrx_word' id='word_1_574' title='bbox 3236 4718 3472 4781; x_wconf 87' lang='lat' dir='ltr'><strong>corpus</strong></span> <span class='ocrx_word' id='word_1_575' title='bbox 3523 4700 3592 4763; x_wconf 90' lang='lat' dir='ltr'><strong>in</strong></span> <span class='ocrx_word' id='word_1_576' title='bbox 3646 4717 3815 4782; x_wconf 89' lang='lat' dir='ltr'><strong>pane</strong></span> <span class='ocrx_word' id='word_1_577' title='bbox 3870 4695 4197 4763; x_wconf 89' lang='lat' dir='ltr'><strong>inclusum</strong></span> <span class='ocrx_word' id='word_1_578' title='bbox 4239 4717 4415 4778; x_wconf 87' lang='grc'><strong>6666,</strong></span> <span class='ocrx_word' id='word_1_579' title='bbox 4462 4716 4584 4763; x_wconf 85' lang='grc'><strong>666</strong></span> 
     </span>
    </p>

    <p class='ocr_par' dir='ltr' id='par_1_48' title="bbox 2644 4781 3905 4869">
     <span class='ocr_line' id='line_1_96' title="bbox 2644 4781 3905 4869; baseline 0 -21"><span class='ocrx_word' id='word_1_580' title='bbox 2644 4783 3038 4868; x_wconf 79' lang='lat' dir='ltr'><strong>sanguinem</strong></span> <span class='ocrx_word' id='word_1_581' title='bbox 3080 4784 3152 4848; x_wconf 91' lang='lat' dir='ltr'><strong>in</strong></span> <span class='ocrx_word' id='word_1_582' title='bbox 3195 4784 3394 4851; x_wconf 85' lang='lat' dir='ltr'><strong>calice</strong></span> <span class='ocrx_word' id='word_1_583' title='bbox 3432 4781 3856 4869; x_wconf 78' lang='lat' dir='ltr'><strong>imaginaris?</strong></span> <span class='ocrx_word' id='word_1_584' title='bbox 3900 4817 3905 4823; x_wconf 90' lang='lat'><strong>·</strong></span> 
     </span>
    </p>
   </div>
   <div class='ocr_carea' id='block_1_16' title="bbox 3647 5036 4581 5107">
    <p class='ocr_par' dir='ltr' id='par_1_49' title="bbox 3647 5036 4581 5107">
     <span class='ocr_line' id='line_1_97' title="bbox 3647 5036 4581 5107; baseline 0 -14"><span class='ocrx_word' id='word_1_585' title='bbox 3647 5036 3837 5106; x_wconf 71' lang='lat' dir='ltr'><strong>figure.</strong></span> <span class='ocrx_word' id='word_1_586' title='bbox 3880 5065 3949 5077; x_wconf 90' lang='lat'><strong>--</strong></span> <span class='ocrx_word' id='word_1_587' title='bbox 4000 5037 4116 5107; x_wconf 79' lang='lat' dir='ltr'><strong>Quo</strong></span> <span class='ocrx_word' id='word_1_588' title='bbox 4150 5055 4288 5095; x_wconf 75' lang='lat' dir='ltr'><strong>nous</strong></span> <span class='ocrx_word' id='word_1_589' title='bbox 4322 5052 4581 5095; x_wconf 74' lang='lat' dir='ltr'><strong>recovons</strong></span> 
     </span>
    </p>
   </div>
   <div class='ocr_carea' id='block_1_17' title="bbox 594 5053 4579 5176">
    <p class='ocr_par' dir='ltr' id='par_1_50' title="bbox 594 5053 4579 5176">
     <span class='ocr_line' id='line_1_98' title="bbox 594 5053 4579 5176; baseline 0.001 -16"><span class='ocrx_word' id='word_1_590' title='bbox 594 5104 751 5161; x_wconf 85' lang='lat' dir='ltr'><strong>Iesus</strong></span> <span class='ocrx_word' id='word_1_591' title='bbox 797 5103 977 5159; x_wconf 84' lang='lat' dir='ltr'><strong>Christ</strong></span> <span class='ocrx_word' id='word_1_592' title='bbox 1019 5119 1087 5158; x_wconf 88' lang='lat' dir='ltr'><strong>eu</strong></span> <span class='ocrx_word' id='word_1_593' title='bbox 1133 5104 1189 5157; x_wconf 87' lang='grc'><strong>16</strong></span> <span class='ocrx_word' id='word_1_594' title='bbox 1233 5103 1404 5169; x_wconf 88' lang='lat' dir='ltr'><strong>Cene,</strong></span> <span class='ocrx_word' id='word_1_595' title='bbox 1450 5111 1507 5158; x_wconf 82' lang='lat' dir='ltr'><strong>et</strong></span> <span class='ocrx_word' id='word_1_596' title='bbox 1542 5111 1822 5159; x_wconf 82' lang='lat' dir='ltr'><strong>comment.</strong></span> <span class='ocrx_word' id='word_1_597' title='bbox 1869 5135 1936 5145; x_wconf 90' lang='lat'><strong>—-</strong></span> <span class='ocrx_word' id='word_1_598' title='bbox 1982 5053 2098 5173; x_wconf 57' lang='lat' dir='ltr'><strong>ffiee</strong></span> <span class='ocrx_word' id='word_1_599' title='bbox 2135 5105 2270 5163; x_wconf 80' lang='lat' dir='ltr'><strong>c’est</strong></span> <span class='ocrx_word' id='word_1_600' title='bbox 2302 5105 2431 5176; x_wconf 87' lang='lat' dir='ltr'><strong>qu’il</strong></span> <span class='ocrx_word' id='word_1_601' title='bbox 2465 5107 2587 5162; x_wconf 77' lang='lat' dir='ltr'><strong>faut</strong></span> <span class='ocrx_word' id='word_1_602' title='bbox 2620 5108 2755 5163; x_wconf 71' lang='lat' dir='ltr'><strong>faire</strong></span> <span class='ocrx_word' id='word_1_603' title='bbox 2790 5122 2931 5175; x_wconf 84' lang='lat' dir='ltr'><strong>pour</strong></span> <span class='ocrx_word' id='word_1_604' title='bbox 2964 5108 3118 5162; x_wconf 80' lang='lat' dir='ltr'><strong>avoir</strong></span> <span class='ocrx_word' id='word_1_605' title='bbox 3150 5107 3207 5161; x_wconf 83' lang='lat' dir='ltr'><strong>la</strong></span> <span class='ocrx_word' id='word_1_606' title='bbox 3249 5108 3420 5162; x_wconf 74' lang='lat' dir='ltr'><strong>verite</strong></span> <span class='ocrx_word' id='word_1_607' title='bbox 3466 5106 3539 5161; x_wconf 87' lang='lat' dir='ltr'><strong>du</strong></span> <span class='ocrx_word' id='word_1_608' title='bbox 3583 5106 3913 5164; x_wconf 65' lang='lat' dir='ltr'><strong>sustentent.</strong></span> <span class='ocrx_word' id='word_1_609' title='bbox 3959 5135 4029 5148; x_wconf 88' lang='lat'><strong>--</strong></span> <span class='ocrx_word' id='word_1_610' title='bbox 4074 5111 4244 5164; x_wconf 77' lang='lat' dir='ltr'><strong>Artes</strong></span> <span class='ocrx_word' id='word_1_611' title='bbox 4286 5108 4353 5164; x_wconf 88' lang='grc'><strong>(16</strong></span> <span class='ocrx_word' id='word_1_612' title='bbox 4399 5108 4457 5163; x_wconf 80' lang='lat' dir='ltr'><strong>la</strong></span> <span class='ocrx_word' id='word_1_613' title='bbox 4496 5121 4579 5162; x_wconf 74' lang='lat' dir='ltr'><strong>re-</strong></span> 
     </span>
    </p>
   </div>
   <div class='ocr_carea' id='block_1_18' title="bbox 596 5174 915 5230">
    <p class='ocr_par' dir='ltr' id='par_1_51' title="bbox 596 5174 915 5230">
     <span class='ocr_line' id='line_1_99' title="bbox 596 5174 915 5230; baseline -0.009 -1"><span class='ocrx_word' id='word_1_614' title='bbox 596 5174 915 5230; x_wconf 72' lang='lat' dir='ltr'><strong>suri-oetion.</strong></span> 
     </span>
    </p>
   </div>
   <div class='ocr_carea' id='block_1_19' title="bbox 901 5239 3557 5313">
    <p class='ocr_par' dir='ltr' id='par_1_52' title="bbox 901 5239 3557 5313">
     <span class='ocr_line' id='line_1_100' title="bbox 901 5239 3557 5313; baseline 0.001 -17"><span class='ocrx_word' id='word_1_615' title='bbox 901 5241 963 5311; x_wconf 82' lang='lat'><strong>2)</strong></span> <span class='ocrx_word' id='word_1_616' title='bbox 999 5241 1359 5312; x_wconf 65' lang='lat' dir='ltr'><strong>Antiquom</strong></span> <span class='ocrx_word' id='word_1_617' title='bbox 1391 5239 1526 5295; x_wconf 67' lang='lat' dir='ltr'><strong>libri</strong></span> <span class='ocrx_word' id='word_1_618' title='bbox 1551 5240 1668 5306; x_wconf 80' lang='lat' dir='ltr'><strong>fere</strong></span> <span class='ocrx_word' id='word_1_619' title='bbox 1701 5255 1884 5294; x_wconf 66' lang='lat' dir='ltr'><strong>omnen</strong></span> <span class='ocrx_word' id='word_1_620' title='bbox 1916 5242 2139 5298; x_wconf 70' lang='lat' dir='ltr'><strong>habent.-</strong></span> <span class='ocrx_word' id='word_1_621' title='bbox 2172 5245 2607 5313; x_wconf 69' lang='lat' dir='ltr'><strong>peregrinamur.⁴</strong></span> <span class='ocrx_word' id='word_1_622' title='bbox 2662 5242 2885 5296; x_wconf 69' lang='lat' dir='ltr'><strong>Pn‘mus</strong></span> <span class='ocrx_word' id='word_1_623' title='bbox 2916 5243 3225 5298; x_wconf 54' lang='lat' dir='ltr'><strong>mendac&amp;</strong></span> <span class='ocrx_word' id='word_1_624' title='bbox 3259 5243 3557 5299; x_wconf 66' lang='lat' dir='ltr'><strong>Gallonius.</strong></span> 
     </span>
    </p>
   </div>
   <div class='ocr_carea' id='block_1_20' title="bbox 4905 5 4934 3590">
    <p class='ocr_par' dir='ltr' id='par_1_53' title="bbox 4905 5 4934 3590">
     <span class='ocr_line' id='line_1_101' title="bbox 4905 5 4934 3590; baseline 0 0"><span class='ocrx_word' id='word_1_625' title='bbox 4905 5 4934 3590; x_wconf 95' lang='lat' dir='ltr'><strong> </strong></span> 
     </span>
    </p>
   </div>
   <div class='ocr_carea' id='block_1_21' title="bbox 4911 3915 4922 5964">
    <p class='ocr_par' dir='ltr' id='par_1_54' title="bbox 4911 3915 4922 5964">
     <span class='ocr_line' id='line_1_102' title="bbox 4911 3915 4922 5964; baseline 0 0"><span class='ocrx_word' id='word_1_626' title='bbox 4911 3915 4922 5964; x_wconf 95' lang='lat' dir='ltr'><strong> </strong></span> 
     </span>
    </p>
   </div>
  </div>
 </body>
</html>
