<?xml version="1.0" encoding="UTF-8"?>
<!DOCTYPE html PUBLIC "-//W3C//DTD XHTML 1.0 Transitional//EN"
    "http://www.w3.org/TR/xhtml1/DTD/xhtml1-transitional.dtd">
<html xmlns="http://www.w3.org/1999/xhtml" xml:lang="en" lang="en">
 <head>
  <title>
</title>
<meta http-equiv="Content-Type" content="text/html;charset=utf-8" />
  <meta name='ocr-system' content='tesseract 3.04.00' />
  <meta name='ocr-capabilities' content='ocr_page ocr_carea ocr_par ocr_line ocrx_word'/>
</head>
<body>
  <div class='ocr_page' id='page_1' title='image "./ioanniscalvinio02unkngoog_0228.png"; bbox 0 0 4967 5992; ppageno 0'>
   <div class='ocr_carea' id='block_1_1' title="bbox 65 3595 78 4646">
    <p class='ocr_par' dir='ltr' id='par_1_1' title="bbox 65 3595 78 4646">
     <span class='ocr_line' id='line_1_1' title="bbox 65 3595 78 4646; baseline 0 0"><span class='ocrx_word' id='word_1_1' title='bbox 65 3595 78 4646; x_wconf 95' lang='lat' dir='ltr'><strong> </strong></span> 
     </span>
    </p>
   </div>
   <div class='ocr_carea' id='block_1_2' title="bbox 565 333 690 395">
    <p class='ocr_par' dir='ltr' id='par_1_2' title="bbox 565 333 690 395">
     <span class='ocr_line' id='line_1_2' title="bbox 565 333 690 395; baseline -0.016 0"><span class='ocrx_word' id='word_1_2' title='bbox 565 333 690 395; x_wconf 80' lang='lat'><strong>379</strong></span> 
     </span>
    </p>
   </div>
   <div class='ocr_carea' id='block_1_3' title="bbox 559 506 2533 4193">
    <p class='ocr_par' dir='ltr' id='par_1_3' title="bbox 559 506 2533 4193">
     <span class='ocr_line' id='line_1_3' title="bbox 561 506 2522 600; baseline -0.008 -15"><span class='ocrx_word' id='word_1_3' title='bbox 561 519 775 585; x_wconf 83' lang='lat' dir='ltr'><strong>sancti</strong></span> <span class='ocrx_word' id='word_1_4' title='bbox 825 515 1041 600; x_wconf 78' lang='lat' dir='ltr'><strong>gratia</strong></span> <span class='ocrx_word' id='word_1_5' title='bbox 1090 514 1164 578; x_wconf 89' lang='lat' dir='ltr'><strong>in</strong></span> <span class='ocrx_word' id='word_1_6' title='bbox 1222 515 1457 578; x_wconf 86' lang='lat' dir='ltr'><strong>bonam</strong></span> <span class='ocrx_word' id='word_1_7' title='bbox 1512 518 1828 578; x_wconf 86' lang='lat' dir='ltr'><strong>mutetur.</strong></span> <span class='ocrx_word' id='word_1_8' title='bbox 1918 509 2149 590; x_wconf 80' lang='lat' dir='ltr'>Neque</span> <span class='ocrx_word' id='word_1_9' title='bbox 2204 509 2297 574; x_wconf 90' lang='lat' dir='ltr'><strong>sic</strong></span> <span class='ocrx_word' id='word_1_10' title='bbox 2358 506 2522 571; x_wconf 86' lang='lat' dir='ltr'><strong>ima-</strong></span> 
     </span>
     <span class='ocr_line' id='line_1_4' title="bbox 563 600 2521 690; baseline -0.006 -22"><span class='ocrx_word' id='word_1_11' title='bbox 563 606 784 690; x_wconf 87' lang='lat' dir='ltr'><strong>ginor,</strong></span> <span class='ocrx_word' id='word_1_12' title='bbox 834 601 979 666; x_wconf 88' lang='lat' dir='ltr'><strong>fieri</strong></span> <span class='ocrx_word' id='word_1_13' title='bbox 1032 619 1282 664; x_wconf 88' lang='lat' dir='ltr'><strong>novum</strong></span> <span class='ocrx_word' id='word_1_14' title='bbox 1326 600 1748 682; x_wconf 80' lang='lat' dir='ltr'><strong>figmentum,</strong></span> <span class='ocrx_word' id='word_1_15' title='bbox 1806 602 1925 661; x_wconf 91' lang='lat' dir='ltr'><strong>aut</strong></span> <span class='ocrx_word' id='word_1_16' title='bbox 1967 615 2207 659; x_wconf 88' lang='lat' dir='ltr'><strong>novam</strong></span> <span class='ocrx_word' id='word_1_17' title='bbox 2264 601 2521 658; x_wconf 87' lang='lat' dir='ltr'><strong>creatu-</strong></span> 
     </span>
     <span class='ocr_line' id='line_1_5' title="bbox 560 677 2518 766; baseline -0.006 -12"><span class='ocrx_word' id='word_1_18' title='bbox 560 711 703 754; x_wconf 87' lang='lat' dir='ltr'><strong>ram</strong></span> <span class='ocrx_word' id='word_1_19' title='bbox 724 739 738 765; x_wconf 91' lang='lat'><strong>,</strong></span> <span class='ocrx_word' id='word_1_20' title='bbox 796 696 904 763; x_wconf 89' lang='lat' dir='ltr'><strong>ut,</strong></span> <span class='ocrx_word' id='word_1_21' title='bbox 963 684 1208 751; x_wconf 90' lang='lat' dir='ltr'><strong>abolita</strong></span> <span class='ocrx_word' id='word_1_22' title='bbox 1253 682 1621 749; x_wconf 87' lang='lat' dir='ltr'><strong>substantia</strong></span> <span class='ocrx_word' id='word_1_23' title='bbox 1664 682 1911 766; x_wconf 88' lang='lat' dir='ltr'><strong>priore,</strong></span> <span class='ocrx_word' id='word_1_24' title='bbox 1970 700 2144 746; x_wconf 86' lang='lat' dir='ltr'><strong>nova</strong></span> <span class='ocrx_word' id='word_1_25' title='bbox 2196 677 2518 744; x_wconf 84' lang='lat' dir='ltr'><strong>succedat.</strong></span> 
     </span>
     <span class='ocr_line' id='line_1_6' title="bbox 560 764 2522 840; baseline -0.006 0"><span class='ocrx_word' id='word_1_26' title='bbox 560 774 997 840; x_wconf 73' lang='lat' dir='ltr'><strong>Voluntatem</strong></span> <span class='ocrx_word' id='word_1_27' title='bbox 1041 771 1219 836; x_wconf 90' lang='lat' dir='ltr'><strong>enim</strong></span> <span class='ocrx_word' id='word_1_28' title='bbox 1263 769 1654 835; x_wconf 85' lang='lat' dir='ltr'><strong>nominatim</strong></span> <span class='ocrx_word' id='word_1_29' title='bbox 1696 786 2149 836; x_wconf 85' lang='lat' dir='ltr'><strong>commemoro,</strong></span> <span class='ocrx_word' id='word_1_30' title='bbox 2190 766 2359 830; x_wconf 91' lang='lat' dir='ltr'><strong>sicut</strong></span> <span class='ocrx_word' id='word_1_31' title='bbox 2402 764 2522 828; x_wconf 91' lang='lat' dir='ltr'><strong>ho-</strong></span> 
     </span>
     <span class='ocr_line' id='line_1_7' title="bbox 560 850 2522 940; baseline -0.006 -14"><span class='ocrx_word' id='word_1_32' title='bbox 560 861 727 928; x_wconf 88' lang='lat' dir='ltr'><strong>mini</strong></span> <span class='ocrx_word' id='word_1_33' title='bbox 773 867 877 925; x_wconf 90' lang='lat' dir='ltr'><strong>est</strong></span> <span class='ocrx_word' id='word_1_34' title='bbox 918 858 1000 923; x_wconf 89' lang='lat' dir='ltr'><strong>ab</strong></span> <span class='ocrx_word' id='word_1_35' title='bbox 1041 858 1230 921; x_wconf 89' lang='lat' dir='ltr'><strong>initio</strong></span> <span class='ocrx_word' id='word_1_36' title='bbox 1274 856 1568 940; x_wconf 87' lang='lat' dir='ltr'><strong>ingenita</strong></span> <span class='ocrx_word' id='word_1_37' title='bbox 1583 905 1598 932; x_wconf 89' lang='lat'><strong>,</strong></span> <span class='ocrx_word' id='word_1_38' title='bbox 1646 873 1905 935; x_wconf 91' lang='lat' dir='ltr'><strong>semper</strong></span> <span class='ocrx_word' id='word_1_39' title='bbox 1946 872 2242 916; x_wconf 89' lang='lat' dir='ltr'><strong>manere:</strong></span> <span class='ocrx_word' id='word_1_40' title='bbox 2289 851 2358 914; x_wconf 91' lang='lat' dir='ltr'><strong>in</strong></span> <span class='ocrx_word' id='word_1_41' title='bbox 2402 850 2522 914; x_wconf 86' lang='lat' dir='ltr'><strong>ha-</strong></span> 
     </span>
     <span class='ocr_line' id='line_1_8' title="bbox 559 935 2519 1029; baseline -0.007 -17"><span class='ocrx_word' id='word_1_42' title='bbox 559 946 708 1013; x_wconf 88' lang='lat' dir='ltr'><strong>bitu</strong></span> <span class='ocrx_word' id='word_1_43' title='bbox 770 945 1003 1029; x_wconf 80' lang='lat' dir='ltr'><strong>igitur,</strong></span> <span class='ocrx_word' id='word_1_44' title='bbox 1069 963 1203 1007; x_wconf 92' lang='lat' dir='ltr'><strong>non</strong></span> <span class='ocrx_word' id='word_1_45' title='bbox 1266 941 1339 1004; x_wconf 87' lang='lat' dir='ltr'><strong>in</strong></span> <span class='ocrx_word' id='word_1_46' title='bbox 1393 941 1790 1018; x_wconf 82' lang='lat' dir='ltr'><strong>substantia,</strong></span> <span class='ocrx_word' id='word_1_47' title='bbox 1857 959 2000 1004; x_wconf 89' lang='lat' dir='ltr'><strong>esse</strong></span> <span class='ocrx_word' id='word_1_48' title='bbox 2065 935 2519 1001; x_wconf 86' lang='lat' dir='ltr'><strong>mutationem.</strong></span> 
     </span>
     <span class='ocr_line' id='line_1_9' title="bbox 562 1020 2521 1098; baseline -0.006 -2"><span class='ocrx_word' id='word_1_49' title='bbox 562 1033 697 1098; x_wconf 88' lang='lat' dir='ltr'><strong>Per</strong></span> <span class='ocrx_word' id='word_1_50' title='bbox 760 1027 1077 1096; x_wconf 89' lang='lat' dir='ltr'><strong>eiusmodi</strong></span> <span class='ocrx_word' id='word_1_51' title='bbox 1151 1028 1649 1091; x_wconf 79' lang='lat' dir='ltr'><strong>renovationem</strong></span> <span class='ocrx_word' id='word_1_52' title='bbox 1714 1044 1827 1089; x_wconf 89' lang='lat' dir='ltr'><strong>cor</strong></span> <span class='ocrx_word' id='word_1_53' title='bbox 1891 1021 2037 1089; x_wconf 91' lang='lat' dir='ltr'><strong>dico</strong></span> <span class='ocrx_word' id='word_1_54' title='bbox 2102 1020 2278 1086; x_wconf 86' lang='lat' dir='ltr'><strong>aliud</strong></span> <span class='ocrx_word' id='word_1_55' title='bbox 2343 1022 2490 1085; x_wconf 90' lang='lat' dir='ltr'><strong>fieri</strong></span> <span class='ocrx_word' id='word_1_56' title='bbox 2504 1044 2521 1098; x_wconf 91' lang='lat'>;</span> 
     </span>
     <span class='ocr_line' id='line_1_10' title="bbox 562 1107 2523 1191; baseline -0.008 -7"><span class='ocrx_word' id='word_1_57' title='bbox 562 1116 787 1184; x_wconf 87' lang='lat' dir='ltr'><strong>David</strong></span> <span class='ocrx_word' id='word_1_58' title='bbox 857 1123 1078 1180; x_wconf 90' lang='lat' dir='ltr'><strong>autem</strong></span> <span class='ocrx_word' id='word_1_59' title='bbox 1137 1132 1251 1178; x_wconf 89' lang='lat' dir='ltr'><strong>cor</strong></span> <span class='ocrx_word' id='word_1_60' title='bbox 1317 1133 1560 1177; x_wconf 88' lang='lat' dir='ltr'><strong>novum</strong></span> <span class='ocrx_word' id='word_1_61' title='bbox 1629 1112 1855 1175; x_wconf 90' lang='lat' dir='ltr'><strong>creari.</strong></span> <span class='ocrx_word' id='word_1_62' title='bbox 1947 1107 2228 1191; x_wconf 83' lang='lat' dir='ltr'>Pighius</span> <span class='ocrx_word' id='word_1_63' title='bbox 2281 1115 2523 1182; x_wconf 91' lang='lat' dir='ltr'><strong>autem,</strong></span> 
     </span>
     <span class='ocr_line' id='line_1_11' title="bbox 565 1190 2523 1288; baseline -0.008 -19"><span class='ocrx_word' id='word_1_64' title='bbox 565 1203 896 1288; x_wconf 81' lang='lat' dir='ltr'><strong>praefatus</strong></span> <span class='ocrx_word' id='word_1_65' title='bbox 919 1221 989 1266; x_wconf 90' lang='lat' dir='ltr'><strong>se</strong></span> <span class='ocrx_word' id='word_1_66' title='bbox 1024 1198 1108 1264; x_wconf 88' lang='lat' dir='ltr'><strong>ad</strong></span> <span class='ocrx_word' id='word_1_67' title='bbox 1138 1209 1273 1263; x_wconf 90' lang='lat' dir='ltr'><strong>tam</strong></span> <span class='ocrx_word' id='word_1_68' title='bbox 1309 1197 1454 1262; x_wconf 89' lang='lat' dir='ltr'><strong>dira</strong></span> <span class='ocrx_word' id='word_1_69' title='bbox 1493 1204 1796 1280; x_wconf 86' lang='lat' dir='ltr'><strong>portenta</strong></span> <span class='ocrx_word' id='word_1_70' title='bbox 1825 1196 2303 1275; x_wconf 77' lang='lat' dir='ltr'><strong>obstupescere,</strong></span> <span class='ocrx_word' id='word_1_71' title='bbox 2350 1190 2523 1256; x_wconf 90' lang='lat' dir='ltr'><strong>mul-</strong></span> 
     </span>
     <span class='ocr_line' id='line_1_12' title="bbox 566 1277 1937 1366; baseline -0.006 -13"><span class='ocrx_word' id='word_1_72' title='bbox 566 1291 651 1353; x_wconf 91' lang='lat' dir='ltr'><strong>tis</strong></span> <span class='ocrx_word' id='word_1_73' title='bbox 726 1286 1034 1352; x_wconf 85' lang='lat' dir='ltr'><strong>conviciis</strong></span> <span class='ocrx_word' id='word_1_74' title='bbox 1100 1305 1207 1348; x_wconf 91' lang='lat' dir='ltr'><strong>me</strong></span> <span class='ocrx_word' id='word_1_75' title='bbox 1288 1283 1703 1366; x_wconf 78' lang='lat' dir='ltr'><strong>persequitur</strong></span> <span class='ocrx_word' id='word_1_76' title='bbox 1765 1277 1937 1362; x_wconf 89' lang='lat' dir='ltr'><strong>quod</strong></span> 
     </span>
     <span class='ocr_line' id='line_1_13' title="bbox 565 1363 2521 1449; baseline -0.008 -8"><span class='ocrx_word' id='word_1_77' title='bbox 565 1373 1023 1441; x_wconf 76' lang='lat' dir='ltr'><strong>substantiam.</strong></span> <span class='ocrx_word' id='word_1_78' title='bbox 1113 1368 1361 1433; x_wconf 86' lang='lat' dir='ltr'><strong>Videre</strong></span> <span class='ocrx_word' id='word_1_79' title='bbox 1406 1389 1585 1433; x_wconf 90' lang='lat' dir='ltr'><strong>nunc</strong></span> <span class='ocrx_word' id='word_1_80' title='bbox 1630 1377 1730 1432; x_wconf 87' lang='lat' dir='ltr'><strong>est</strong></span> <span class='ocrx_word' id='word_1_81' title='bbox 1772 1363 1929 1449; x_wconf 91' lang='lat' dir='ltr'><strong>quid</strong></span> <span class='ocrx_word' id='word_1_82' title='bbox 1969 1363 2221 1431; x_wconf 87' lang='lat' dir='ltr'><strong>cerebri</strong></span> <span class='ocrx_word' id='word_1_83' title='bbox 2261 1363 2521 1428; x_wconf 84' lang='lat' dir='ltr'><strong>habeat.</strong></span> 
     </span>
     <span class='ocr_line' id='line_1_14' title="bbox 563 1447 2524 1544; baseline -0.006 -19"><span class='ocrx_word' id='word_1_84' title='bbox 563 1460 717 1544; x_wconf 90' lang='lat' dir='ltr'><strong>Ipse</strong></span> <span class='ocrx_word' id='word_1_85' title='bbox 759 1466 980 1523; x_wconf 88' lang='lat' dir='ltr'><strong>autem</strong></span> <span class='ocrx_word' id='word_1_86' title='bbox 1026 1454 1309 1539; x_wconf 78' lang='lat' dir='ltr'><strong>qualiter</strong></span> <span class='ocrx_word' id='word_1_87' title='bbox 1353 1450 1868 1536; x_wconf 79' lang='lat' dir='ltr'><strong>interpretatur?</strong></span> <span class='ocrx_word' id='word_1_88' title='bbox 1929 1451 2167 1534; x_wconf 85' lang='lat' dir='ltr'><strong>Longa</strong></span> <span class='ocrx_word' id='word_1_89' title='bbox 2210 1447 2524 1533; x_wconf 87' lang='lat' dir='ltr'><strong>peccandi</strong></span> 
     </span>
     <span class='ocr_line' id='line_1_15' title="bbox 565 1534 2525 1619; baseline -0.007 -8"><span class='ocrx_word' id='word_1_90' title='bbox 565 1543 1039 1611; x_wconf 82' lang='lat' dir='ltr'><strong>consuetudine</strong></span> <span class='ocrx_word' id='word_1_91' title='bbox 1091 1542 1534 1605; x_wconf 87' lang='lat' dir='ltr'><strong>inveteratum</strong></span> <span class='ocrx_word' id='word_1_92' title='bbox 1587 1558 1700 1604; x_wconf 87' lang='lat' dir='ltr'><strong>cor</strong></span> <span class='ocrx_word' id='word_1_93' title='bbox 1764 1537 2135 1619; x_wconf 84' lang='lat' dir='ltr'><strong>relinquere</strong></span> <span class='ocrx_word' id='word_1_94' title='bbox 2196 1534 2525 1618; x_wconf 79' lang='lat' dir='ltr'><strong>lapideam</strong></span> 
     </span>
     <span class='ocr_line' id='line_1_16' title="bbox 567 1618 2524 1707; baseline -0.007 -11"><span class='ocrx_word' id='word_1_95' title='bbox 567 1652 759 1696; x_wconf 85' lang='lat' dir='ltr'><strong>suam</strong></span> <span class='ocrx_word' id='word_1_96' title='bbox 804 1628 1114 1694; x_wconf 86' lang='lat' dir='ltr'><strong>duritiem</strong></span> <span class='ocrx_word' id='word_1_97' title='bbox 1160 1625 1528 1707; x_wconf 84' lang='lat' dir='ltr'><strong>mollirique</strong></span> <span class='ocrx_word' id='word_1_98' title='bbox 1572 1631 1895 1707; x_wconf 88' lang='lat' dir='ltr'><strong>oportere,</strong></span> <span class='ocrx_word' id='word_1_99' title='bbox 1951 1629 2032 1686; x_wconf 90' lang='lat' dir='ltr'><strong>ut</strong></span> <span class='ocrx_word' id='word_1_100' title='bbox 2073 1619 2380 1686; x_wconf 89' lang='lat' dir='ltr'><strong>sensibile</strong></span> <span class='ocrx_word' id='word_1_101' title='bbox 2423 1618 2524 1684; x_wconf 92' lang='lat' dir='ltr'><strong>di-</strong></span> 
     </span>
     <span class='ocr_line' id='line_1_17' title="bbox 565 1705 2525 1798; baseline -0.006 -16"><span class='ocrx_word' id='word_1_102' title='bbox 565 1718 868 1798; x_wconf 86' lang='lat' dir='ltr'><strong>vinisque</strong></span> <span class='ocrx_word' id='word_1_103' title='bbox 918 1709 1455 1796; x_wconf 87' lang='lat' dir='ltr'><strong>impressionibus</strong></span> <span class='ocrx_word' id='word_1_104' title='bbox 1511 1721 1739 1792; x_wconf 89' lang='lat' dir='ltr'><strong>aptum</strong></span> <span class='ocrx_word' id='word_1_105' title='bbox 1754 1759 1770 1785; x_wconf 91' lang='lat'><strong>,</strong></span> <span class='ocrx_word' id='word_1_106' title='bbox 1836 1728 2085 1790; x_wconf 83' lang='lat' dir='ltr'><strong>sequax</strong></span> <span class='ocrx_word' id='word_1_107' title='bbox 2149 1728 2226 1772; x_wconf 91' lang='lat' dir='ltr'><strong>ac</strong></span> <span class='ocrx_word' id='word_1_108' title='bbox 2283 1705 2525 1771; x_wconf 80' lang='lat' dir='ltr'><strong>ductile</strong></span> 
     </span>
     <span class='ocr_line' id='line_1_18' title="bbox 565 1793 2524 1877; baseline -0.006 -10"><span class='ocrx_word' id='word_1_109' title='bbox 565 1804 700 1868; x_wconf 84' lang='lat' dir='ltr'><strong>fiat.</strong></span> <span class='ocrx_word' id='word_1_110' title='bbox 788 1799 1030 1865; x_wconf 82' lang='lat' dir='ltr'><strong>Merito</strong></span> <span class='ocrx_word' id='word_1_111' title='bbox 1073 1805 1251 1862; x_wconf 90' lang='lat' dir='ltr'><strong>certe</strong></span> <span class='ocrx_word' id='word_1_112' title='bbox 1295 1796 1420 1861; x_wconf 90' lang='lat' dir='ltr'><strong>hoc</strong></span> <span class='ocrx_word' id='word_1_113' title='bbox 1474 1801 1883 1877; x_wconf 75' lang='lat' dir='ltr'><strong>contemptae</strong></span> <span class='ocrx_word' id='word_1_114' title='bbox 1927 1793 2291 1876; x_wconf 82' lang='lat' dir='ltr'><strong>scripturae</strong></span> <span class='ocrx_word' id='word_1_115' title='bbox 2330 1811 2524 1873; x_wconf 86' lang='lat' dir='ltr'><strong>prae-</strong></span> 
     </span>
     <span class='ocr_line' id='line_1_19' title="bbox 565 1878 2526 1965; baseline -0.006 -14"><span class='ocrx_word' id='word_1_116' title='bbox 565 1888 775 1952; x_wconf 90' lang='lat' dir='ltr'><strong>mium</strong></span> <span class='ocrx_word' id='word_1_117' title='bbox 816 1884 1043 1960; x_wconf 86' lang='lat' dir='ltr'><strong>refert,</strong></span> <span class='ocrx_word' id='word_1_118' title='bbox 1112 1891 1191 1946; x_wconf 90' lang='lat' dir='ltr'><strong>ut</strong></span> <span class='ocrx_word' id='word_1_119' title='bbox 1244 1891 1381 1946; x_wconf 92' lang='lat' dir='ltr'><strong>tam</strong></span> <span class='ocrx_word' id='word_1_120' title='bbox 1438 1880 1697 1965; x_wconf 83' lang='lat' dir='ltr'><strong>fridigis</strong></span> <span class='ocrx_word' id='word_1_121' title='bbox 1739 1880 2158 1964; x_wconf 83' lang='lat' dir='ltr'><strong>profanisque</strong></span> <span class='ocrx_word' id='word_1_122' title='bbox 2200 1878 2526 1960; x_wconf 88' lang='lat' dir='ltr'><strong>interpre-</strong></span> 
     </span>
     <span class='ocr_line' id='line_1_20' title="bbox 568 1962 2524 2046; baseline -0.005 -10"><span class='ocrx_word' id='word_1_123' title='bbox 568 1970 930 2036; x_wconf 83' lang='lat' dir='ltr'><strong>tationibus</strong></span> <span class='ocrx_word' id='word_1_124' title='bbox 974 1989 1229 2034; x_wconf 87' lang='lat' dir='ltr'><strong>sacram</strong></span> <span class='ocrx_word' id='word_1_125' title='bbox 1273 1968 1414 2033; x_wconf 91' lang='lat' dir='ltr'><strong>eius</strong></span> <span class='ocrx_word' id='word_1_126' title='bbox 1456 1967 1872 2031; x_wconf 88' lang='lat' dir='ltr'><strong>maiestatem</strong></span> <span class='ocrx_word' id='word_1_127' title='bbox 1914 1973 2308 2046; x_wconf 88' lang='lat' dir='ltr'><strong>corrumpat.</strong></span> <span class='ocrx_word' id='word_1_128' title='bbox 2390 1962 2524 2027; x_wconf 88' lang='lat' dir='ltr'><strong>Ve-</strong></span> 
     </span>
     <span class='ocr_line' id='line_1_21' title="bbox 572 2048 2523 2136; baseline -0.005 -14"><span class='ocrx_word' id='word_1_129' title='bbox 572 2079 722 2122; x_wconf 91' lang='lat' dir='ltr'><strong>rum</strong></span> <span class='ocrx_word' id='word_1_130' title='bbox 773 2054 1297 2130; x_wconf 88' lang='lat' dir='ltr'><strong>meminerimus,</strong></span> <span class='ocrx_word' id='word_1_131' title='bbox 1355 2073 1516 2136; x_wconf 88' lang='lat' dir='ltr'><strong>quas</strong></span> <span class='ocrx_word' id='word_1_132' title='bbox 1570 2052 1753 2136; x_wconf 81' lang='lat' dir='ltr'><strong>porei</strong></span> <span class='ocrx_word' id='word_1_133' title='bbox 1807 2049 2067 2117; x_wconf 83' lang='lat' dir='ltr'><strong>calcant</strong></span> <span class='ocrx_word' id='word_1_134' title='bbox 2107 2048 2523 2132; x_wconf 82' lang='lat' dir='ltr'><strong>margaritas,</strong></span> 
     </span>
     <span class='ocr_line' id='line_1_22' title="bbox 568 2134 2528 2224; baseline -0.005 -17"><span class='ocrx_word' id='word_1_135' title='bbox 568 2143 757 2209; x_wconf 90' lang='lat' dir='ltr'><strong>nobis</strong></span> <span class='ocrx_word' id='word_1_136' title='bbox 778 2153 843 2207; x_wconf 90' lang='lat' dir='ltr'><strong>et</strong></span> <span class='ocrx_word' id='word_1_137' title='bbox 866 2137 1188 2224; x_wconf 79' lang='lat' dir='ltr'><strong>singulari</strong></span> <span class='ocrx_word' id='word_1_138' title='bbox 1210 2139 1628 2204; x_wconf 89' lang='lat' dir='ltr'><strong>veneratione</strong></span> <span class='ocrx_word' id='word_1_139' title='bbox 1649 2134 2142 2213; x_wconf 80' lang='lat' dir='ltr'><strong>exosculandas,</strong></span> <span class='ocrx_word' id='word_1_140' title='bbox 2176 2142 2243 2199; x_wconf 93' lang='lat' dir='ltr'><strong>et</strong></span> <span class='ocrx_word' id='word_1_141' title='bbox 2265 2155 2528 2199; x_wconf 89' lang='lat' dir='ltr'><strong>summa</strong></span> 
     </span>
     <span class='ocr_line' id='line_1_23' title="bbox 566 2220 2523 2311; baseline -0.005 -18"><span class='ocrx_word' id='word_1_142' title='bbox 566 2227 886 2311; x_wconf 83' lang='lat' dir='ltr'><strong>religione</strong></span> <span class='ocrx_word' id='word_1_143' title='bbox 955 2222 1413 2291; x_wconf 91' lang='lat' dir='ltr'><strong>custodiendas</strong></span> <span class='ocrx_word' id='word_1_144' title='bbox 1488 2245 1647 2289; x_wconf 87' lang='lat' dir='ltr'><strong>esse.</strong></span> <span class='ocrx_word' id='word_1_145' title='bbox 1746 2224 2109 2305; x_wconf 89' lang='lat' dir='ltr'><strong>Postquam</strong></span> <span class='ocrx_word' id='word_1_146' title='bbox 2178 2220 2523 2297; x_wconf 89' lang='lat' dir='ltr'><strong>Dominus,</strong></span> 
     </span>
     <span class='ocr_line' id='line_1_24' title="bbox 566 2304 2525 2396; baseline -0.005 -17"><span class='ocrx_word' id='word_1_147' title='bbox 566 2312 879 2396; x_wconf 87' lang='lat' dir='ltr'><strong>expositis</strong></span> <span class='ocrx_word' id='word_1_148' title='bbox 930 2311 1066 2377; x_wconf 90' lang='lat' dir='ltr'><strong>suis</strong></span> <span class='ocrx_word' id='word_1_149' title='bbox 1120 2315 1267 2390; x_wconf 77' lang='lat' dir='ltr'><strong>[pag.</strong></span> <span class='ocrx_word' id='word_1_150' title='bbox 1313 2315 1464 2389; x_wconf 82' lang='lat'>204]</span> <span class='ocrx_word' id='word_1_151' title='bbox 1514 2311 1589 2374; x_wconf 93' lang='lat' dir='ltr'><strong>in</strong></span> <span class='ocrx_word' id='word_1_152' title='bbox 1638 2329 1720 2393; x_wconf 90' lang='lat' dir='ltr'><strong>po</strong></span> <span class='ocrx_word' id='word_1_153' title='bbox 1767 2307 1953 2373; x_wconf 90' lang='lat' dir='ltr'><strong>ulum</strong></span> <span class='ocrx_word' id='word_1_154' title='bbox 2014 2307 2267 2373; x_wconf 87' lang='lat' dir='ltr'><strong>collatis</strong></span> <span class='ocrx_word' id='word_1_155' title='bbox 2329 2304 2525 2370; x_wconf 91' lang='lat' dir='ltr'><strong>bene·</strong></span> 
     </span>
     <span class='ocr_line' id='line_1_25' title="bbox 566 2391 2525 2481; baseline -0.005 -16"><span class='ocrx_word' id='word_1_156' title='bbox 566 2399 732 2465; x_wconf 86' lang='lat' dir='ltr'><strong>ficiis</strong></span> <span class='ocrx_word' id='word_1_157' title='bbox 748 2449 763 2476; x_wconf 90' lang='lat'><strong>,</strong></span> <span class='ocrx_word' id='word_1_158' title='bbox 807 2418 1003 2481; x_wconf 86' lang='lat' dir='ltr'><strong>quam</strong></span> <span class='ocrx_word' id='word_1_159' title='bbox 1044 2418 1164 2480; x_wconf 92' lang='lat' dir='ltr'><strong>pro</strong></span> <span class='ocrx_word' id='word_1_160' title='bbox 1206 2396 1337 2461; x_wconf 89' lang='lat' dir='ltr'><strong>illis</strong></span> <span class='ocrx_word' id='word_1_161' title='bbox 1379 2396 1705 2480; x_wconf 87' lang='lat' dir='ltr'><strong>ingratitu</strong></span> <span class='ocrx_word' id='word_1_162' title='bbox 1753 2394 1766 2407; x_wconf 72' lang='lat'>⁸</span> <span class='ocrx_word' id='word_1_163' title='bbox 1821 2414 1929 2458; x_wconf 92' lang='lat' dir='ltr'><strong>em</strong></span> <span class='ocrx_word' id='word_1_164' title='bbox 1971 2391 2363 2468; x_wconf 84' lang='lat' dir='ltr'><strong>reddiderat,</strong></span> <span class='ocrx_word' id='word_1_165' title='bbox 2409 2412 2525 2456; x_wconf 89' lang='lat' dir='ltr'><strong>ex·</strong></span> 
     </span>
     <span class='ocr_line' id='line_1_26' title="bbox 566 2478 2526 2569; baseline -0.006 -18"><span class='ocrx_word' id='word_1_166' title='bbox 566 2485 927 2569; x_wconf 77' lang='lat' dir='ltr'><strong>probi-avit:</strong></span> <span class='ocrx_word' id='word_1_167' title='bbox 976 2480 1212 2549; x_wconf 91' lang='lat' dir='ltr'><strong>deinde</strong></span> <span class='ocrx_word' id='word_1_168' title='bbox 1237 2481 1322 2546; x_wconf 85' lang='lat' dir='ltr'><strong>ad</strong></span> <span class='ocrx_word' id='word_1_169' title='bbox 1351 2480 1824 2565; x_wconf 91' lang='lat' dir='ltr'><strong>poenitentiam</strong></span> <span class='ocrx_word' id='word_1_170' title='bbox 1867 2478 2171 2544; x_wconf 88' lang='lat' dir='ltr'><strong>hortatus</strong></span> <span class='ocrx_word' id='word_1_171' title='bbox 2196 2489 2312 2554; x_wconf 87' lang='lat' dir='ltr'><strong>est,</strong></span> <span class='ocrx_word' id='word_1_172' title='bbox 2360 2497 2526 2559; x_wconf 88' lang='lat' dir='ltr'><strong>quae</strong></span> 
     </span>
     <span class='ocr_line' id='line_1_27' title="bbox 567 2561 2525 2654; baseline -0.005 -18"><span class='ocrx_word' id='word_1_173' title='bbox 567 2579 668 2636; x_wconf 87' lang='lat' dir='ltr'><strong>est</strong></span> <span class='ocrx_word' id='word_1_174' title='bbox 708 2570 1007 2654; x_wconf 88' lang='lat' dir='ltr'><strong>legitima</strong></span> <span class='ocrx_word' id='word_1_175' title='bbox 1047 2566 1133 2632; x_wconf 87' lang='lat' dir='ltr'><strong>ad</strong></span> <span class='ocrx_word' id='word_1_176' title='bbox 1176 2566 1503 2651; x_wconf 83' lang='lat' dir='ltr'><strong>evangelii</strong></span> <span class='ocrx_word' id='word_1_177' title='bbox 1537 2566 1817 2650; x_wconf 85' lang='lat' dir='ltr'><strong>gratiam</strong></span> <span class='ocrx_word' id='word_1_178' title='bbox 1858 2564 2273 2648; x_wconf 88' lang='lat' dir='ltr'><strong>praeparatio</strong></span> <span class='ocrx_word' id='word_1_179' title='bbox 2292 2614 2307 2640; x_wconf 89' lang='lat'><strong>,</strong></span> <span class='ocrx_word' id='word_1_180' title='bbox 2362 2561 2525 2627; x_wconf 91' lang='lat' dir='ltr'><strong>libe-</strong></span> 
     </span>
     <span class='ocr_line' id='line_1_28' title="bbox 564 2648 2526 2737; baseline -0.005 -16"><span class='ocrx_word' id='word_1_181' title='bbox 564 2657 891 2722; x_wconf 88' lang='lat' dir='ltr'><strong>rationem</strong></span> <span class='ocrx_word' id='word_1_182' title='bbox 926 2653 1192 2718; x_wconf 91' lang='lat' dir='ltr'><strong>demum</strong></span> <span class='ocrx_word' id='word_1_183' title='bbox 1224 2674 1308 2718; x_wconf 90' lang='lat' dir='ltr'><strong>ex</strong></span> <span class='ocrx_word' id='word_1_184' title='bbox 1341 2651 1722 2737; x_wconf 85' lang='lat' dir='ltr'><strong>captivitate</strong></span> <span class='ocrx_word' id='word_1_185' title='bbox 1753 2650 2143 2735; x_wconf 85' lang='lat' dir='ltr'><strong>babylonica</strong></span> <span class='ocrx_word' id='word_1_186' title='bbox 2172 2648 2526 2732; x_wconf 86' lang='lat' dir='ltr'><strong>promittit3</strong></span> 
     </span>
     <span class='ocr_line' id='line_1_29' title="bbox 566 2733 2528 2821; baseline -0.005 -14"><span class='ocrx_word' id='word_1_187' title='bbox 566 2741 763 2807; x_wconf 88' lang='lat' dir='ltr'><strong>simul</strong></span> <span class='ocrx_word' id='word_1_188' title='bbox 808 2741 889 2806; x_wconf 86' lang='lat' dir='ltr'><strong>ab</strong></span> <span class='ocrx_word' id='word_1_189' title='bbox 935 2748 1208 2803; x_wconf 89' lang='lat' dir='ltr'><strong>externo</strong></span> <span class='ocrx_word' id='word_1_190' title='bbox 1270 2747 1429 2821; x_wconf 76' lang='lat' dir='ltr'><strong>typo</strong></span> <span class='ocrx_word' id='word_1_191' title='bbox 1471 2738 1715 2803; x_wconf 88' lang='lat' dir='ltr'><strong>transit</strong></span> <span class='ocrx_word' id='word_1_192' title='bbox 1768 2734 1853 2800; x_wconf 84' lang='lat' dir='ltr'><strong>ad</strong></span> <span class='ocrx_word' id='word_1_193' title='bbox 1896 2736 2264 2802; x_wconf 85' lang='lat' dir='ltr'><strong>veritatem.</strong></span> <span class='ocrx_word' id='word_1_194' title='bbox 2352 2733 2528 2799; x_wconf 85' lang='lat' dir='ltr'><strong>Nam</strong></span> 
     </span>
     <span class='ocr_line' id='line_1_30' title="bbox 566 2819 2526 2909; baseline -0.005 -17"><span class='ocrx_word' id='word_1_195' title='bbox 566 2826 743 2909; x_wconf 91' lang='lat' dir='ltr'><strong>quod</strong></span> <span class='ocrx_word' id='word_1_196' title='bbox 806 2824 1089 2908; x_wconf 88' lang='lat' dir='ltr'><strong>populus</strong></span> <span class='ocrx_word' id='word_1_197' title='bbox 1148 2846 1188 2888; x_wconf 88' lang='lat' dir='ltr'><strong>a</strong></span> <span class='ocrx_word' id='word_1_198' title='bbox 1238 2822 1629 2907; x_wconf 84' lang='lat' dir='ltr'><strong>babylonica</strong></span> <span class='ocrx_word' id='word_1_199' title='bbox 1760 2819 2034 2887; x_wconf 89' lang='lat' dir='ltr'><strong>rannide</strong></span> <span class='ocrx_word' id='word_1_200' title='bbox 2099 2821 2353 2890; x_wconf 88' lang='lat' dir='ltr'><strong>solutus</strong></span> <span class='ocrx_word' id='word_1_201' title='bbox 2369 2871 2385 2898; x_wconf 94' lang='lat'><strong>,</strong></span> <span class='ocrx_word' id='word_1_202' title='bbox 2451 2819 2526 2883; x_wconf 86' lang='lat' dir='ltr'><strong>in</strong></span> 
     </span>
     <span class='ocr_line' id='line_1_31' title="bbox 570 2905 2530 2993; baseline -0.004 -16"><span class='ocrx_word' id='word_1_203' title='bbox 570 2923 819 2977; x_wconf 88' lang='lat' dir='ltr'><strong>terram</strong></span> <span class='ocrx_word' id='word_1_204' title='bbox 858 2909 1249 2993; x_wconf 87' lang='lat' dir='ltr'><strong>promissam</strong></span> <span class='ocrx_word' id='word_1_205' title='bbox 1290 2908 1644 2985; x_wconf 88' lang='lat' dir='ltr'><strong>reducitur,</strong></span> <span class='ocrx_word' id='word_1_206' title='bbox 1694 2909 1707 2922; x_wconf 83' lang='lat'>’</span> <span class='ocrx_word' id='word_1_207' title='bbox 1736 2905 1856 2972; x_wconf 87' lang='lat' dir='ltr'><strong>lud</strong></span> <span class='ocrx_word' id='word_1_208' title='bbox 1896 2916 2096 2972; x_wconf 88' lang='lat' dir='ltr'><strong>tenue</strong></span> <span class='ocrx_word' id='word_1_209' title='bbox 2140 2906 2530 2973; x_wconf 90' lang='lat' dir='ltr'><strong>beneficium</strong></span> 
     </span>
     <span class='ocr_line' id='line_1_32' title="bbox 569 2990 2528 3078; baseline -0.003 -15"><span class='ocrx_word' id='word_1_210' title='bbox 569 3006 690 3074; x_wconf 87' lang='lat' dir='ltr'><strong>est,</strong></span> <span class='ocrx_word' id='word_1_211' title='bbox 713 3005 953 3078; x_wconf 87' lang='lat' dir='ltr'><strong>praeut</strong></span> <span class='ocrx_word' id='word_1_212' title='bbox 983 3002 1086 3061; x_wconf 87' lang='lat' dir='ltr'><strong>est</strong></span> <span class='ocrx_word' id='word_1_213' title='bbox 1104 2994 1223 3061; x_wconf 88' lang='lat' dir='ltr'><strong>illa</strong></span> <span class='ocrx_word' id='word_1_214' title='bbox 1249 2994 1747 3060; x_wconf 86' lang='lat' dir='ltr'><strong>inaestimabilis</strong></span> <span class='ocrx_word' id='word_1_215' title='bbox 1767 2992 2001 3078; x_wconf 86' lang='lat' dir='ltr'><strong>gratia,</strong></span> <span class='ocrx_word' id='word_1_216' title='bbox 2028 3015 2158 3076; x_wconf 89' lang='lat' dir='ltr'><strong>qua</strong></span> <span class='ocrx_word' id='word_1_217' title='bbox 2191 3014 2233 3058; x_wconf 92' lang='lat' dir='ltr'><strong>a</strong></span> <span class='ocrx_word' id='word_1_218' title='bbox 2259 2990 2528 3076; x_wconf 89' lang='lat' dir='ltr'><strong>peccati,</strong></span> 
     </span>
     <span class='ocr_line' id='line_1_33' title="bbox 568 3077 2532 3165; baseline -0.004 -17"><span class='ocrx_word' id='word_1_219' title='bbox 568 3081 861 3149; x_wconf 83' lang='lat' dir='ltr'><strong>Satanae</strong></span> <span class='ocrx_word' id='word_1_220' title='bbox 901 3089 968 3146; x_wconf 91' lang='lat' dir='ltr'><strong>et</strong></span> <span class='ocrx_word' id='word_1_221' title='bbox 1009 3082 1241 3146; x_wconf 88' lang='lat' dir='ltr'><strong>mortis</strong></span> <span class='ocrx_word' id='word_1_222' title='bbox 1283 3081 1602 3146; x_wconf 87' lang='lat' dir='ltr'><strong>servitute</strong></span> <span class='ocrx_word' id='word_1_223' title='bbox 1617 3131 1633 3158; x_wconf 95' lang='lat'><strong>,</strong></span> <span class='ocrx_word' id='word_1_224' title='bbox 1677 3079 1915 3165; x_wconf 89' lang='lat' dir='ltr'><strong>spiritu</strong></span> <span class='ocrx_word' id='word_1_225' title='bbox 1948 3078 2081 3144; x_wconf 91' lang='lat' dir='ltr'><strong>Dei</strong></span> <span class='ocrx_word' id='word_1_226' title='bbox 2132 3079 2202 3144; x_wconf 91' lang='lat' dir='ltr'><strong>in</strong></span> <span class='ocrx_word' id='word_1_227' title='bbox 2246 3077 2532 3143; x_wconf 88' lang='lat' dir='ltr'><strong>liberum</strong></span> 
     </span>
     <span class='ocr_line' id='line_1_34' title="bbox 568 3162 2531 3249; baseline -0.004 -15"><span class='ocrx_word' id='word_1_228' title='bbox 568 3168 861 3234; x_wconf 88' lang='lat' dir='ltr'><strong>iustitiae</strong></span> <span class='ocrx_word' id='word_1_229' title='bbox 913 3174 1165 3231; x_wconf 89' lang='lat' dir='ltr'><strong>statum</strong></span> <span class='ocrx_word' id='word_1_230' title='bbox 1218 3167 1548 3232; x_wconf 82' lang='lat' dir='ltr'><strong>asseritur.</strong></span> <span class='ocrx_word' id='word_1_231' title='bbox 1637 3164 1834 3232; x_wconf 88' lang='lat' dir='ltr'><strong>Hanc</strong></span> <span class='ocrx_word' id='word_1_232' title='bbox 1889 3165 2174 3249; x_wconf 85' lang='lat' dir='ltr'><strong>gratiam</strong></span> <span class='ocrx_word' id='word_1_233' title='bbox 2218 3162 2531 3228; x_wconf 91' lang='lat' dir='ltr'><strong>exhibere</strong></span> 
     </span>
     <span class='ocr_line' id='line_1_35' title="bbox 569 3249 2531 3337; baseline -0.004 -15"><span class='ocrx_word' id='word_1_234' title='bbox 569 3255 784 3337; x_wconf 85' lang='lat' dir='ltr'><strong>coepit</strong></span> <span class='ocrx_word' id='word_1_235' title='bbox 824 3252 1065 3337; x_wconf 90' lang='lat' dir='ltr'><strong>populo</strong></span> <span class='ocrx_word' id='word_1_236' title='bbox 1107 3252 1478 3330; x_wconf 86' lang='lat' dir='ltr'><strong>israelitico,</strong></span> <span class='ocrx_word' id='word_1_237' title='bbox 1525 3272 1727 3334; x_wconf 91' lang='lat' dir='ltr'><strong>quum</strong></span> <span class='ocrx_word' id='word_1_238' title='bbox 1763 3252 1845 3317; x_wconf 89' lang='lat' dir='ltr'><strong>ab</strong></span> <span class='ocrx_word' id='word_1_239' title='bbox 1869 3251 2100 3318; x_wconf 86' lang='lat' dir='ltr'><strong>exsilio</strong></span> <span class='ocrx_word' id='word_1_240' title='bbox 2144 3249 2531 3335; x_wconf 82' lang='lat' dir='ltr'><strong>babylonico</strong></span> 
     </span>
     <span class='ocr_line' id='line_1_36' title="bbox 569 3336 2529 3421; baseline -0.003 -16"><span class='ocrx_word' id='word_1_241' title='bbox 569 3361 774 3405; x_wconf 89' lang='lat' dir='ltr'><strong>manu</strong></span> <span class='ocrx_word' id='word_1_242' title='bbox 795 3359 917 3403; x_wconf 91' lang='lat' dir='ltr'><strong>sua</strong></span> <span class='ocrx_word' id='word_1_243' title='bbox 947 3339 1258 3404; x_wconf 89' lang='lat' dir='ltr'><strong>emissum</strong></span> <span class='ocrx_word' id='word_1_244' title='bbox 1297 3336 1381 3403; x_wconf 85' lang='lat' dir='ltr'><strong>ad</strong></span> <span class='ocrx_word' id='word_1_245' title='bbox 1404 3338 1635 3403; x_wconf 86' lang='lat' dir='ltr'><strong>urbem</strong></span> <span class='ocrx_word' id='word_1_246' title='bbox 1671 3347 1738 3402; x_wconf 92' lang='lat' dir='ltr'><strong>et</strong></span> <span class='ocrx_word' id='word_1_247' title='bbox 1773 3337 2093 3421; x_wconf 90' lang='lat' dir='ltr'><strong>templum</strong></span> <span class='ocrx_word' id='word_1_248' title='bbox 2128 3336 2529 3413; x_wconf 83' lang='lat' dir='ltr'><strong>reduxisset3</strong></span> 
     </span>
     <span class='ocr_line' id='line_1_37' title="bbox 570 3420 2531 3509; baseline -0.003 -19"><span class='ocrx_word' id='word_1_249' title='bbox 570 3426 830 3509; x_wconf 90' lang='lat' dir='ltr'><strong>plenius</strong></span> <span class='ocrx_word' id='word_1_250' title='bbox 891 3444 1050 3489; x_wconf 90' lang='lat' dir='ltr'><strong>vero</strong></span> <span class='ocrx_word' id='word_1_251' title='bbox 1105 3432 1173 3488; x_wconf 92' lang='lat' dir='ltr'><strong>et</strong></span> <span class='ocrx_word' id='word_1_252' title='bbox 1238 3423 1629 3507; x_wconf 88' lang='lat' dir='ltr'><strong>locupletius</strong></span> <span class='ocrx_word' id='word_1_253' title='bbox 1692 3424 1812 3488; x_wconf 91' lang='lat' dir='ltr'><strong>sub</strong></span> <span class='ocrx_word' id='word_1_254' title='bbox 1877 3443 2085 3509; x_wconf 90' lang='lat' dir='ltr'><strong>regno</strong></span> <span class='ocrx_word' id='word_1_255' title='bbox 2140 3421 2393 3487; x_wconf 86' lang='lat' dir='ltr'><strong>Christi</strong></span> <span class='ocrx_word' id='word_1_256' title='bbox 2455 3420 2531 3484; x_wconf 88' lang='lat' dir='ltr'><strong>in</strong></span> 
     </span>
     <span class='ocr_line' id='line_1_38' title="bbox 569 3507 2528 3594; baseline -0.002 -19"><span class='ocrx_word' id='word_1_257' title='bbox 569 3512 916 3576; x_wconf 86' lang='lat' dir='ltr'><strong>universas</strong></span> <span class='ocrx_word' id='word_1_258' title='bbox 957 3519 1193 3594; x_wconf 84' lang='lat' dir='ltr'><strong>gentes</strong></span> <span class='ocrx_word' id='word_1_259' title='bbox 1237 3508 1487 3574; x_wconf 85' lang='lat' dir='ltr'><strong>effudit.</strong></span> <span class='ocrx_word' id='word_1_260' title='bbox 1578 3507 1891 3574; x_wconf 89' lang='lat' dir='ltr'><strong>Ostendit</strong></span> <span class='ocrx_word' id='word_1_261' title='bbox 1935 3527 2154 3574; x_wconf 88' lang='lat' dir='ltr'><strong>autem</strong></span> <span class='ocrx_word' id='word_1_262' title='bbox 2200 3507 2335 3573; x_wconf 86' lang='lat' dir='ltr'><strong>illic</strong></span> <span class='ocrx_word' id='word_1_263' title='bbox 2354 3560 2369 3586; x_wconf 89' lang='lat'><strong><em>‚</em></strong></span> <span class='ocrx_word' id='word_1_264' title='bbox 2427 3507 2528 3571; x_wconf 89' lang='lat' dir='ltr'><strong>ni-</strong></span> 
     </span>
     <span class='ocr_line' id='line_1_39' title="bbox 572 3589 2532 3679; baseline -0.003 -18"><span class='ocrx_word' id='word_1_265' title='bbox 572 3597 708 3661; x_wconf 90' lang='lat' dir='ltr'><strong>hilo</strong></span> <span class='ocrx_word' id='word_1_266' title='bbox 753 3597 968 3679; x_wconf 88' lang='lat' dir='ltr'><strong>magis</strong></span> <span class='ocrx_word' id='word_1_267' title='bbox 1011 3594 1582 3661; x_wconf 82' lang='lat' dir='ltr'><strong>exhortationibus</strong></span> <span class='ocrx_word' id='word_1_268' title='bbox 1624 3616 1700 3660; x_wconf 88' lang='lat' dir='ltr'><strong>ac</strong></span> <span class='ocrx_word' id='word_1_269' title='bbox 1744 3594 2042 3661; x_wconf 90' lang='lat' dir='ltr'><strong>doctrina</strong></span> <span class='ocrx_word' id='word_1_270' title='bbox 2082 3593 2310 3677; x_wconf 88' lang='lat' dir='ltr'><strong>profici</strong></span> <span class='ocrx_word' id='word_1_271' title='bbox 2354 3589 2532 3675; x_wconf 86' lang='lat' dir='ltr'><strong>apud</strong></span> 
     </span>
     <span class='ocr_line' id='line_1_40' title="bbox 574 3677 2531 3764; baseline -0.003 -18"><span class='ocrx_word' id='word_1_272' title='bbox 574 3682 903 3760; x_wconf 88' lang='lat' dir='ltr'><strong>homines,</strong></span> <span class='ocrx_word' id='word_1_273' title='bbox 945 3702 1142 3763; x_wconf 92' lang='lat' dir='ltr'><strong>quam</strong></span> <span class='ocrx_word' id='word_1_274' title='bbox 1186 3682 1242 3746; x_wconf 93' lang='lat' dir='ltr'><strong>si</strong></span> <span class='ocrx_word' id='word_1_275' title='bbox 1283 3679 1353 3745; x_wconf 89' lang='lat' dir='ltr'><strong>la</strong></span> <span class='ocrx_word' id='word_1_276' title='bbox 1399 3678 1614 3745; x_wconf 91' lang='lat' dir='ltr'><strong>idibus</strong></span> <span class='ocrx_word' id='word_1_277' title='bbox 1658 3680 2055 3764; x_wconf 82' lang='lat' dir='ltr'><strong>loqueretur,</strong></span> <span class='ocrx_word' id='word_1_278' title='bbox 2101 3679 2307 3745; x_wconf 91' lang='lat' dir='ltr'><strong>donec</strong></span> <span class='ocrx_word' id='word_1_279' title='bbox 2351 3677 2531 3743; x_wconf 89' lang='lat' dir='ltr'><strong>duri-</strong></span> 
     </span>
     <span class='ocr_line' id='line_1_41' title="bbox 573 3763 2527 3844; baseline -0.001 -14"><span class='ocrx_word' id='word_1_280' title='bbox 573 3769 735 3831; x_wconf 91' lang='lat' dir='ltr'><strong>tiem</strong></span> <span class='ocrx_word' id='word_1_281' title='bbox 778 3765 993 3832; x_wconf 89' lang='lat' dir='ltr'><strong>cordis</strong></span> <span class='ocrx_word' id='word_1_282' title='bbox 1033 3786 1261 3831; x_wconf 89' lang='lat' dir='ltr'><strong>eorum</strong></span> <span class='ocrx_word' id='word_1_283' title='bbox 1274 3816 1288 3844; x_wconf 90' lang='lat'>‚</span> <span class='ocrx_word' id='word_1_284' title='bbox 1390 3787 1466 3831; x_wconf 90' lang='lat' dir='ltr'><strong>oc</strong></span> <span class='ocrx_word' id='word_1_285' title='bbox 1507 3774 1612 3830; x_wconf 85' lang='lat' dir='ltr'><strong>est</strong></span> <span class='ocrx_word' id='word_1_286' title='bbox 1626 3817 1643 3844; x_wconf 88' lang='lat'><strong>,</strong></span> <span class='ocrx_word' id='word_1_287' title='bbox 1697 3766 2175 3831; x_wconf 84' lang='lat' dir='ltr'><strong>contumaciam</strong></span> <span class='ocrx_word' id='word_1_288' title='bbox 2218 3763 2527 3829; x_wconf 90' lang='lat' dir='ltr'><strong>emolliat.</strong></span> 
     </span>
     <span class='ocr_line' id='line_1_42' title="bbox 573 3850 2531 3935; baseline -0.002 -16"><span class='ocrx_word' id='word_1_289' title='bbox 573 3850 767 3934; x_wconf 79' lang='lat' dir='ltr'><strong>Quod</strong></span> <span class='ocrx_word' id='word_1_290' title='bbox 821 3853 996 3917; x_wconf 90' lang='lat' dir='ltr'><strong>enim</strong></span> <span class='ocrx_word' id='word_1_291' title='bbox 1059 3852 1388 3919; x_wconf 80' lang='lat' dir='ltr'><strong>facturum</strong></span> <span class='ocrx_word' id='word_1_292' title='bbox 1432 3873 1503 3916; x_wconf 90' lang='lat' dir='ltr'><strong>se</strong></span> <span class='ocrx_word' id='word_1_293' title='bbox 1557 3852 1915 3935; x_wconf 90' lang='lat' dir='ltr'><strong>promittit,</strong></span> <span class='ocrx_word' id='word_1_294' title='bbox 1974 3850 2057 3915; x_wconf 89' lang='lat' dir='ltr'><strong>ad</strong></span> <span class='ocrx_word' id='word_1_295' title='bbox 2101 3871 2290 3916; x_wconf 88' lang='lat' dir='ltr'><strong>suam</strong></span> <span class='ocrx_word' id='word_1_296' title='bbox 2336 3850 2531 3915; x_wconf 88' lang='lat' dir='ltr'><strong>unius</strong></span> 
     </span>
     <span class='ocr_line' id='line_1_43' title="bbox 569 3936 2533 4022; baseline -0.003 -18"><span class='ocrx_word' id='word_1_297' title='bbox 569 3947 961 4022; x_wconf 86' lang='lat' dir='ltr'><strong>potestatem</strong></span> <span class='ocrx_word' id='word_1_298' title='bbox 1060 3938 1395 4002; x_wconf 87' lang='lat' dir='ltr'><strong>transfert.</strong></span> <span class='ocrx_word' id='word_1_299' title='bbox 1482 3937 1748 4019; x_wconf 86' lang='lat' dir='ltr'><strong>Alioqui</strong></span> <span class='ocrx_word' id='word_1_300' title='bbox 1829 3949 1906 4001; x_wconf 91' lang='lat' dir='ltr'><strong>ut</strong></span> <span class='ocrx_word' id='word_1_301' title='bbox 1990 3938 2132 4002; x_wconf 90' lang='lat' dir='ltr'><strong>eius</strong></span> <span class='ocrx_word' id='word_1_302' title='bbox 2210 3936 2533 4020; x_wconf 89' lang='lat' dir='ltr'><strong>promissa</strong></span> 
     </span>
     <span class='ocr_line' id='line_1_44' title="bbox 570 4022 2532 4107; baseline -0.002 -18"><span class='ocrx_word' id='word_1_303' title='bbox 570 4024 1053 4107; x_wconf 87' lang='lat' dir='ltr'><strong>compleantur,</strong></span> <span class='ocrx_word' id='word_1_304' title='bbox 1115 4043 1246 4088; x_wconf 92' lang='lat' dir='ltr'><strong>non</strong></span> <span class='ocrx_word' id='word_1_305' title='bbox 1294 4023 1363 4087; x_wconf 94' lang='lat' dir='ltr'><strong>in</strong></span> <span class='ocrx_word' id='word_1_306' title='bbox 1404 4022 1612 4106; x_wconf 89' lang='lat' dir='ltr'><strong>ipsius</strong></span> <span class='ocrx_word' id='word_1_307' title='bbox 1631 4075 1644 4100; x_wconf 93' lang='lat'><strong>,</strong></span> <span class='ocrx_word' id='word_1_308' title='bbox 1702 4024 1817 4088; x_wconf 90' lang='lat' dir='ltr'><strong>sed</strong></span> <span class='ocrx_word' id='word_1_309' title='bbox 1862 4023 2203 4088; x_wconf 90' lang='lat' dir='ltr'><strong>hominum</strong></span> <span class='ocrx_word' id='word_1_310' title='bbox 2247 4023 2376 4087; x_wconf 90' lang='lat' dir='ltr'><strong>erit</strong></span> <span class='ocrx_word' id='word_1_311' title='bbox 2416 4043 2532 4104; x_wconf 91' lang='lat' dir='ltr'><strong>po-</strong></span> 
     </span>
     <span class='ocr_line' id='line_1_45' title="bbox 571 4107 2531 4193; baseline -0.002 -18"><span class='ocrx_word' id='word_1_312' title='bbox 571 4117 828 4184; x_wconf 88' lang='lat' dir='ltr'><strong>testate,</strong></span> <span class='ocrx_word' id='word_1_313' title='bbox 872 4109 1090 4191; x_wconf 90' lang='lat' dir='ltr'><strong>inquit</strong></span> <span class='ocrx_word' id='word_1_314' title='bbox 1136 4107 1565 4192; x_wconf 80' lang='lat' dir='ltr'><strong>Augustinus.</strong></span> <span class='ocrx_word' id='word_1_315' title='bbox 1592 4108 1642 4189; x_wconf 85' lang='grc' dir='ltr'><strong>ι)</strong></span> <span class='ocrx_word' id='word_1_316' title='bbox 1706 4110 1988 4175; x_wconf 83' lang='lat' dir='ltr'><strong>Prorsus</strong></span> <span class='ocrx_word' id='word_1_317' title='bbox 2032 4129 2188 4193; x_wconf 91' lang='lat' dir='ltr'><strong>ergo</strong></span> <span class='ocrx_word' id='word_1_318' title='bbox 2230 4108 2337 4174; x_wconf 89' lang='lat' dir='ltr'><strong>hic</strong></span> <span class='ocrx_word' id='word_1_319' title='bbox 2381 4129 2531 4192; x_wconf 88' lang='lat' dir='ltr'><strong>gra-</strong></span> 
     </span>
    </p>
   </div>
   <div class='ocr_carea' id='block_1_4' title="bbox 576 4193 2586 4276">
    <p class='ocr_par' dir='ltr' id='par_1_4' title="bbox 576 4193 2586 4276">
     <span class='ocr_line' id='line_1_46' title="bbox 576 4193 2586 4276; baseline -0.002 -14"><span class='ocrx_word' id='word_1_320' title='bbox 576 4198 706 4262; x_wconf 81' lang='lat' dir='ltr'><strong>tiae</strong></span> <span class='ocrx_word' id='word_1_321' title='bbox 750 4207 817 4261; x_wconf 88' lang='lat' dir='ltr'><strong>et</strong></span> <span class='ocrx_word' id='word_1_322' title='bbox 859 4204 1136 4260; x_wconf 87' lang='lat' dir='ltr'><strong>naturae</strong></span> <span class='ocrx_word' id='word_1_323' title='bbox 1179 4196 1257 4259; x_wconf 88' lang='lat' dir='ltr'><strong>fit</strong></span> <span class='ocrx_word' id='word_1_324' title='bbox 1300 4195 1717 4276; x_wconf 86' lang='lat' dir='ltr'><strong>comparatio.</strong></span> <span class='ocrx_word' id='word_1_325' title='bbox 1787 4193 2023 4260; x_wconf 83' lang='lat' dir='ltr'><strong>Gordis</strong></span> <span class='ocrx_word' id='word_1_326' title='bbox 2066 4196 2243 4259; x_wconf 92' lang='lat' dir='ltr'><strong>enim</strong></span> <span class='ocrx_word' id='word_1_327' title='bbox 2286 4193 2532 4276; x_wconf 88' lang='lat' dir='ltr'><strong>lapidei</strong></span> <span class='ocrx_word' id='word_1_328' title='bbox 2583 4223 2586 4236; x_wconf 84' lang='lat'><em>=</em></span> 
     </span>
    </p>
   </div>
   <div class='ocr_carea' id='block_1_5' title="bbox 576 4278 2542 5052">
    <p class='ocr_par' dir='ltr' id='par_1_5' title="bbox 576 4278 2542 5052">
     <span class='ocr_line' id='line_1_47' title="bbox 577 4278 2533 4363; baseline -0.002 -16"><span class='ocrx_word' id='word_1_329' title='bbox 577 4280 876 4360; x_wconf 90' lang='lat' dir='ltr'><strong>durities,</strong></span> <span class='ocrx_word' id='word_1_330' title='bbox 939 4301 1072 4346; x_wconf 91' lang='lat' dir='ltr'><strong>non</strong></span> <span class='ocrx_word' id='word_1_331' title='bbox 1115 4278 1295 4345; x_wconf 89' lang='lat' dir='ltr'><strong>aliud</strong></span> <span class='ocrx_word' id='word_1_332' title='bbox 1341 4300 1542 4363; x_wconf 90' lang='lat' dir='ltr'><strong>quam</strong></span> <span class='ocrx_word' id='word_1_333' title='bbox 1582 4280 1995 4345; x_wconf 85' lang='lat' dir='ltr'><strong>inimicitiam</strong></span> <span class='ocrx_word' id='word_1_334' title='bbox 2039 4281 2256 4346; x_wconf 85' lang='lat' dir='ltr'><strong>carnis</strong></span> <span class='ocrx_word' id='word_1_335' title='bbox 2299 4278 2533 4345; x_wconf 81' lang='lat' dir='ltr'><strong>adver-</strong></span> 
     </span>
     <span class='ocr_line' id='line_1_48' title="bbox 578 4366 2535 4450; baseline -0.002 -17"><span class='ocrx_word' id='word_1_336' title='bbox 578 4389 691 4433; x_wconf 90' lang='lat' dir='ltr'><strong>sus</strong></span> <span class='ocrx_word' id='word_1_337' title='bbox 736 4369 953 4433; x_wconf 92' lang='lat' dir='ltr'><strong>Deum</strong></span> <span class='ocrx_word' id='word_1_338' title='bbox 1021 4367 1076 4433; x_wconf 92' lang='lat' dir='ltr'><strong>si</strong></span> <span class='ocrx_word' id='word_1_339' title='bbox 1169 4368 1376 4432; x_wconf 89' lang='lat' dir='ltr'><strong>ificat:</strong></span> <span class='ocrx_word' id='word_1_340' title='bbox 1444 4386 1574 4448; x_wconf 90' lang='lat' dir='ltr'><strong>qua</strong></span> <span class='ocrx_word' id='word_1_341' title='bbox 1638 4387 1770 4430; x_wconf 93' lang='lat' dir='ltr'><strong>non</strong></span> <span class='ocrx_word' id='word_1_342' title='bbox 1838 4367 2117 4450; x_wconf 87' lang='lat' dir='ltr'><strong>exiguus</strong></span> <span class='ocrx_word' id='word_1_343' title='bbox 2188 4366 2535 4431; x_wconf 91' lang='lat' dir='ltr'><strong>hominum</strong></span> 
     </span>
     <span class='ocr_line' id='line_1_49' title="bbox 576 4450 2537 4537; baseline 0 -20"><span class='ocrx_word' id='word_1_344' title='bbox 576 4473 924 4532; x_wconf 88' lang='lat' dir='ltr'><strong>numerus,</strong></span> <span class='ocrx_word' id='word_1_345' title='bbox 983 4473 1054 4518; x_wconf 90' lang='lat' dir='ltr'><strong>se</strong></span> <span class='ocrx_word' id='word_1_346' title='bbox 1142 4460 1355 4518; x_wconf 91' lang='lat' dir='ltr'><strong>totum</strong></span> <span class='ocrx_word' id='word_1_347' title='bbox 1402 4473 1611 4537; x_wconf 89' lang='lat' dir='ltr'><strong>genus</strong></span> <span class='ocrx_word' id='word_1_348' title='bbox 1654 4451 1951 4517; x_wconf 85' lang='lat' dir='ltr'><strong>laborare</strong></span> <span class='ocrx_word' id='word_1_349' title='bbox 1994 4450 2250 4517; x_wconf 87' lang='lat' dir='ltr'><strong>dicitur.</strong></span> <span class='ocrx_word' id='word_1_350' title='bbox 2340 4450 2537 4517; x_wconf 86' lang='lat' dir='ltr'><strong>Hanc</strong></span> 
     </span>
     <span class='ocr_line' id='line_1_50' title="bbox 576 4536 2538 4623; baseline -0.001 -20"><span class='ocrx_word' id='word_1_351' title='bbox 576 4559 710 4603; x_wconf 92' lang='lat' dir='ltr'><strong>non</strong></span> <span class='ocrx_word' id='word_1_352' title='bbox 756 4538 881 4603; x_wconf 90' lang='lat' dir='ltr'><strong>nisi</strong></span> <span class='ocrx_word' id='word_1_353' title='bbox 925 4559 965 4601; x_wconf 87' lang='lat' dir='ltr'><strong>a</strong></span> <span class='ocrx_word' id='word_1_354' title='bbox 988 4560 1059 4604; x_wconf 88' lang='lat' dir='ltr'><strong>se</strong></span> <span class='ocrx_word' id='word_1_355' title='bbox 1102 4539 1244 4621; x_wconf 89' lang='lat' dir='ltr'><strong>ipso</strong></span> <span class='ocrx_word' id='word_1_356' title='bbox 1288 4539 1504 4623; x_wconf 89' lang='lat' dir='ltr'><strong>subigi</strong></span> <span class='ocrx_word' id='word_1_357' title='bbox 1548 4545 1827 4604; x_wconf 85' lang='lat' dir='ltr'><strong>testatur</strong></span> <span class='ocrx_word' id='word_1_358' title='bbox 1854 4536 2075 4604; x_wconf 91' lang='lat' dir='ltr'><strong>Deus:</strong></span> <span class='ocrx_word' id='word_1_359' title='bbox 2118 4545 2187 4602; x_wconf 91' lang='lat' dir='ltr'><strong>et</strong></span> <span class='ocrx_word' id='word_1_360' title='bbox 2226 4537 2299 4601; x_wconf 92' lang='lat' dir='ltr'><strong>in</strong></span> <span class='ocrx_word' id='word_1_361' title='bbox 2341 4558 2538 4618; x_wconf 90' lang='lat' dir='ltr'><strong>quem</strong></span> 
     </span>
     <span class='ocr_line' id='line_1_51' title="bbox 579 4622 2538 4707; baseline 0.001 -20"><span class='ocrx_word' id='word_1_362' title='bbox 579 4622 828 4688; x_wconf 85' lang='lat' dir='ltr'><strong>finem?</strong></span> <span class='ocrx_word' id='word_1_363' title='bbox 900 4623 1059 4687; x_wconf 89' lang='lat' dir='ltr'><strong>Non</strong></span> <span class='ocrx_word' id='word_1_364' title='bbox 1102 4635 1180 4688; x_wconf 94' lang='lat' dir='ltr'><strong>ut</strong></span> <span class='ocrx_word' id='word_1_365' title='bbox 1224 4625 1477 4707; x_wconf 86' lang='lat' dir='ltr'><strong>possint</strong></span> <span class='ocrx_word' id='word_1_366' title='bbox 1520 4625 1859 4690; x_wconf 89' lang='lat' dir='ltr'><strong>ambulare</strong></span> <span class='ocrx_word' id='word_1_367' title='bbox 1900 4625 1970 4688; x_wconf 93' lang='lat' dir='ltr'><strong>in</strong></span> <span class='ocrx_word' id='word_1_368' title='bbox 2012 4631 2194 4689; x_wconf 89' lang='lat' dir='ltr'><strong>recta</strong></span> <span class='ocrx_word' id='word_1_369' title='bbox 2236 4622 2365 4701; x_wconf 87' lang='lat' dir='ltr'><strong>via,</strong></span> <span class='ocrx_word' id='word_1_370' title='bbox 2411 4623 2538 4689; x_wconf 89' lang='lat' dir='ltr'><strong>sic-</strong></span> 
     </span>
     <span class='ocr_line' id='line_1_52' title="bbox 577 4707 2538 4795; baseline 0.001 -22"><span class='ocrx_word' id='word_1_371' title='bbox 577 4720 659 4773; x_wconf 84' lang='lat' dir='ltr'><strong>ut</strong></span> <span class='ocrx_word' id='word_1_372' title='bbox 714 4707 996 4791; x_wconf 90' lang='lat' dir='ltr'><strong>Pighius</strong></span> <span class='ocrx_word' id='word_1_373' title='bbox 1013 4758 1027 4785; x_wconf 91' lang='lat'><strong>,</strong></span> <span class='ocrx_word' id='word_1_374' title='bbox 1084 4708 1168 4774; x_wconf 85' lang='lat' dir='ltr'><strong>ad</strong></span> <span class='ocrx_word' id='word_1_375' title='bbox 1211 4710 1696 4776; x_wconf 88' lang='lat' dir='ltr'><strong>extenuandam</strong></span> <span class='ocrx_word' id='word_1_376' title='bbox 1740 4711 1994 4795; x_wconf 89' lang='lat' dir='ltr'><strong>gratiae</strong></span> <span class='ocrx_word' id='word_1_377' title='bbox 2035 4708 2317 4789; x_wconf 88' lang='lat' dir='ltr'><strong>laudem,</strong></span> <span class='ocrx_word' id='word_1_378' title='bbox 2362 4728 2538 4774; x_wconf 91' lang='lat' dir='ltr'><strong>com-</strong></span> 
     </span>
     <span class='ocr_line' id='line_1_53' title="bbox 576 4792 2539 4877; baseline 0.002 -18"><span class='ocrx_word' id='word_1_379' title='bbox 576 4794 954 4859; x_wconf 89' lang='lat' dir='ltr'><strong>miniscitur</strong></span> <span class='ocrx_word' id='word_1_380' title='bbox 968 4843 985 4871; x_wconf 92' lang='lat'><strong>,</strong></span> <span class='ocrx_word' id='word_1_381' title='bbox 1051 4792 1167 4858; x_wconf 89' lang='lat' dir='ltr'><strong>sed</strong></span> <span class='ocrx_word' id='word_1_382' title='bbox 1221 4815 1489 4877; x_wconf 89' lang='lat' dir='ltr'><strong>prorsus</strong></span> <span class='ocrx_word' id='word_1_383' title='bbox 1545 4806 1621 4861; x_wconf 91' lang='lat' dir='ltr'><strong>ut</strong></span> <span class='ocrx_word' id='word_1_384' title='bbox 1676 4796 2029 4863; x_wconf 89' lang='lat' dir='ltr'><strong>ambulent.</strong></span> <span class='ocrx_word' id='word_1_385' title='bbox 2122 4795 2351 4877; x_wconf 80' lang='lat' dir='ltr'><strong>Quum</strong></span> <span class='ocrx_word' id='word_1_386' title='bbox 2406 4796 2539 4862; x_wconf 83' lang='lat' dir='ltr'><strong>fac-</strong></span> 
     </span>
     <span class='ocr_line' id='line_1_54' title="bbox 576 4877 2541 4966; baseline 0.001 -21"><span class='ocrx_word' id='word_1_387' title='bbox 576 4891 805 4945; x_wconf 86' lang='lat' dir='ltr'><strong>turum</strong></span> <span class='ocrx_word' id='word_1_388' title='bbox 847 4899 918 4945; x_wconf 93' lang='lat' dir='ltr'><strong>se</strong></span> <span class='ocrx_word' id='word_1_389' title='bbox 964 4877 1124 4944; x_wconf 91' lang='lat' dir='ltr'><strong>dicit</strong></span> <span class='ocrx_word' id='word_1_390' title='bbox 1162 4878 1518 4957; x_wconf 87' lang='lat' dir='ltr'><strong>Dominus,</strong></span> <span class='ocrx_word' id='word_1_391' title='bbox 1579 4891 1655 4947; x_wconf 92' lang='lat' dir='ltr'><strong>ut</strong></span> <span class='ocrx_word' id='word_1_392' title='bbox 1690 4882 1762 4947; x_wconf 91' lang='lat' dir='ltr'><strong>in</strong></span> <span class='ocrx_word' id='word_1_393' title='bbox 1807 4884 2173 4966; x_wconf 87' lang='lat' dir='ltr'><strong>praeceptis</strong></span> <span class='ocrx_word' id='word_1_394' title='bbox 2216 4882 2356 4947; x_wconf 89' lang='lat' dir='ltr'><strong>suis</strong></span> <span class='ocrx_word' id='word_1_395' title='bbox 2400 4902 2541 4946; x_wconf 91' lang='lat' dir='ltr'><strong>am-</strong></span> 
     </span>
     <span class='ocr_line' id='line_1_55' title="bbox 576 4965 2542 5052; baseline 0.001 -22"><span class='ocrx_word' id='word_1_396' title='bbox 576 4965 902 5045; x_wconf 87' lang='lat' dir='ltr'><strong>bulemus,</strong></span> <span class='ocrx_word' id='word_1_397' title='bbox 947 4986 1077 5029; x_wconf 92' lang='lat' dir='ltr'><strong>non</strong></span> <span class='ocrx_word' id='word_1_398' title='bbox 1106 4986 1218 5030; x_wconf 86' lang='lat' dir='ltr'><strong>cor</strong></span> <span class='ocrx_word' id='word_1_399' title='bbox 1252 4973 1515 5031; x_wconf 89' lang='lat' dir='ltr'><strong>tantum</strong></span> <span class='ocrx_word' id='word_1_400' title='bbox 1547 4968 1765 5033; x_wconf 82' lang='lat' dir='ltr'><strong>flexile</strong></span> <span class='ocrx_word' id='word_1_401' title='bbox 1797 4969 1868 5034; x_wconf 91' lang='lat' dir='ltr'><strong>in</strong></span> <span class='ocrx_word' id='word_1_402' title='bbox 1902 4977 2251 5052; x_wconf 89' lang='lat' dir='ltr'><strong>utramque</strong></span> <span class='ocrx_word' id='word_1_403' title='bbox 2282 4975 2542 5052; x_wconf 85' lang='lat' dir='ltr'><strong>partem</strong></span> 
     </span>
    </p>
   </div>
   <div class='ocr_carea' id='block_1_6' title="bbox 586 5132 993 5141">
    <p class='ocr_par' dir='ltr' id='par_1_6' title="bbox 586 5132 993 5141">
     <span class='ocr_line' id='line_1_56' title="bbox 586 5132 993 5141; baseline 0 851"><span class='ocrx_word' id='word_1_404' title='bbox 586 5132 993 5141; x_wconf 95' lang='lat' dir='ltr'><strong> </strong></span> 
     </span>
    </p>
   </div>
   <div class='ocr_carea' id='block_1_7' title="bbox 722 5237 1749 5307">
    <p class='ocr_par' dir='ltr' id='par_1_7' title="bbox 722 5237 1749 5307">
     <span class='ocr_line' id='line_1_57' title="bbox 722 5237 1749 5307; baseline 0.002 -16"><span class='ocrx_word' id='word_1_405' title='bbox 722 5239 750 5291; x_wconf 92' lang='lat'><strong>1</strong></span> <span class='ocrx_word' id='word_1_406' title='bbox 762 5247 780 5300; x_wconf 85' lang='lat'><strong>)</strong></span> <span class='ocrx_word' id='word_1_407' title='bbox 818 5238 899 5292; x_wconf 87' lang='lat' dir='ltr'><strong>De</strong></span> <span class='ocrx_word' id='word_1_408' title='bbox 936 5237 1209 5307; x_wconf 83' lang='lat' dir='ltr'><strong>praedest.</strong></span> <span class='ocrx_word' id='word_1_409' title='bbox 1247 5247 1557 5293; x_wconf 77' lang='lat' dir='ltr'><strong>sauctorum</strong></span> <span class='ocrx_word' id='word_1_410' title='bbox 1595 5256 1639 5294; x_wconf 86' lang='lat' dir='ltr'><strong>c.</strong></span> <span class='ocrx_word' id='word_1_411' title='bbox 1680 5238 1749 5293; x_wconf 86' lang='lat'><strong>10</strong></span> 
     </span>
    </p>
   </div>
   <div class='ocr_carea' id='block_1_8' title="bbox 1868 316 3284 386">
    <p class='ocr_par' dir='ltr' id='par_1_8' title="bbox 1868 316 3284 386">
     <span class='ocr_line' id='line_1_58' title="bbox 1868 316 3284 386; baseline 0.001 -1"><span class='ocrx_word' id='word_1_412' title='bbox 1868 316 2399 385; x_wconf 80' lang='lat' dir='ltr'><strong>RESPONSIO</strong></span> <span class='ocrx_word' id='word_1_413' title='bbox 2444 317 2826 386; x_wconf 69' lang='lat' dir='ltr'>CONTRA</span> <span class='ocrx_word' id='word_1_414' title='bbox 2867 317 3284 386; x_wconf 84' lang='lat' dir='ltr'><strong>PIGHIUM</strong></span> 
     </span>
    </p>
   </div>
   <div class='ocr_carea' id='block_1_9' title="bbox 2569 517 2579 1312">
    <p class='ocr_par' dir='ltr' id='par_1_9' title="bbox 2569 517 2579 1312">
     <span class='ocr_line' id='line_1_59' title="bbox 2569 517 2579 1312; baseline 0 0"><span class='ocrx_word' id='word_1_415' title='bbox 2569 517 2579 1312; x_wconf 95' lang='lat' dir='ltr'><strong> </strong></span> 
     </span>
    </p>
   </div>
   <div class='ocr_carea' id='block_1_10' title="bbox 2003 1278 2576 1344">
    <p class='ocr_par' dir='ltr' id='par_1_10' title="bbox 2003 1278 2576 1344">
     <span class='ocr_line' id='line_1_60' title="bbox 2003 1278 2576 1344; baseline -0.005 0"><span class='ocrx_word' id='word_1_416' title='bbox 2003 1279 2216 1344; x_wconf 88' lang='lat' dir='ltr'><strong>dicam</strong></span> <span class='ocrx_word' id='word_1_417' title='bbox 2284 1278 2525 1342; x_wconf 82' lang='lat' dir='ltr'><strong>mutari</strong></span> <span class='ocrx_word' id='word_1_418' title='bbox 2573 1323 2576 1334; x_wconf 86' lang='lat'><strong>.</strong></span> 
     </span>
    </p>
   </div>
   <div class='ocr_carea' id='block_1_11' title="bbox 2574 1511 2597 5286">
    <p class='ocr_par' dir='ltr' id='par_1_11' title="bbox 2574 1511 2597 5286">
     <span class='ocr_line' id='line_1_61' title="bbox 2574 1511 2597 5286; baseline 0 0"><span class='ocrx_word' id='word_1_419' title='bbox 2574 1511 2597 5286; x_wconf 95' lang='lat' dir='ltr'><strong> </strong></span> 
     </span>
    </p>
   </div>
   <div class='ocr_carea' id='block_1_12' title="bbox 4457 323 4575 386">
    <p class='ocr_par' dir='ltr' id='par_1_12' title="bbox 4457 323 4575 386">
     <span class='ocr_line' id='line_1_62' title="bbox 4457 323 4575 386; baseline 0 0"><span class='ocrx_word' id='word_1_420' title='bbox 4457 323 4575 386; x_wconf 83' lang='lat'><strong>380</strong></span> 
     </span>
    </p>
   </div>
   <div class='ocr_carea' id='block_1_13' title="bbox 2625 504 4614 5138">
    <p class='ocr_par' dir='ltr' id='par_1_13' title="bbox 2625 504 4614 5138">
     <span class='ocr_line' id='line_1_63' title="bbox 2627 504 4580 589; baseline 0.002 -20"><span class='ocrx_word' id='word_1_421' title='bbox 2627 505 3046 573; x_wconf 87' lang='lat' dir='ltr'><strong>redditurum</strong></span> <span class='ocrx_word' id='word_1_422' title='bbox 3102 526 3174 570; x_wconf 89' lang='lat' dir='ltr'><strong>se</strong></span> <span class='ocrx_word' id='word_1_423' title='bbox 3229 504 3583 587; x_wconf 88' lang='lat' dir='ltr'><strong>promittit,</strong></span> <span class='ocrx_word' id='word_1_424' title='bbox 3644 513 3719 569; x_wconf 90' lang='lat' dir='ltr'><strong>ut</strong></span> <span class='ocrx_word' id='word_1_425' title='bbox 3763 513 3896 570; x_wconf 83' lang='lat' dir='ltr'><strong>tam</strong></span> <span class='ocrx_word' id='word_1_426' title='bbox 3941 505 4334 584; x_wconf 85' lang='lat' dir='ltr'><strong>resistendo,</strong></span> <span class='ocrx_word' id='word_1_427' title='bbox 4393 527 4580 589; x_wconf 80' lang='lat' dir='ltr'><strong>quam</strong></span> 
     </span>
     <span class='ocr_line' id='line_1_64' title="bbox 2628 589 4576 674; baseline 0.002 -19"><span class='ocrx_word' id='word_1_428' title='bbox 2628 592 2990 657; x_wconf 89' lang='lat' dir='ltr'><strong>obediendo</strong></span> <span class='ocrx_word' id='word_1_429' title='bbox 3033 599 3340 674; x_wconf 77' lang='lat' dir='ltr'><strong>paratum</strong></span> <span class='ocrx_word' id='word_1_430' title='bbox 3382 601 3742 674; x_wconf 86' lang='lat' dir='ltr'><strong>aptumque</strong></span> <span class='ocrx_word' id='word_1_431' title='bbox 3786 592 3899 668; x_wconf 89' lang='lat' dir='ltr'><strong>sit,</strong></span> <span class='ocrx_word' id='word_1_432' title='bbox 3945 589 4058 656; x_wconf 85' lang='lat' dir='ltr'><strong>sed</strong></span> <span class='ocrx_word' id='word_1_433' title='bbox 4103 591 4278 674; x_wconf 87' lang='lat' dir='ltr'><strong>quod</strong></span> <span class='ocrx_word' id='word_1_434' title='bbox 4317 595 4576 658; x_wconf 87' lang='lat' dir='ltr'><strong>omnino</strong></span> 
     </span>
     <span class='ocr_line' id='line_1_65' title="bbox 2630 676 4580 760; baseline 0.001 -17"><span class='ocrx_word' id='word_1_435' title='bbox 2630 677 2714 743; x_wconf 88' lang='lat' dir='ltr'><strong>ad</strong></span> <span class='ocrx_word' id='word_1_436' title='bbox 2761 676 3202 744; x_wconf 90' lang='lat' dir='ltr'><strong>obedientiam</strong></span> <span class='ocrx_word' id='word_1_437' title='bbox 3244 676 3603 741; x_wconf 82' lang='lat' dir='ltr'><strong>formatum</strong></span> <span class='ocrx_word' id='word_1_438' title='bbox 3649 685 3718 742; x_wconf 88' lang='lat' dir='ltr'><strong>et</strong></span> <span class='ocrx_word' id='word_1_439' title='bbox 3758 678 4190 760; x_wconf 89' lang='lat' dir='ltr'><strong>compositum</strong></span> <span class='ocrx_word' id='word_1_440' title='bbox 4205 727 4221 755; x_wconf 95' lang='lat'><strong>,</strong></span> <span class='ocrx_word' id='word_1_441' title='bbox 4266 677 4580 744; x_wconf 79' lang='lat' dir='ltr'><strong>iustitiam</strong></span> 
     </span>
     <span class='ocr_line' id='line_1_66' title="bbox 2626 761 4576 846; baseline -0.001 -17"><span class='ocrx_word' id='word_1_442' title='bbox 2626 764 2754 829; x_wconf 90' lang='lat' dir='ltr'><strong>Dei</strong></span> <span class='ocrx_word' id='word_1_443' title='bbox 2810 764 2942 828; x_wconf 92' lang='lat' dir='ltr'><strong>iam</strong></span> <span class='ocrx_word' id='word_1_444' title='bbox 3013 763 3088 827; x_wconf 91' lang='lat' dir='ltr'><strong>in</strong></span> <span class='ocrx_word' id='word_1_445' title='bbox 3140 782 3213 828; x_wconf 90' lang='lat' dir='ltr'><strong>se</strong></span> <span class='ocrx_word' id='word_1_446' title='bbox 3281 761 3671 844; x_wconf 87' lang='lat' dir='ltr'><strong>impressam</strong></span> <span class='ocrx_word' id='word_1_447' title='bbox 3737 762 4266 846; x_wconf 89' lang='lat' dir='ltr'><strong>insculptamque</strong></span> <span class='ocrx_word' id='word_1_448' title='bbox 4331 764 4576 828; x_wconf 82' lang='lat' dir='ltr'><strong>habeat.</strong></span> 
     </span>
     <span class='ocr_line' id='line_1_67' title="bbox 2630 847 4583 932; baseline 0.001 -19"><span class='ocrx_word' id='word_1_449' title='bbox 2630 849 2839 915; x_wconf 90' lang='lat' dir='ltr'><strong>Nemo</strong></span> <span class='ocrx_word' id='word_1_450' title='bbox 2900 857 3036 912; x_wconf 88' lang='lat' dir='ltr'><strong>tam</strong></span> <span class='ocrx_word' id='word_1_451' title='bbox 3092 848 3370 913; x_wconf 91' lang='lat' dir='ltr'><strong>obtusus</strong></span> <span class='ocrx_word' id='word_1_452' title='bbox 3428 857 3558 926; x_wconf 90' lang='lat' dir='ltr'><strong>cst,</strong></span> <span class='ocrx_word' id='word_1_453' title='bbox 3618 848 3782 930; x_wconf 90' lang='lat' dir='ltr'><strong>quin</strong></span> <span class='ocrx_word' id='word_1_454' title='bbox 3834 847 3944 915; x_wconf 90' lang='lat' dir='ltr'><strong>hic</strong></span> <span class='ocrx_word' id='word_1_455' title='bbox 4001 849 4074 913; x_wconf 88' lang='lat' dir='ltr'><strong>in</strong></span> <span class='ocrx_word' id='word_1_456' title='bbox 4117 849 4583 932; x_wconf 88' lang='lat' dir='ltr'><strong>supprimenda</strong></span> 
     </span>
     <span class='ocr_line' id='line_1_68' title="bbox 2628 932 4582 1018; baseline 0.001 -19"><span class='ocrx_word' id='word_1_457' title='bbox 2628 934 2758 1000; x_wconf 91' lang='lat' dir='ltr'><strong>Dei</strong></span> <span class='ocrx_word' id='word_1_458' title='bbox 2801 935 3015 1018; x_wconf 89' lang='lat' dir='ltr'><strong>gratia</strong></span> <span class='ocrx_word' id='word_1_459' title='bbox 3058 940 3202 997; x_wconf 90' lang='lat' dir='ltr'><strong>tum</strong></span> <span class='ocrx_word' id='word_1_460' title='bbox 3247 934 3577 1017; x_wconf 85' lang='lat' dir='ltr'><strong>insignem</strong></span> <span class='ocrx_word' id='word_1_461' title='bbox 3620 932 3847 1018; x_wconf 86' lang='lat' dir='ltr'><strong>Pighii</strong></span> <span class='ocrx_word' id='word_1_462' title='bbox 3887 933 4403 1018; x_wconf 82' lang='lat' dir='ltr'><strong>malignitatem,</strong></span> <span class='ocrx_word' id='word_1_463' title='bbox 4445 947 4582 1000; x_wconf 89' lang='lat' dir='ltr'><strong>tum</strong></span> 
     </span>
     <span class='ocr_line' id='line_1_69' title="bbox 2628 1018 4580 1102; baseline 0.001 -18"><span class='ocrx_word' id='word_1_464' title='bbox 2628 1019 3080 1102; x_wconf 88' lang='lat' dir='ltr'><strong>impudentem</strong></span> <span class='ocrx_word' id='word_1_465' title='bbox 3138 1028 3207 1085; x_wconf 89' lang='lat' dir='ltr'><strong>et</strong></span> <span class='ocrx_word' id='word_1_466' title='bbox 3250 1039 3457 1102; x_wconf 87' lang='lat' dir='ltr'><strong>prope</strong></span> <span class='ocrx_word' id='word_1_467' title='bbox 3514 1018 3928 1102; x_wconf 88' lang='lat' dir='ltr'><strong>desperatam</strong></span> <span class='ocrx_word' id='word_1_468' title='bbox 3984 1024 4133 1100; x_wconf 74' lang='lat' dir='ltr'><strong>[pag.</strong></span> <span class='ocrx_word' id='word_1_469' title='bbox 4184 1024 4337 1100; x_wconf 83' lang='lat'>205]</span> <span class='ocrx_word' id='word_1_470' title='bbox 4384 1020 4580 1085; x_wconf 86' lang='lat' dir='ltr'><strong>auda-</strong></span> 
     </span>
     <span class='ocr_line' id='line_1_70' title="bbox 2630 1105 4581 1185; baseline 0 -15"><span class='ocrx_word' id='word_1_471' title='bbox 2630 1106 2796 1170; x_wconf 88' lang='lat' dir='ltr'><strong>ciam</strong></span> <span class='ocrx_word' id='word_1_472' title='bbox 2851 1112 3097 1170; x_wconf 89' lang='lat' dir='ltr'><strong>cernat.</strong></span> <span class='ocrx_word' id='word_1_473' title='bbox 3191 1105 3372 1170; x_wconf 90' lang='lat' dir='ltr'><strong>Dicit</strong></span> <span class='ocrx_word' id='word_1_474' title='bbox 3421 1105 3780 1181; x_wconf 84' lang='lat' dir='ltr'><strong>Dominus,</strong></span> <span class='ocrx_word' id='word_1_475' title='bbox 3826 1105 4158 1170; x_wconf 79' lang='lat' dir='ltr'><strong>facturum</strong></span> <span class='ocrx_word' id='word_1_476' title='bbox 4200 1125 4304 1185; x_wconf 89' lang='lat' dir='ltr'><strong>se,</strong></span> <span class='ocrx_word' id='word_1_477' title='bbox 4351 1114 4427 1170; x_wconf 92' lang='lat' dir='ltr'><strong>ut</strong></span> <span class='ocrx_word' id='word_1_478' title='bbox 4462 1106 4581 1172; x_wconf 88' lang='lat' dir='ltr'><strong>sibi</strong></span> 
     </span>
     <span class='ocr_line' id='line_1_71' title="bbox 2629 1189 4582 1273; baseline 0 -18"><span class='ocrx_word' id='word_1_479' title='bbox 2629 1192 3023 1255; x_wconf 87' lang='lat' dir='ltr'><strong>serviamus:</strong></span> <span class='ocrx_word' id='word_1_480' title='bbox 3081 1189 3301 1255; x_wconf 88' lang='lat' dir='ltr'><strong>reddit</strong></span> <span class='ocrx_word' id='word_1_481' title='bbox 3349 1190 3492 1268; x_wconf 92' lang='lat' dir='ltr'><strong>ille,</strong></span> <span class='ocrx_word' id='word_1_482' title='bbox 3557 1191 3914 1269; x_wconf 85' lang='lat' dir='ltr'><strong>facturum,</strong></span> <span class='ocrx_word' id='word_1_483' title='bbox 3970 1199 4048 1255; x_wconf 89' lang='lat' dir='ltr'><strong>ut</strong></span> <span class='ocrx_word' id='word_1_484' title='bbox 4098 1191 4427 1273; x_wconf 87' lang='lat' dir='ltr'><strong>possimus</strong></span> <span class='ocrx_word' id='word_1_485' title='bbox 4481 1191 4582 1258; x_wconf 90' lang='lat' dir='ltr'><strong>vel</strong></span> 
     </span>
     <span class='ocr_line' id='line_1_72' title="bbox 2628 1275 4581 1354; baseline 0 -13"><span class='ocrx_word' id='word_1_486' title='bbox 2628 1275 2982 1354; x_wconf 86' lang='lat' dir='ltr'><strong>ambulare,</strong></span> <span class='ocrx_word' id='word_1_487' title='bbox 3030 1275 3133 1341; x_wconf 89' lang='lat' dir='ltr'><strong>vel</strong></span> <span class='ocrx_word' id='word_1_488' title='bbox 3177 1296 3312 1341; x_wconf 93' lang='lat' dir='ltr'><strong>non</strong></span> <span class='ocrx_word' id='word_1_489' title='bbox 3358 1276 3716 1341; x_wconf 86' lang='lat' dir='ltr'><strong>ambulare.</strong></span> <span class='ocrx_word' id='word_1_490' title='bbox 3786 1277 3966 1341; x_wconf 90' lang='lat' dir='ltr'><strong>Dicit</strong></span> <span class='ocrx_word' id='word_1_491' title='bbox 4007 1275 4311 1342; x_wconf 87' lang='lat' dir='ltr'><strong>similiter</strong></span> <span class='ocrx_word' id='word_1_492' title='bbox 4351 1276 4581 1342; x_wconf 87' lang='lat' dir='ltr'><strong>Domi-</strong></span> 
     </span>
     <span class='ocr_line' id='line_1_73' title="bbox 2626 1361 4584 1446; baseline 0 -20"><span class='ocrx_word' id='word_1_493' title='bbox 2626 1383 2753 1427; x_wconf 91' lang='lat' dir='ltr'><strong>nus</strong></span> <span class='ocrx_word' id='word_1_494' title='bbox 2820 1361 3027 1426; x_wconf 91' lang='lat' dir='ltr'><strong>altero</strong></span> <span class='ocrx_word' id='word_1_495' title='bbox 3092 1361 3264 1440; x_wconf 85' lang='lat' dir='ltr'><strong>loce,</strong></span> <span class='ocrx_word' id='word_1_496' title='bbox 3340 1361 3814 1446; x_wconf 88' lang='lat' dir='ltr'><strong>inscripturum</strong></span> <span class='ocrx_word' id='word_1_497' title='bbox 3876 1383 3949 1426; x_wconf 92' lang='lat' dir='ltr'><strong>se</strong></span> <span class='ocrx_word' id='word_1_498' title='bbox 4031 1361 4339 1428; x_wconf 88' lang='lat' dir='ltr'><strong>cordibus</strong></span> <span class='ocrx_word' id='word_1_499' title='bbox 4409 1363 4584 1446; x_wconf 84' lang='lat' dir='ltr'><strong>leges</strong></span> 
     </span>
     <span class='ocr_line' id='line_1_74' title="bbox 2627 1445 4583 1532; baseline 0.001 -19"><span class='ocrx_word' id='word_1_500' title='bbox 2627 1469 2807 1513; x_wconf 89' lang='lat' dir='ltr'><strong>suas:</strong></span> <span class='ocrx_word' id='word_1_501' title='bbox 2865 1445 3080 1512; x_wconf 90' lang='lat' dir='ltr'><strong>reddit</strong></span> <span class='ocrx_word' id='word_1_502' title='bbox 3129 1447 3440 1532; x_wconf 89' lang='lat' dir='ltr'><strong>Pighius,</strong></span> <span class='ocrx_word' id='word_1_503' title='bbox 3494 1449 3822 1513; x_wconf 83' lang='lat' dir='ltr'><strong>facturum</strong></span> <span class='ocrx_word' id='word_1_504' title='bbox 3841 1498 3856 1525; x_wconf 92' lang='lat'><strong>,</strong></span> <span class='ocrx_word' id='word_1_505' title='bbox 3923 1457 4004 1512; x_wconf 92' lang='lat' dir='ltr'><strong>ut</strong></span> <span class='ocrx_word' id='word_1_506' title='bbox 4057 1447 4258 1514; x_wconf 88' lang='lat' dir='ltr'><strong>corda</strong></span> <span class='ocrx_word' id='word_1_507' title='bbox 4309 1448 4583 1530; x_wconf 83' lang='lat' dir='ltr'><strong>impres·</strong></span> 
     </span>
     <span class='ocr_line' id='line_1_75' title="bbox 2628 1533 4581 1617; baseline 0 -19"><span class='ocrx_word' id='word_1_508' title='bbox 2628 1535 2879 1599; x_wconf 89' lang='lat' dir='ltr'><strong>sionem</strong></span> <span class='ocrx_word' id='word_1_509' title='bbox 2900 1533 3070 1599; x_wconf 91' lang='lat' dir='ltr'><strong>hanc</strong></span> <span class='ocrx_word' id='word_1_510' title='bbox 3103 1534 3392 1617; x_wconf 88' lang='lat' dir='ltr'><strong>recipere</strong></span> <span class='ocrx_word' id='word_1_511' title='bbox 3430 1534 3710 1610; x_wconf 86' lang='lat' dir='ltr'><strong>valeant,</strong></span> <span class='ocrx_word' id='word_1_512' title='bbox 3746 1554 3879 1598; x_wconf 91' lang='lat' dir='ltr'><strong>non</strong></span> <span class='ocrx_word' id='word_1_513' title='bbox 3914 1542 4140 1598; x_wconf 90' lang='lat' dir='ltr'><strong>autem</strong></span> <span class='ocrx_word' id='word_1_514' title='bbox 4174 1542 4254 1597; x_wconf 90' lang='lat' dir='ltr'><strong>ut</strong></span> <span class='ocrx_word' id='word_1_515' title='bbox 4282 1533 4581 1598; x_wconf 82' lang='lat' dir='ltr'><strong>habeant.</strong></span> 
     </span>
     <span class='ocr_line' id='line_1_76' title="bbox 2626 1618 4585 1704; baseline 0.001 -21"><span class='ocrx_word' id='word_1_516' title='bbox 2626 1619 2815 1685; x_wconf 90' lang='lat' dir='ltr'><strong>Haeo</strong></span> <span class='ocrx_word' id='word_1_517' title='bbox 2851 1619 3178 1703; x_wconf 86' lang='lat' dir='ltr'><strong>generalis</strong></span> <span class='ocrx_word' id='word_1_518' title='bbox 3220 1628 3322 1685; x_wconf 89' lang='lat' dir='ltr'><strong>est</strong></span> <span class='ocrx_word' id='word_1_519' title='bbox 3370 1621 3733 1685; x_wconf 90' lang='lat' dir='ltr'><strong>sententia:</strong></span> <span class='ocrx_word' id='word_1_520' title='bbox 3820 1619 4104 1704; x_wconf 88' lang='lat' dir='ltr'><strong>Pighius</strong></span> <span class='ocrx_word' id='word_1_521' title='bbox 4157 1618 4244 1683; x_wconf 85' lang='lat' dir='ltr'><strong>ad</strong></span> <span class='ocrx_word' id='word_1_522' title='bbox 4286 1619 4585 1685; x_wconf 88' lang='lat' dir='ltr'><strong>homines</strong></span> 
     </span>
     <span class='ocr_line' id='line_1_77' title="bbox 2626 1703 4584 1789; baseline 0 -19"><span class='ocrx_word' id='word_1_523' title='bbox 2626 1725 2831 1788; x_wconf 88' lang='lat' dir='ltr'><strong>prava</strong></span> <span class='ocrx_word' id='word_1_524' title='bbox 2872 1703 3344 1771; x_wconf 88' lang='lat' dir='ltr'><strong>consuetudine</strong></span> <span class='ocrx_word' id='word_1_525' title='bbox 3386 1713 3724 1789; x_wconf 89' lang='lat' dir='ltr'><strong>corruptos</strong></span> <span class='ocrx_word' id='word_1_526' title='bbox 3767 1706 4124 1789; x_wconf 84' lang='lat' dir='ltr'><strong>restringit.</strong></span> <span class='ocrx_word' id='word_1_527' title='bbox 4213 1704 4584 1788; x_wconf 87' lang='lat' dir='ltr'><strong>Lapideum</strong></span> 
     </span>
     <span class='ocr_line' id='line_1_78' title="bbox 2626 1790 4586 1868; baseline -0.001 -12"><span class='ocrx_word' id='word_1_528' title='bbox 2626 1811 2739 1856; x_wconf 89' lang='lat' dir='ltr'><strong>cor</strong></span> <span class='ocrx_word' id='word_1_529' title='bbox 2780 1799 2974 1858; x_wconf 83' lang='lat' dir='ltr'><strong>vocat</strong></span> <span class='ocrx_word' id='word_1_530' title='bbox 3009 1790 3193 1856; x_wconf 88' lang='lat' dir='ltr'><strong>Deus</strong></span> <span class='ocrx_word' id='word_1_531' title='bbox 3226 1791 3706 1856; x_wconf 89' lang='lat' dir='ltr'><strong>contumaciam</strong></span> <span class='ocrx_word' id='word_1_532' title='bbox 3751 1799 3818 1855; x_wconf 91' lang='lat' dir='ltr'><strong>et</strong></span> <span class='ocrx_word' id='word_1_533' title='bbox 3858 1790 4302 1868; x_wconf 87' lang='lat' dir='ltr'><strong>rebellionem,</strong></span> <span class='ocrx_word' id='word_1_534' title='bbox 4349 1812 4435 1856; x_wconf 91' lang='lat' dir='ltr'><strong>ex</strong></span> <span class='ocrx_word' id='word_1_535' title='bbox 4465 1813 4586 1855; x_wconf 83' lang='lat' dir='ltr'><strong>na·</strong></span> 
     </span>
     <span class='ocr_line' id='line_1_79' title="bbox 2626 1875 4586 1960; baseline 0.001 -20"><span class='ocrx_word' id='word_1_536' title='bbox 2626 1883 2819 1941; x_wconf 88' lang='lat' dir='ltr'><strong>turae</strong></span> <span class='ocrx_word' id='word_1_537' title='bbox 2874 1875 3231 1941; x_wconf 83' lang='lat' dir='ltr'><strong>vitiositate</strong></span> <span class='ocrx_word' id='word_1_538' title='bbox 3288 1877 3558 1942; x_wconf 88' lang='lat' dir='ltr'><strong>insitam</strong></span> <span class='ocrx_word' id='word_1_539' title='bbox 3599 1875 3991 1942; x_wconf 88' lang='lat' dir='ltr'><strong>hominibus.</strong></span> <span class='ocrx_word' id='word_1_540' title='bbox 4081 1876 4363 1960; x_wconf 88' lang='lat' dir='ltr'><strong>Pighius</strong></span> <span class='ocrx_word' id='word_1_541' title='bbox 4408 1875 4586 1941; x_wconf 87' lang='lat' dir='ltr'><strong>duri-</strong></span> 
     </span>
     <span class='ocr_line' id='line_1_80' title="bbox 2628 1960 4582 2044; baseline 0 -18"><span class='ocrx_word' id='word_1_542' title='bbox 2628 1963 2792 2027; x_wconf 90' lang='lat' dir='ltr'><strong>tiem</strong></span> <span class='ocrx_word' id='word_1_543' title='bbox 2870 1962 3142 2044; x_wconf 90' lang='lat' dir='ltr'><strong>exponit</strong></span> <span class='ocrx_word' id='word_1_544' title='bbox 3212 1981 3298 2025; x_wconf 89' lang='lat' dir='ltr'><strong>ex</strong></span> <span class='ocrx_word' id='word_1_545' title='bbox 3373 1962 3550 2026; x_wconf 87' lang='lat' dir='ltr'><strong>mala</strong></span> <span class='ocrx_word' id='word_1_546' title='bbox 3612 1960 4090 2028; x_wconf 86' lang='lat' dir='ltr'><strong>consuetudine</strong></span> <span class='ocrx_word' id='word_1_547' title='bbox 4155 1970 4582 2028; x_wconf 84' lang='lat' dir='ltr'><strong>contractam.</strong></span> 
     </span>
     <span class='ocr_line' id='line_1_81' title="bbox 2630 2046 4584 2133; baseline 0.001 -22"><span class='ocrx_word' id='word_1_548' title='bbox 2630 2046 3204 2128; x_wconf 80' lang='lat' dir='ltr'><strong>Quemadmodum</strong></span> <span class='ocrx_word' id='word_1_549' title='bbox 3247 2047 3306 2111; x_wconf 89' lang='lat' dir='ltr'><strong>si</strong></span> <span class='ocrx_word' id='word_1_550' title='bbox 3385 2049 3488 2112; x_wconf 90' lang='lat' dir='ltr'><strong>uis</strong></span> <span class='ocrx_word' id='word_1_551' title='bbox 3529 2068 3615 2112; x_wconf 89' lang='lat' dir='ltr'><strong>ex</strong></span> <span class='ocrx_word' id='word_1_552' title='bbox 3654 2047 4197 2131; x_wconf 91' lang='lat' dir='ltr'><strong>philosophorum</strong></span> <span class='ocrx_word' id='word_1_553' title='bbox 4239 2068 4443 2133; x_wconf 88' lang='lat' dir='ltr'><strong>grege</strong></span> <span class='ocrx_word' id='word_1_554' title='bbox 4484 2047 4584 2112; x_wconf 84' lang='lat' dir='ltr'><strong>di·</strong></span> 
     </span>
     <span class='ocr_line' id='line_1_82' title="bbox 2629 2131 4583 2210; baseline 0.001 -13"><span class='ocrx_word' id='word_1_555' title='bbox 2629 2142 2825 2210; x_wconf 89' lang='lat' dir='ltr'><strong>ceret,</strong></span> <span class='ocrx_word' id='word_1_556' title='bbox 2869 2131 3209 2198; x_wconf 88' lang='lat' dir='ltr'><strong>hominem</strong></span> <span class='ocrx_word' id='word_1_557' title='bbox 3250 2154 3318 2197; x_wconf 88' lang='lat' dir='ltr'><strong>m</strong></span> <span class='ocrx_word' id='word_1_558' title='bbox 3387 2154 3424 2197; x_wconf 91' lang='lat' dir='ltr'><strong>e</strong></span> <span class='ocrx_word' id='word_1_559' title='bbox 3468 2134 3748 2199; x_wconf 76' lang='lat' dir='ltr'><strong>vivendo</strong></span> <span class='ocrx_word' id='word_1_560' title='bbox 3793 2132 4182 2199; x_wconf 90' lang='lat' dir='ltr'><strong>obduruisse</strong></span> <span class='ocrx_word' id='word_1_561' title='bbox 4222 2133 4328 2200; x_wconf 88' lang='lat' dir='ltr'><strong>vel</strong></span> <span class='ocrx_word' id='word_1_562' title='bbox 4375 2134 4583 2199; x_wconf 78' lang='lat' dir='ltr'><strong>occal-</strong></span> 
     </span>
     <span class='ocr_line' id='line_1_83' title="bbox 2625 2217 4585 2303; baseline 0.001 -20"><span class='ocrx_word' id='word_1_563' title='bbox 2625 2219 2829 2285; x_wconf 91' lang='lat' dir='ltr'><strong>luisse</strong></span> <span class='ocrx_word' id='word_1_564' title='bbox 2864 2217 2951 2284; x_wconf 87' lang='lat' dir='ltr'><strong>ad</strong></span> <span class='ocrx_word' id='word_1_565' title='bbox 2984 2218 3250 2283; x_wconf 86' lang='lat' dir='ltr'><strong>malum.</strong></span> <span class='ocrx_word' id='word_1_566' title='bbox 3317 2217 3591 2284; x_wconf 76' lang='lat' dir='ltr'><strong>Clarum</strong></span> <span class='ocrx_word' id='word_1_567' title='bbox 3622 2219 3827 2303; x_wconf 85' lang='lat' dir='ltr'><strong>igitur</strong></span> <span class='ocrx_word' id='word_1_568' title='bbox 3860 2220 4164 2285; x_wconf 89' lang='lat' dir='ltr'><strong>omnibus</strong></span> <span class='ocrx_word' id='word_1_569' title='bbox 4200 2240 4383 2285; x_wconf 87' lang='lat' dir='ltr'><strong>nune</strong></span> <span class='ocrx_word' id='word_1_570' title='bbox 4415 2219 4585 2303; x_wconf 88' lang='lat' dir='ltr'><strong>quod</strong></span> 
     </span>
     <span class='ocr_line' id='line_1_84' title="bbox 2629 2302 4584 2388; baseline 0.001 -19"><span class='ocrx_word' id='word_1_571' title='bbox 2629 2303 2768 2369; x_wconf 88' lang='lat' dir='ltr'><strong>dixi</strong></span> <span class='ocrx_word' id='word_1_572' title='bbox 2811 2325 2956 2370; x_wconf 88' lang='lat' dir='ltr'><strong>esse</strong></span> <span class='ocrx_word' id='word_1_573' title='bbox 2998 2302 3281 2370; x_wconf 89' lang='lat' dir='ltr'><strong>confido:</strong></span> <span class='ocrx_word' id='word_1_574' title='bbox 3338 2304 3732 2388; x_wconf 89' lang='lat' dir='ltr'><strong>prophetam</strong></span> <span class='ocrx_word' id='word_1_575' title='bbox 3788 2307 3912 2371; x_wconf 91' lang='lat' dir='ltr'><strong>hoc</strong></span> <span class='ocrx_word' id='word_1_576' title='bbox 3965 2306 4107 2370; x_wconf 88' lang='lat' dir='ltr'><strong>loco</strong></span> <span class='ocrx_word' id='word_1_577' title='bbox 4160 2305 4323 2371; x_wconf 84' lang='lat' dir='ltr'><strong>satis</strong></span> <span class='ocrx_word' id='word_1_578' title='bbox 4366 2307 4584 2388; x_wconf 87' lang='lat' dir='ltr'><strong>expri-</strong></span> 
     </span>
     <span class='ocr_line' id='line_1_85' title="bbox 2626 2388 4584 2469; baseline 0.001 -14"><span class='ocrx_word' id='word_1_579' title='bbox 2626 2411 2828 2469; x_wconf 89' lang='lat' dir='ltr'><strong>mere,</strong></span> <span class='ocrx_word' id='word_1_580' title='bbox 2881 2411 3015 2455; x_wconf 91' lang='lat' dir='ltr'><strong>non</strong></span> <span class='ocrx_word' id='word_1_581' title='bbox 3067 2388 3360 2456; x_wconf 89' lang='lat' dir='ltr'><strong>roborari</strong></span> <span class='ocrx_word' id='word_1_582' title='bbox 3414 2397 3673 2456; x_wconf 87' lang='lat' dir='ltr'><strong>tantum</strong></span> <span class='ocrx_word' id='word_1_583' title='bbox 3710 2390 4042 2456; x_wconf 78' lang='lat' dir='ltr'><strong>hmanas</strong></span> <span class='ocrx_word' id='word_1_584' title='bbox 4083 2390 4447 2456; x_wconf 86' lang='lat' dir='ltr'><strong>voluntatis</strong></span> <span class='ocrx_word' id='word_1_585' title='bbox 4487 2391 4584 2456; x_wconf 90' lang='lat' dir='ltr'><strong>in-</strong></span> 
     </span>
     <span class='ocr_line' id='line_1_86' title="bbox 2627 2476 4584 2559; baseline 0.001 -18"><span class='ocrx_word' id='word_1_586' title='bbox 2627 2477 3010 2541; x_wconf 89' lang='lat' dir='ltr'><strong>firmitatem</strong></span> <span class='ocrx_word' id='word_1_587' title='bbox 3188 2477 3320 2542; x_wconf 91' lang='lat' dir='ltr'><strong>tiae</strong></span> <span class='ocrx_word' id='word_1_588' title='bbox 3376 2476 3697 2555; x_wconf 88' lang='lat' dir='ltr'><strong>subsidio,</strong></span> <span class='ocrx_word' id='word_1_589' title='bbox 3766 2498 3892 2559; x_wconf 91' lang='lat' dir='ltr'><strong>quo</strong></span> <span class='ocrx_word' id='word_1_590' title='bbox 3950 2476 4033 2541; x_wconf 85' lang='lat' dir='ltr'><strong>ad</strong></span> <span class='ocrx_word' id='word_1_591' title='bbox 4089 2477 4244 2542; x_wconf 91' lang='lat' dir='ltr'><strong>boni</strong></span> <span class='ocrx_word' id='word_1_592' title='bbox 4295 2476 4584 2543; x_wconf 89' lang='lat' dir='ltr'><strong>studium</strong></span> 
     </span>
     <span class='ocr_line' id='line_1_87' title="bbox 2631 2561 4586 2646; baseline 0.001 -20"><span class='ocrx_word' id='word_1_593' title='bbox 2631 2562 2981 2628; x_wconf 79' lang='lat' dir='ltr'><strong>efficaciter</strong></span> <span class='ocrx_word' id='word_1_594' title='bbox 3138 2562 3283 2646; x_wconf 91' lang='lat' dir='ltr'><strong>pire</strong></span> <span class='ocrx_word' id='word_1_595' title='bbox 3315 2612 3329 2626; x_wconf 94' lang='lat'><strong>.</strong></span> <span class='ocrx_word' id='word_1_596' title='bbox 3418 2561 3705 2646; x_wconf 89' lang='lat' dir='ltr'><strong>Pighius</strong></span> <span class='ocrx_word' id='word_1_597' title='bbox 3761 2573 3984 2628; x_wconf 90' lang='lat' dir='ltr'><strong>autem</strong></span> <span class='ocrx_word' id='word_1_598' title='bbox 4036 2561 4360 2646; x_wconf 88' lang='lat' dir='ltr'><strong>quidquid</strong></span> <span class='ocrx_word' id='word_1_599' title='bbox 4401 2584 4445 2629; x_wconf 89' lang='lat' dir='ltr'><strong>a</strong></span> <span class='ocrx_word' id='word_1_600' title='bbox 4486 2584 4586 2627; x_wconf 86' lang='lat' dir='ltr'><strong>me</strong></span> 
     </span>
     <span class='ocr_line' id='line_1_88' title="bbox 2629 2646 4584 2732; baseline 0.001 -19"><span class='ocrx_word' id='word_1_601' title='bbox 2629 2648 2908 2714; x_wconf 89' lang='lat' dir='ltr'><strong>convicii</strong></span> <span class='ocrx_word' id='word_1_602' title='bbox 2949 2647 3204 2732; x_wconf 90' lang='lat' dir='ltr'><strong>perpeti</strong></span> <span class='ocrx_word' id='word_1_603' title='bbox 3244 2655 3518 2732; x_wconf 83' lang='lat' dir='ltr'><strong>paratus</strong></span> <span class='ocrx_word' id='word_1_604' title='bbox 3551 2657 3685 2727; x_wconf 90' lang='lat' dir='ltr'><strong>est,</strong></span> <span class='ocrx_word' id='word_1_605' title='bbox 3731 2649 3788 2713; x_wconf 90' lang='lat' dir='ltr'><strong>si</strong></span> <span class='ocrx_word' id='word_1_606' title='bbox 3831 2669 4039 2713; x_wconf 90' lang='lat' dir='ltr'><strong>unum</strong></span> <span class='ocrx_word' id='word_1_607' title='bbox 4079 2670 4163 2714; x_wconf 91' lang='lat' dir='ltr'><strong>ex</strong></span> <span class='ocrx_word' id='word_1_608' title='bbox 4205 2646 4584 2714; x_wconf 86' lang='lat' dir='ltr'><strong>orthodoxis</strong></span> 
     </span>
     <span class='ocr_line' id='line_1_89' title="bbox 2631 2734 4582 2818; baseline 0.001 -21"><span class='ocrx_word' id='word_1_609' title='bbox 2631 2734 2991 2818; x_wconf 87' lang='lat' dir='ltr'><strong>producere</strong></span> <span class='ocrx_word' id='word_1_610' title='bbox 3021 2748 3313 2817; x_wconf 90' lang='lat' dir='ltr'><strong>potuero,</strong></span> <span class='ocrx_word' id='word_1_611' title='bbox 3357 2735 3469 2817; x_wconf 89' lang='lat' dir='ltr'><strong>qui</strong></span> <span class='ocrx_word' id='word_1_612' title='bbox 3502 2755 3638 2799; x_wconf 88' lang='lat' dir='ltr'><strong>non</strong></span> <span class='ocrx_word' id='word_1_613' title='bbox 3669 2735 3765 2800; x_wconf 89' lang='lat' dir='ltr'><strong>ita</strong></span> <span class='ocrx_word' id='word_1_614' title='bbox 3798 2734 4097 2800; x_wconf 88' lang='lat' dir='ltr'><strong>senserit.</strong></span> <span class='ocrx_word' id='word_1_615' title='bbox 4346 2743 4582 2812; x_wconf 83' lang='lat' dir='ltr'><strong>autem,</strong></span> 
     </span>
     <span class='ocr_line' id='line_1_90' title="bbox 2631 2818 4584 2968; baseline 0.001 -85"><span class='ocrx_word' id='word_1_616' title='bbox 2631 2830 2710 2884; x_wconf 91' lang='lat' dir='ltr'><strong>ut</strong></span> <span class='ocrx_word' id='word_1_617' title='bbox 2762 2818 3147 2902; x_wconf 88' lang='lat' dir='ltr'><strong>compendio</strong></span> <span class='ocrx_word' id='word_1_618' title='bbox 3202 2818 3505 2885; x_wconf 89' lang='lat' dir='ltr'><strong>studeam</strong></span> <span class='ocrx_word' id='word_1_619' title='bbox 3519 2871 3536 2898; x_wconf 99' lang='lat'><strong>,</strong></span> <span class='ocrx_word' id='word_1_620' title='bbox 3593 2820 4044 2904; x_wconf 87' lang='lat' dir='ltr'><strong>Augustinum</strong></span> <span class='ocrx_word' id='word_1_621' title='bbox 4098 2840 4143 2902; x_wconf 91' lang='lat' dir='ltr'><strong>p</strong></span> <span class='ocrx_word' id='word_1_622' title='bbox 4265 2840 4422 2886; x_wconf 89' lang='lat' dir='ltr'><strong>uco:</strong></span> <span class='ocrx_word' id='word_1_623' title='bbox 4451 2819 4584 2968; x_wconf 40' lang='lat' dir='ltr'><strong>gui</strong></span> 
     </span>
     <span class='ocr_line' id='line_1_91' title="bbox 2631 2903 4582 2972; baseline 0 -2"><span class='ocrx_word' id='word_1_624' title='bbox 2631 2915 2700 2970; x_wconf 92' lang='lat' dir='ltr'><strong>et</strong></span> <span class='ocrx_word' id='word_1_625' title='bbox 2739 2905 2931 2971; x_wconf 90' lang='lat' dir='ltr'><strong>initio</strong></span> <span class='ocrx_word' id='word_1_626' title='bbox 2986 2904 3138 2971; x_wconf 90' lang='lat' dir='ltr'><strong>libri</strong></span> <span class='ocrx_word' id='word_1_627' title='bbox 3194 2905 3276 2971; x_wconf 92' lang='lat' dir='ltr'><strong>de</strong></span> <span class='ocrx_word' id='word_1_628' title='bbox 3318 2905 3558 2972; x_wconf 80' lang='lat' dir='ltr'><strong>Gratia</strong></span> <span class='ocrx_word' id='word_1_629' title='bbox 3609 2915 3678 2970; x_wconf 91' lang='lat' dir='ltr'><strong>et</strong></span> <span class='ocrx_word' id='word_1_630' title='bbox 3729 2906 3938 2971; x_wconf 87' lang='lat' dir='ltr'><strong>libero</strong></span> <span class='ocrx_word' id='word_1_631' title='bbox 3992 2906 4263 2972; x_wconf 85' lang='lat' dir='ltr'><strong>arbitrio</strong></span> <span class='ocrx_word' id='word_1_632' title='bbox 4322 2903 4409 2971; x_wconf 90' lang='lat' dir='ltr'><strong>ad</strong></span> <span class='ocrx_word' id='word_1_633' title='bbox 4516 2925 4582 2970; x_wconf 81' lang='lat' dir='ltr'><strong>a·</strong></span> 
     </span>
     <span class='ocr_line' id='line_1_92' title="bbox 2629 2990 4581 3075; baseline 0.001 -20"><span class='ocrx_word' id='word_1_634' title='bbox 2629 2991 2979 3071; x_wconf 89' lang='lat' dir='ltr'><strong>lentinum,</strong></span> <span class='ocrx_word' id='word_1_635' title='bbox 3023 3000 3092 3056; x_wconf 92' lang='lat' dir='ltr'><strong>et</strong></span> <span class='ocrx_word' id='word_1_636' title='bbox 3121 2990 3423 3074; x_wconf 85' lang='lat' dir='ltr'><strong>Epistola</strong></span> <span class='ocrx_word' id='word_1_637' title='bbox 3453 2992 3811 3058; x_wconf 88' lang='lat' dir='ltr'><strong>centesima</strong></span> <span class='ocrx_word' id='word_1_638' title='bbox 3847 2993 4129 3075; x_wconf 88' lang='lat' dir='ltr'><strong>septima</strong></span> <span class='ocrx_word' id='word_1_639' title='bbox 4160 2990 4247 3057; x_wconf 87' lang='lat' dir='ltr'><strong>ad</strong></span> <span class='ocrx_word' id='word_1_640' title='bbox 4277 2991 4581 3068; x_wconf 79' lang='lat' dir='ltr'><strong>Vitalem,</strong></span> 
     </span>
     <span class='ocr_line' id='line_1_93' title="bbox 2629 3075 4580 3161; baseline 0 -19"><span class='ocrx_word' id='word_1_641' title='bbox 2629 3075 2809 3142; x_wconf 91' lang='lat' dir='ltr'><strong>idem</strong></span> <span class='ocrx_word' id='word_1_642' title='bbox 2838 3075 3061 3142; x_wconf 88' lang='lat' dir='ltr'><strong>tradit.</strong></span> <span class='ocrx_word' id='word_1_643' title='bbox 3127 3077 3426 3161; x_wconf 89' lang='lat' dir='ltr'><strong>Utroque</strong></span> <span class='ocrx_word' id='word_1_644' title='bbox 3469 3077 3646 3143; x_wconf 90' lang='lat' dir='ltr'><strong>enim</strong></span> <span class='ocrx_word' id='word_1_645' title='bbox 3679 3078 3838 3156; x_wconf 88' lang='lat' dir='ltr'><strong>loco,</strong></span> <span class='ocrx_word' id='word_1_646' title='bbox 3883 3075 4041 3144; x_wconf 90' lang='lat' dir='ltr'><strong>dum</strong></span> <span class='ocrx_word' id='word_1_647' title='bbox 4073 3077 4196 3144; x_wconf 89' lang='lat' dir='ltr'><strong>hoo</strong></span> <span class='ocrx_word' id='word_1_648' title='bbox 4225 3078 4580 3161; x_wconf 79' lang='lat' dir='ltr'><strong>prophetae</strong></span> 
     </span>
     <span class='ocr_line' id='line_1_94' title="bbox 2631 3163 4576 3244; baseline -0.001 -16"><span class='ocrx_word' id='word_1_649' title='bbox 2631 3163 3085 3228; x_wconf 87' lang='lat' dir='ltr'><strong>testimonium</strong></span> <span class='ocrx_word' id='word_1_650' title='bbox 3140 3165 3316 3229; x_wconf 89' lang='lat' dir='ltr'><strong>inter</strong></span> <span class='ocrx_word' id='word_1_651' title='bbox 3362 3171 3618 3241; x_wconf 83' lang='lat' dir='ltr'><strong>retatur</strong></span> <span class='ocrx_word' id='word_1_652' title='bbox 3635 3215 3651 3244; x_wconf 89' lang='lat'><strong>,</strong></span> <span class='ocrx_word' id='word_1_653' title='bbox 3714 3165 3974 3229; x_wconf 85' lang='lat' dir='ltr'><strong>fortiter</strong></span> <span class='ocrx_word' id='word_1_654' title='bbox 4028 3163 4370 3230; x_wconf 89' lang='lat' dir='ltr'><strong>contendit</strong></span> <span class='ocrx_word' id='word_1_655' title='bbox 4383 3215 4399 3242; x_wconf 90' lang='lat'><strong>,</strong></span> <span class='ocrx_word' id='word_1_656' title='bbox 4449 3185 4576 3228; x_wconf 86' lang='lat' dir='ltr'><strong>non</strong></span> 
     </span>
     <span class='ocr_line' id='line_1_95' title="bbox 2634 3247 4581 3332; baseline 0.001 -18"><span class='ocrx_word' id='word_1_657' title='bbox 2634 3247 3026 3332; x_wconf 67' lang='lat' dir='ltr'><strong>proecedere</strong></span> <span class='ocrx_word' id='word_1_658' title='bbox 3089 3249 3162 3312; x_wconf 92' lang='lat' dir='ltr'><strong>in</strong></span> <span class='ocrx_word' id='word_1_659' title='bbox 3240 3271 3324 3315; x_wconf 89' lang='lat' dir='ltr'><strong>vo</strong></span> <span class='ocrx_word' id='word_1_660' title='bbox 3352 3259 3581 3314; x_wconf 87' lang='lat' dir='ltr'><strong>untate</strong></span> <span class='ocrx_word' id='word_1_661' title='bbox 3642 3248 3888 3315; x_wconf 86' lang='lat' dir='ltr'><strong>bonum</strong></span> <span class='ocrx_word' id='word_1_662' title='bbox 3966 3249 4252 3332; x_wconf 90' lang='lat' dir='ltr'><strong>aliquem</strong></span> <span class='ocrx_word' id='word_1_663' title='bbox 4317 3260 4581 3326; x_wconf 89' lang='lat' dir='ltr'><strong>motum,</strong></span> 
     </span>
     <span class='ocr_line' id='line_1_96' title="bbox 2634 3333 4586 3419; baseline 0 -20"><span class='ocrx_word' id='word_1_664' title='bbox 2634 3356 2831 3419; x_wconf 91' lang='lat' dir='ltr'><strong>quem</strong></span> <span class='ocrx_word' id='word_1_665' title='bbox 2883 3335 3068 3400; x_wconf 88' lang='lat' dir='ltr'><strong>Deus</strong></span> <span class='ocrx_word' id='word_1_666' title='bbox 3133 3333 3403 3400; x_wconf 87' lang='lat' dir='ltr'><strong>adiuvet</strong></span> <span class='ocrx_word' id='word_1_667' title='bbox 3455 3333 3937 3419; x_wconf 89' lang='lat' dir='ltr'><strong>subsequendo,</strong></span> <span class='ocrx_word' id='word_1_668' title='bbox 4002 3334 4118 3401; x_wconf 86' lang='lat' dir='ltr'><strong>sed</strong></span> <span class='ocrx_word' id='word_1_669' title='bbox 4179 3335 4586 3402; x_wconf 84' lang='lat' dir='ltr'><strong>voluntatem</strong></span> 
     </span>
     <span class='ocr_line' id='line_1_97' title="bbox 2631 3419 4586 3505; baseline 0.002 -21"><span class='ocrx_word' id='word_1_670' title='bbox 2631 3441 3015 3504; x_wconf 87' lang='lat' dir='ltr'><strong>perversam</strong></span> <span class='ocrx_word' id='word_1_671' title='bbox 3069 3419 3344 3504; x_wconf 90' lang='lat' dir='ltr'><strong>Deoque</strong></span> <span class='ocrx_word' id='word_1_672' title='bbox 3410 3420 3721 3487; x_wconf 90' lang='lat' dir='ltr'><strong>rebellem</strong></span> <span class='ocrx_word' id='word_1_673' title='bbox 3783 3422 4052 3505; x_wconf 89' lang='lat' dir='ltr'><strong>penitus</strong></span> <span class='ocrx_word' id='word_1_674' title='bbox 4127 3442 4302 3501; x_wconf 89' lang='lat' dir='ltr'><strong>esse,</strong></span> <span class='ocrx_word' id='word_1_675' title='bbox 4385 3421 4586 3488; x_wconf 78' lang='lat' dir='ltr'><strong>donec</strong></span> 
     </span>
     <span class='ocr_line' id='line_1_98' title="bbox 2634 3507 4588 3592; baseline -0.001 -19"><span class='ocrx_word' id='word_1_676' title='bbox 2634 3508 3020 3591; x_wconf 89' lang='lat' dir='ltr'><strong>corrigatur.</strong></span> <span class='ocrx_word' id='word_1_677' title='bbox 3066 3507 3358 3572; x_wconf 73' lang='lat' dir='ltr'><strong>Tametsi</strong></span> <span class='ocrx_word' id='word_1_678' title='bbox 3389 3507 3702 3573; x_wconf 89' lang='lat' dir='ltr'><strong>conviciis</strong></span> <span class='ocrx_word' id='word_1_679' title='bbox 3735 3508 4060 3573; x_wconf 88' lang='lat' dir='ltr'><strong>abstineo:</strong></span> <span class='ocrx_word' id='word_1_680' title='bbox 4101 3508 4262 3573; x_wconf 88' lang='lat' dir='ltr'><strong>satis</strong></span> <span class='ocrx_word' id='word_1_681' title='bbox 4293 3508 4588 3592; x_wconf 82' lang='lat' dir='ltr'><strong>insignes</strong></span> 
     </span>
     <span class='ocr_line' id='line_1_99' title="bbox 2633 3592 4586 3677; baseline -0.001 -20"><span class='ocrx_word' id='word_1_682' title='bbox 2633 3592 3081 3675; x_wconf 85' lang='lat' dir='ltr'><strong>impudentiae</strong></span> <span class='ocrx_word' id='word_1_683' title='bbox 3123 3613 3284 3659; x_wconf 87' lang='lat' dir='ltr'><strong>suae</strong></span> <span class='ocrx_word' id='word_1_684' title='bbox 3320 3592 3613 3658; x_wconf 84' lang='lat' dir='ltr'><strong>maculas</strong></span> <span class='ocrx_word' id='word_1_685' title='bbox 3652 3592 3797 3676; x_wconf 89' lang='lat' dir='ltr'><strong>ipse</strong></span> <span class='ocrx_word' id='word_1_686' title='bbox 3851 3593 3977 3659; x_wconf 92' lang='lat' dir='ltr'><strong>sibi</strong></span> <span class='ocrx_word' id='word_1_687' title='bbox 4011 3593 4294 3677; x_wconf 87' lang='lat' dir='ltr'><strong>Pighius</strong></span> <span class='ocrx_word' id='word_1_688' title='bbox 4333 3594 4586 3660; x_wconf 88' lang='lat' dir='ltr'><strong>inussit.</strong></span> 
     </span>
     <span class='ocr_line' id='line_1_100' title="bbox 2806 3677 4590 3763; baseline 0.001 -20"><span class='ocrx_word' id='word_1_689' title='bbox 2806 3677 3140 3759; x_wconf 80' lang='lat' dir='ltr'><strong>Quoniam</strong></span> <span class='ocrx_word' id='word_1_690' title='bbox 3174 3688 3394 3744; x_wconf 91' lang='lat' dir='ltr'><strong>autem</strong></span> <span class='ocrx_word' id='word_1_691' title='bbox 3437 3678 3729 3758; x_wconf 88' lang='lat' dir='ltr'><strong>subiicio,</strong></span> <span class='ocrx_word' id='word_1_692' title='bbox 3773 3678 4018 3745; x_wconf 91' lang='lat' dir='ltr'><strong>aboleri</strong></span> <span class='ocrx_word' id='word_1_693' title='bbox 4059 3688 4363 3762; x_wconf 88' lang='lat' dir='ltr'><strong>oportere</strong></span> <span class='ocrx_word' id='word_1_694' title='bbox 4403 3678 4590 3763; x_wconf 89' lang='lat' dir='ltr'><strong>quid·</strong></span> 
     </span>
     <span class='ocr_line' id='line_1_101' title="bbox 2634 3763 4589 3849; baseline 0.001 -20"><span class='ocrx_word' id='word_1_695' title='bbox 2634 3765 2794 3849; x_wconf 91' lang='lat' dir='ltr'><strong>quid</strong></span> <span class='ocrx_word' id='word_1_696' title='bbox 2852 3786 2935 3829; x_wconf 92' lang='lat' dir='ltr'><strong>ex</strong></span> <span class='ocrx_word' id='word_1_697' title='bbox 2989 3763 3176 3830; x_wconf 89' lang='lat' dir='ltr'><strong>nobis</strong></span> <span class='ocrx_word' id='word_1_698' title='bbox 3232 3773 3363 3843; x_wconf 90' lang='lat' dir='ltr'><strong>est,</strong></span> <span class='ocrx_word' id='word_1_699' title='bbox 3423 3785 3631 3847; x_wconf 91' lang='lat' dir='ltr'><strong>quum</strong></span> <span class='ocrx_word' id='word_1_700' title='bbox 3687 3785 3728 3829; x_wconf 88' lang='lat' dir='ltr'><strong>a</strong></span> <span class='ocrx_word' id='word_1_701' title='bbox 3767 3763 4057 3830; x_wconf 89' lang='lat' dir='ltr'><strong>Domino</strong></span> <span class='ocrx_word' id='word_1_702' title='bbox 4098 3786 4589 3849; x_wconf 87' lang='lat' dir='ltr'><strong>regeneramur,</strong></span> 
     </span>
     <span class='ocr_line' id='line_1_102' title="bbox 2632 3850 4592 3935; baseline 0.002 -20"><span class='ocrx_word' id='word_1_703' title='bbox 2632 3851 2920 3935; x_wconf 90' lang='lat' dir='ltr'><strong>primum</strong></span> <span class='ocrx_word' id='word_1_704' title='bbox 2964 3850 3348 3934; x_wconf 87' lang='lat' dir='ltr'><strong>interrogat,</strong></span> <span class='ocrx_word' id='word_1_705' title='bbox 3391 3850 3550 3933; x_wconf 88' lang='lat' dir='ltr'><strong>quid</strong></span> <span class='ocrx_word' id='word_1_706' title='bbox 3590 3851 3737 3917; x_wconf 87' lang='lat' dir='ltr'><strong>istis</strong></span> <span class='ocrx_word' id='word_1_707' title='bbox 3778 3850 4000 3918; x_wconf 90' lang='lat' dir='ltr'><strong>verbis</strong></span> <span class='ocrx_word' id='word_1_708' title='bbox 4039 3851 4207 3916; x_wconf 86' lang='lat' dir='ltr'><strong>mihi</strong></span> <span class='ocrx_word' id='word_1_709' title='bbox 4251 3851 4487 3931; x_wconf 67' lang='grc' dir='ltr'>νθΕΠις</span> <span class='ocrx_word' id='word_1_710' title='bbox 4527 3859 4592 3917; x_wconf 76' lang='lat' dir='ltr'><strong>et</strong></span> 
     </span>
     <span class='ocr_line' id='line_1_103' title="bbox 2632 3933 4591 4020; baseline 0.001 -19"><span class='ocrx_word' id='word_1_711' title='bbox 2632 3958 2789 4003; x_wconf 89' lang='lat' dir='ltr'><strong>mox</strong></span> <span class='ocrx_word' id='word_1_712' title='bbox 2834 3933 3286 4020; x_wconf 89' lang='lat' dir='ltr'><strong>respondendo</strong></span> <span class='ocrx_word' id='word_1_713' title='bbox 3310 3938 3684 4014; x_wconf 87' lang='lat' dir='ltr'><strong>antevertit,</strong></span> <span class='ocrx_word' id='word_1_714' title='bbox 3720 3957 3854 4002; x_wconf 92' lang='lat' dir='ltr'><strong>non</strong></span> <span class='ocrx_word' id='word_1_715' title='bbox 3890 3937 4080 4001; x_wconf 88' lang='lat' dir='ltr'><strong>aliter</strong></span> <span class='ocrx_word' id='word_1_716' title='bbox 4113 3959 4315 4020; x_wconf 90' lang='lat' dir='ltr'><strong>quam</strong></span> <span class='ocrx_word' id='word_1_717' title='bbox 4341 3937 4426 4002; x_wconf 86' lang='lat' dir='ltr'><strong>de</strong></span> <span class='ocrx_word' id='word_1_718' title='bbox 4449 3939 4591 4003; x_wconf 87' lang='lat' dir='ltr'><strong>uni·</strong></span> 
     </span>
     <span class='ocr_line' id='line_1_104' title="bbox 2634 4023 4594 4107; baseline 0 -19"><span class='ocrx_word' id='word_1_719' title='bbox 2634 4023 2847 4088; x_wconf 89' lang='lat' dir='ltr'><strong>versis</strong></span> <span class='ocrx_word' id='word_1_720' title='bbox 2889 4031 3166 4087; x_wconf 87' lang='lat' dir='ltr'><strong>naturae</strong></span> <span class='ocrx_word' id='word_1_721' title='bbox 3197 4023 3496 4105; x_wconf 89' lang='lat' dir='ltr'><strong>partibus</strong></span> <span class='ocrx_word' id='word_1_722' title='bbox 3539 4043 3730 4107; x_wconf 89' lang='lat' dir='ltr'><strong>posse</strong></span> <span class='ocrx_word' id='word_1_723' title='bbox 3771 4023 4081 4107; x_wconf 88' lang='lat' dir='ltr'><strong>intelligi:</strong></span> <span class='ocrx_word' id='word_1_724' title='bbox 4125 4024 4202 4087; x_wconf 90' lang='lat' dir='ltr'><strong>in</strong></span> <span class='ocrx_word' id='word_1_725' title='bbox 4243 4024 4330 4088; x_wconf 92' lang='lat' dir='ltr'><strong>iis</strong></span> <span class='ocrx_word' id='word_1_726' title='bbox 4375 4031 4594 4088; x_wconf 89' lang='lat' dir='ltr'><strong>autem</strong></span> 
     </span>
     <span class='ocr_line' id='line_1_105' title="bbox 2637 4108 4590 4193; baseline 0 -19"><span class='ocrx_word' id='word_1_727' title='bbox 2637 4130 2779 4174; x_wconf 90' lang='lat' dir='ltr'><strong>esse</strong></span> <span class='ocrx_word' id='word_1_728' title='bbox 2814 4117 2884 4172; x_wconf 91' lang='lat' dir='ltr'><strong>et</strong></span> <span class='ocrx_word' id='word_1_729' title='bbox 2913 4108 3204 4173; x_wconf 90' lang='lat' dir='ltr'><strong>animam</strong></span> <span class='ocrx_word' id='word_1_730' title='bbox 3244 4117 3313 4172; x_wconf 90' lang='lat' dir='ltr'><strong>et</strong></span> <span class='ocrx_word' id='word_1_731' title='bbox 3342 4129 3605 4191; x_wconf 87' lang='lat' dir='ltr'><strong>corpus:</strong></span> <span class='ocrx_word' id='word_1_732' title='bbox 3652 4110 4006 4177; x_wconf 87' lang='lat' dir='ltr'><strong>convenire</strong></span> <span class='ocrx_word' id='word_1_733' title='bbox 4036 4130 4195 4193; x_wconf 87' lang='lat' dir='ltr'><strong>ergo</strong></span> <span class='ocrx_word' id='word_1_734' title='bbox 4230 4108 4590 4176; x_wconf 86' lang='lat' dir='ltr'><strong>secundum</strong></span> 
     </span>
     <span class='ocr_line' id='line_1_106' title="bbox 2638 4194 4594 4280; baseline 0.001 -21"><span class='ocrx_word' id='word_1_735' title='bbox 2638 4195 2802 4259; x_wconf 89' lang='lat' dir='ltr'><strong>haec</strong></span> <span class='ocrx_word' id='word_1_736' title='bbox 2850 4215 3000 4259; x_wconf 82' lang='lat' dir='ltr'><strong>mea</strong></span> <span class='ocrx_word' id='word_1_737' title='bbox 3045 4194 3264 4270; x_wconf 88' lang='lat' dir='ltr'><strong>verba,</strong></span> <span class='ocrx_word' id='word_1_738' title='bbox 3310 4205 3390 4259; x_wconf 92' lang='lat' dir='ltr'><strong>ut</strong></span> <span class='ocrx_word' id='word_1_739' title='bbox 3430 4215 3698 4277; x_wconf 91' lang='lat' dir='ltr'><strong>corpore</strong></span> <span class='ocrx_word' id='word_1_740' title='bbox 3741 4202 4097 4280; x_wconf 86' lang='lat' dir='ltr'><strong>resurgant</strong></span> <span class='ocrx_word' id='word_1_741' title='bbox 4137 4194 4466 4273; x_wconf 86' lang='lat' dir='ltr'><strong>homines,</strong></span> <span class='ocrx_word' id='word_1_742' title='bbox 4509 4195 4594 4260; x_wconf 90' lang='lat' dir='ltr'><strong>si-</strong></span> 
     </span>
     <span class='ocr_line' id='line_1_107' title="bbox 2637 4277 4599 4363; baseline 0.001 -18"><span class='ocrx_word' id='word_1_743' title='bbox 2637 4279 2778 4345; x_wconf 89' lang='lat' dir='ltr'><strong>mul</strong></span> <span class='ocrx_word' id='word_1_744' title='bbox 2821 4289 3020 4363; x_wconf 90' lang='lat' dir='ltr'><strong>atque</strong></span> <span class='ocrx_word' id='word_1_745' title='bbox 3067 4278 3151 4345; x_wconf 87' lang='lat' dir='ltr'><strong>ad</strong></span> <span class='ocrx_word' id='word_1_746' title='bbox 3195 4277 3421 4344; x_wconf 92' lang='lat' dir='ltr'><strong>Deum</strong></span> <span class='ocrx_word' id='word_1_747' title='bbox 3464 4288 3956 4346; x_wconf 88' lang='lat' dir='ltr'><strong>convertuntur.</strong></span> <span class='ocrx_word' id='word_1_748' title='bbox 4048 4285 4198 4362; x_wconf 77' lang='lat' dir='ltr'><strong>[pag.</strong></span> <span class='ocrx_word' id='word_1_749' title='bbox 4246 4287 4402 4362; x_wconf 80' lang='lat'>206]</span> <span class='ocrx_word' id='word_1_750' title='bbox 4449 4282 4599 4348; x_wconf 89' lang='lat' dir='ltr'><strong>Non</strong></span> 
     </span>
     <span class='ocr_line' id='line_1_108' title="bbox 2640 4363 4600 4451; baseline 0.001 -19"><span class='ocrx_word' id='word_1_751' title='bbox 2640 4363 3077 4432; x_wconf 87' lang='lat' dir='ltr'><strong>confidentius</strong></span> <span class='ocrx_word' id='word_1_752' title='bbox 3143 4365 3597 4431; x_wconf 90' lang='lat' dir='ltr'><strong>adversarium</strong></span> <span class='ocrx_word' id='word_1_753' title='bbox 3661 4367 4118 4450; x_wconf 82' lang='lat' dir='ltr'><strong>insequeretur</strong></span> <span class='ocrx_word' id='word_1_754' title='bbox 4180 4365 4600 4451; x_wconf 79' lang='lat' dir='ltr'><strong>Chrysippus</strong></span> 
     </span>
     <span class='ocr_line' id='line_1_109' title="bbox 2641 4450 4602 4536; baseline -0.001 -18"><span class='ocrx_word' id='word_1_755' title='bbox 2641 4451 3052 4534; x_wconf 87' lang='lat' dir='ltr'><strong>disputando,</strong></span> <span class='ocrx_word' id='word_1_756' title='bbox 3097 4453 3155 4515; x_wconf 93' lang='lat' dir='ltr'><strong>si</strong></span> <span class='ocrx_word' id='word_1_757' title='bbox 3199 4450 3471 4530; x_wconf 87' lang='lat' dir='ltr'><strong>viveret,</strong></span> <span class='ocrx_word' id='word_1_758' title='bbox 3517 4452 3634 4518; x_wconf 90' lang='lat' dir='ltr'><strong>sed</strong></span> <span class='ocrx_word' id='word_1_759' title='bbox 3678 4452 3917 4519; x_wconf 89' lang='lat' dir='ltr'><strong>melius</strong></span> <span class='ocrx_word' id='word_1_760' title='bbox 3948 4453 4304 4536; x_wconf 80' lang='lat' dir='ltr'><strong>aliquante,</strong></span> <span class='ocrx_word' id='word_1_761' title='bbox 4351 4463 4420 4519; x_wconf 89' lang='lat' dir='ltr'><strong>et</strong></span> <span class='ocrx_word' id='word_1_762' title='bbox 4464 4474 4602 4519; x_wconf 83' lang='lat' dir='ltr'><strong>ma·</strong></span> 
     </span>
     <span class='ocr_line' id='line_1_110' title="bbox 2691 4535 4604 4623; baseline 0.001 -21"><span class='ocrx_word' id='word_1_763' title='bbox 2691 4539 2702 4551; x_wconf 82' lang='lat'><strong><em>&#39;</em></strong></span> <span class='ocrx_word' id='word_1_764' title='bbox 2807 4536 2983 4602; x_wconf 88' lang='lat' dir='ltr'><strong>vivis</strong></span> <span class='ocrx_word' id='word_1_765' title='bbox 3049 4535 3413 4603; x_wconf 89' lang='lat' dir='ltr'><strong>rationibus</strong></span> <span class='ocrx_word' id='word_1_766' title='bbox 3470 4547 3818 4620; x_wconf 88' lang='lat' dir='ltr'><strong>premeret.</strong></span> <span class='ocrx_word' id='word_1_767' title='bbox 3906 4539 4053 4623; x_wconf 87' lang='lat' dir='ltr'><strong>Ego</strong></span> <span class='ocrx_word' id='word_1_768' title='bbox 4071 4590 4086 4615; x_wconf 89' lang='lat'><strong>,</strong></span> <span class='ocrx_word' id='word_1_769' title='bbox 4150 4548 4231 4603; x_wconf 89' lang='lat' dir='ltr'><strong>ut</strong></span> <span class='ocrx_word' id='word_1_770' title='bbox 4282 4539 4604 4606; x_wconf 85' lang='lat' dir='ltr'><strong>latratum</strong></span> 
     </span>
     <span class='ocr_line' id='line_1_111' title="bbox 2641 4560 4606 4709; baseline 0.001 -20"><span class='ocrx_word' id='word_1_771' title='bbox 2641 4560 2840 4689; x_wconf 64' lang='lat' dir='ltr'><strong>ffius</strong></span> <span class='ocrx_word' id='word_1_772' title='bbox 2883 4622 3064 4688; x_wconf 84' lang='lat' dir='ltr'><strong>oanis</strong></span> <span class='ocrx_word' id='word_1_773' title='bbox 3116 4621 3407 4689; x_wconf 87' lang='lat' dir='ltr'><strong>breviter</strong></span> <span class='ocrx_word' id='word_1_774' title='bbox 3450 4645 3886 4706; x_wconf 88' lang='lat' dir='ltr'><strong>compescam,</strong></span> <span class='ocrx_word' id='word_1_775' title='bbox 3942 4624 4232 4707; x_wconf 91' lang='lat' dir='ltr'><strong>primum</strong></span> <span class='ocrx_word' id='word_1_776' title='bbox 4287 4623 4606 4709; x_wconf 85' lang='lat' dir='ltr'><strong>loquendi</strong></span> 
     </span>
     <span class='ocr_line' id='line_1_112' title="bbox 2641 4711 4610 4794; baseline 0.001 -20"><span class='ocrx_word' id='word_1_777' title='bbox 2641 4711 2922 4776; x_wconf 87' lang='lat' dir='ltr'><strong>formam</strong></span> <span class='ocrx_word' id='word_1_778' title='bbox 2977 4729 3193 4792; x_wconf 89' lang='lat' dir='ltr'><strong>neque</strong></span> <span class='ocrx_word' id='word_1_779' title='bbox 3235 4730 3475 4774; x_wconf 88' lang='lat' dir='ltr'><strong>novam</strong></span> <span class='ocrx_word' id='word_1_780' title='bbox 3535 4730 3678 4775; x_wconf 85' lang='lat' dir='ltr'><strong>esse</strong></span> <span class='ocrx_word' id='word_1_781' title='bbox 3695 4761 3710 4786; x_wconf 90' lang='lat'><strong>,</strong></span> <span class='ocrx_word' id='word_1_782' title='bbox 3765 4731 3979 4794; x_wconf 90' lang='lat' dir='ltr'><strong>neque</strong></span> <span class='ocrx_word' id='word_1_783' title='bbox 4021 4732 4063 4776; x_wconf 91' lang='lat' dir='ltr'><strong>a</strong></span> <span class='ocrx_word' id='word_1_784' title='bbox 4105 4731 4213 4776; x_wconf 92' lang='lat' dir='ltr'><strong>me</strong></span> <span class='ocrx_word' id='word_1_785' title='bbox 4255 4711 4610 4778; x_wconf 85' lang='lat' dir='ltr'><strong>inventam</strong></span> 
     </span>
     <span class='ocr_line' id='line_1_113' title="bbox 2643 4792 4612 4880; baseline 0.001 -20"><span class='ocrx_word' id='word_1_786' title='bbox 2643 4794 3024 4880; x_wconf 88' lang='lat' dir='ltr'><strong>respondeo.</strong></span> <span class='ocrx_word' id='word_1_787' title='bbox 3092 4792 3207 4861; x_wconf 83' lang='lat' dir='ltr'><strong>Sic</strong></span> <span class='ocrx_word' id='word_1_788' title='bbox 3243 4795 3419 4859; x_wconf 88' lang='lat' dir='ltr'><strong>enim</strong></span> <span class='ocrx_word' id='word_1_789' title='bbox 3468 4805 3622 4860; x_wconf 81' lang='lat' dir='ltr'><strong>ante</strong></span> <span class='ocrx_word' id='word_1_790' title='bbox 3664 4817 3773 4860; x_wconf 91' lang='lat' dir='ltr'><strong>me</strong></span> <span class='ocrx_word' id='word_1_791' title='bbox 3815 4795 4263 4880; x_wconf 84' lang='lat' dir='ltr'><strong>Augustinus:</strong></span> <span class='ocrx_word' id='word_1_792' title='bbox 4293 4799 4344 4880; x_wconf 86' lang='lat'><strong>¹)</strong></span> <span class='ocrx_word' id='word_1_793' title='bbox 4387 4797 4612 4862; x_wconf 86' lang='lat' dir='ltr'><strong>Nemo</strong></span> 
     </span>
     <span class='ocr_line' id='line_1_114' title="bbox 2645 4878 4612 4967; baseline -0.001 -20"><span class='ocrx_word' id='word_1_794' title='bbox 2645 4904 2715 4947; x_wconf 87' lang='lat' dir='ltr'><strong>se</strong></span> <span class='ocrx_word' id='word_1_795' title='bbox 2770 4881 3026 4967; x_wconf 91' lang='lat' dir='ltr'><strong>palpet;</strong></span> <span class='ocrx_word' id='word_1_796' title='bbox 3089 4878 3171 4944; x_wconf 90' lang='lat' dir='ltr'><strong>de</strong></span> <span class='ocrx_word' id='word_1_797' title='bbox 3214 4902 3332 4947; x_wconf 91' lang='lat' dir='ltr'><strong>suo</strong></span> <span class='ocrx_word' id='word_1_798' title='bbox 3384 4880 3564 4945; x_wconf 90' lang='lat' dir='ltr'><strong>enim</strong></span> <span class='ocrx_word' id='word_1_799' title='bbox 3621 4903 3756 4947; x_wconf 92' lang='lat' dir='ltr'><strong>non</strong></span> <span class='ocrx_word' id='word_1_800' title='bbox 3810 4882 3940 4948; x_wconf 89' lang='lat' dir='ltr'><strong>nisi</strong></span> <span class='ocrx_word' id='word_1_801' title='bbox 3985 4880 4200 4948; x_wconf 80' lang='lat' dir='ltr'><strong>Satan</strong></span> <span class='ocrx_word' id='word_1_802' title='bbox 4253 4893 4383 4948; x_wconf 91' lang='lat' dir='ltr'><strong>est:</strong></span> <span class='ocrx_word' id='word_1_803' title='bbox 4445 4881 4612 4966; x_wconf 89' lang='lat' dir='ltr'><strong>quid</strong></span> 
     </span>
     <span class='ocr_line' id='line_1_115' title="bbox 2644 4965 4610 5051; baseline 0.001 -18"><span class='ocrx_word' id='word_1_804' title='bbox 2644 4969 2825 5033; x_wconf 90' lang='lat' dir='ltr'><strong>enim</strong></span> <span class='ocrx_word' id='word_1_805' title='bbox 2859 4965 2940 5032; x_wconf 91' lang='lat' dir='ltr'><strong>de</strong></span> <span class='ocrx_word' id='word_1_806' title='bbox 2984 4975 3095 5032; x_wconf 91' lang='lat' dir='ltr'><strong>tuo</strong></span> <span class='ocrx_word' id='word_1_807' title='bbox 3141 4965 3361 5044; x_wconf 85' lang='lat' dir='ltr'><strong>habes,</strong></span> <span class='ocrx_word' id='word_1_808' title='bbox 3407 4967 3539 5032; x_wconf 88' lang='lat' dir='ltr'><strong>nisi</strong></span> <span class='ocrx_word' id='word_1_809' title='bbox 3574 4967 3956 5049; x_wconf 79' lang='lat' dir='ltr'><strong>peccatum?</strong></span> <span class='ocrx_word' id='word_1_810' title='bbox 4046 4966 4206 5033; x_wconf 90' lang='lat' dir='ltr'><strong>tolle</strong></span> <span class='ocrx_word' id='word_1_811' title='bbox 4239 4977 4610 5051; x_wconf 79' lang='lat' dir='ltr'><strong>peccatum,</strong></span> 
     </span>
     <span class='ocr_line' id='line_1_116' title="bbox 2644 5050 4614 5138; baseline 0.001 -20"><span class='ocrx_word' id='word_1_812' title='bbox 2644 5050 2821 5138; x_wconf 87' lang='lat' dir='ltr'><strong>quod</strong></span> <span class='ocrx_word' id='word_1_813' title='bbox 2863 5060 3052 5118; x_wconf 91' lang='lat' dir='ltr'><strong>tuum</strong></span> <span class='ocrx_word' id='word_1_814' title='bbox 3095 5061 3223 5131; x_wconf 91' lang='lat' dir='ltr'><strong>est;</strong></span> <span class='ocrx_word' id='word_1_815' title='bbox 3277 5052 3600 5118; x_wconf 89' lang='lat' dir='ltr'><strong>iustitiam</strong></span> <span class='ocrx_word' id='word_1_816' title='bbox 3653 5055 3832 5120; x_wconf 88' lang='lat' dir='ltr'><strong>enim</strong></span> <span class='ocrx_word' id='word_1_817' title='bbox 3875 5061 4008 5120; x_wconf 80' lang='lat' dir='ltr'><strong>non</strong></span> <span class='ocrx_word' id='word_1_818' title='bbox 4052 5053 4256 5119; x_wconf 83' lang='lat' dir='ltr'><strong>habes</strong></span> <span class='ocrx_word' id='word_1_819' title='bbox 4269 5105 4287 5132; x_wconf 91' lang='lat'><strong>,</strong></span> <span class='ocrx_word' id='word_1_820' title='bbox 4345 5053 4484 5120; x_wconf 89' lang='lat' dir='ltr'><strong>nisi</strong></span> <span class='ocrx_word' id='word_1_821' title='bbox 4526 5076 4614 5120; x_wconf 84' lang='lat' dir='ltr'><strong>ex</strong></span> 
     </span>
    </p>
   </div>
   <div class='ocr_carea' id='block_1_14' title="bbox 2785 5239 3512 5305">
    <p class='ocr_par' dir='ltr' id='par_1_14' title="bbox 2785 5239 3512 5305">
     <span class='ocr_line' id='line_1_117' title="bbox 2785 5239 3512 5305; baseline -0.001 -11"><span class='ocrx_word' id='word_1_822' title='bbox 2785 5240 2846 5305; x_wconf 93' lang='lat'><strong>1)</strong></span> <span class='ocrx_word' id='word_1_823' title='bbox 2881 5241 3080 5297; x_wconf 82' lang='lat' dir='ltr'><strong>Homil.</strong></span> <span class='ocrx_word' id='word_1_824' title='bbox 3112 5241 3170 5295; x_wconf 86' lang='lat' dir='ltr'><strong>in</strong></span> <span class='ocrx_word' id='word_1_825' title='bbox 3206 5241 3394 5296; x_wconf 80' lang='lat' dir='ltr'><strong>Ioann.</strong></span> <span class='ocrx_word' id='word_1_826' title='bbox 3425 5239 3512 5295; x_wconf 73' lang='lat'><strong>49.</strong></span> 
     </span>
    </p>
   </div>
   <div class='ocr_carea' id='block_1_15' title="bbox 4873 84 4938 5859">
    <p class='ocr_par' dir='ltr' id='par_1_15' title="bbox 4873 84 4938 5859">
     <span class='ocr_line' id='line_1_118' title="bbox 4873 84 4938 5859; baseline 0 0"><span class='ocrx_word' id='word_1_827' title='bbox 4873 84 4938 5859; x_wconf 95' lang='lat' dir='ltr'><strong> </strong></span> 
     </span>
    </p>
   </div>
  </div>
 </body>
</html>
