4967 5992
564 363 691 425 319

563 559 638 611 ut
687 544 1095 627 acquiescere
1137 543 1268 607 Dei
1309 542 1755 624 inspirationi,
1801 549 2066 607 nostrae
2111 542 2199 605 sit
2228 550 2516 623 potesta-

563 633 679 708 tis;
709 630 922 703 tertiO‚
961 638 1036 692 ut
1077 648 1212 693 non
1247 627 1548 692 labamur
1589 629 1659 692 in
1698 626 1932 710 adepto
1956 628 2187 691 salutis
2219 646 2514 704 munere,

562 714 1021 782 sollicitudinis
1078 717 1228 791 [pag.
1275 718 1421 791 120]
1463 723 1758 791 nostrae,
1814 722 1882 778 et
1925 712 2223 778 coelestis
2266 712 2519 795 pariter

561 803 648 866 sit
702 799 948 864 auxilii.
1056 798 1234 879 Quid
1291 800 1349 863 si
1403 800 1542 882 ipse
1601 798 1726 864 sibi
1784 800 2064 880 scriptor
2120 798 2313 880 paulo
2368 809 2518 880 post

559 905 695 952 non
740 883 1035 951 constet?
1126 884 1299 948 Nam
1351 882 1525 966 quod
1569 906 1653 949 ex
1690 883 2075 949 milevitana
2118 882 2366 968 synodo
2411 903 2516 946 re-

560 973 750 1038 citat:
808 972 863 1035 si
918 971 1062 1051 quis
1117 971 1369 1044 Deum,
1428 979 1504 1032 ut
1558 991 1597 1033 a
1640 983 1905 1053 peccato
1950 989 2342 1052 purgemur,
2400 989 2517 1032 ex-

559 1069 855 1141 spectare
901 1063 1194 1120 nostram
1239 1054 1651 1119 voluntatem
1695 1056 1955 1132 sentiat,
2002 1065 2070 1118 et
2108 1075 2241 1119 non
2278 1054 2515 1136 potius,

558 1152 638 1208 ut
678 1142 968 1225 purgari·
995 1141 1292 1216 velimus,
1339 1142 1408 1203 in
1454 1141 1642 1205 nobis
1687 1142 1963 1216 efficere,
2011 1161 2165 1204 eum
2209 1140 2517 1204 resistere

557 1229 822 1313 spiritui
861 1235 1107 1292 sancto:
1156 1226 1442 1289 minime-
1472 1247 1626 1290 cum
1669 1226 1784 1289 illa
1829 1226 2167 1290 electionis
2210 1224 2516 1288 libertate

557 1313 887 1380 convenit.
976 1311 1149 1377 Item
1209 1310 1382 1393 quod
1442 1311 1630 1389 dicit,
1688 1331 1884 1394 agere
1929 1311 2149 1376 Deum
2192 1311 2264 1373 in
2307 1310 2514 1389 nobis,

557 1416 636 1464 ut
677 1398 850 1482 quod
887 1397 1033 1463 vult
1069 1396 1355 1461 velimus
1397 1407 1463 1461 et
1497 1416 1786 1478 agamus,
1829 1416 2112 1478 prorsus.
2144 1396 2224 1460 ab
2263 1415 2338 1459 eo
2384 1393 2515 1461 dis-

558 1492 943 1552 sentaneum
982 1489 1084 1546 est
1118 1481 1290 1564 quod
1328 1481 1601 1558 dixerat,
1630 1482 2038 1563 acquiescere
2075 1489 2337 1546 nostrae
2373 1503 2517 1545 esse

557 1570 923 1654 potestatis.
1014 1568 1188 1632 Nam
1245 1567 1450 1631 altero
1505 1568 1646 1632 loco
1699 1568 1930 1632 efficax
1989 1567 2263 1648 spiritus
2309 1567 2517 1631 sancti

558 1656 849 1739 operatio
892 1652 1335 1735 praedicatur,
1383 1652 1620 1728 altero,
1666 1652 1821 1716 boni
1862 1668 1974 1717 aut
2029 1652 2184 1716 mali
2229 1651 2516 1734 eligendi

558 1741 888 1806 duntaxat
951 1738 1332 1802 facultatem
1392 1738 1615 1802 offerri
1683 1759 1798 1819 per
1863 1738 2143 1821 gratiam
2164 1789 2177 1814 ,
2257 1737 2512 1803 dicitur.

557 1826 688 1890 Illa
732 1839 953 1889 autem
995 1824 1127 1887 tria
1170 1834 1489 1905 quantum
1532 1823 1748 1888 absint
1791 1845 1830 1887 a
1871 1831 2092 1887 mente
2133 1823 2515 1905 Augustini,

561 1914 692 1975 iam
738 1910 980 1991 partim
1028 1910 1239 1973 visum
1283 1919 1400 1984 est,
1447 1923 1512 1971 ct
1551 1909 1871 1991 copiosius
1908 1907 2123 1973 adhuc
2163 1908 2514 1973 videbitur.

560 1996 1064 2060 Conclusionem
1110 1994 1370 2058 demum
1413 1994 1600 2076 ponit
1643 2015 1724 2059 ex
1761 1994 2044 2075 quadam
2078 1994 2162 2058 ad
2201 1994 2519 2077 populum

561 2081 905 2157 concione,
975 2101 1139 2160 quae
1205 2080 1581 2163 Augustino
1649 2079 2067 2145 adscribitur:
2138 2101 2224 2144 an
2291 2091 2516 2144 autem

564 2167 708 2231 eius
788 2166 899 2242 sit,
967 2164 1266 2248 relinquo
1329 2165 1474 2229 aliis
1540 2165 1968 2230 iudicandum
1989 2217 2002 2239 ,
2063 2168 2187 2230 etsi
2243 2165 2518 2229 minime

561 2252 920 2335 Augustini
989 2251 1329 2334 ingenium
1386 2272 1616 2335 sapere
1697 2252 1863 2315 mihi
1939 2249 2214 2316 videtur.
2319 2249 2518 2327 Sane,

563 2349 678 2403 aut
729 2335 901 2420 quod
946 2337 1086 2401 eius
1147 2357 1282 2400 non
1337 2337 1455 2411 sit,
1515 2349 1630 2400 aut
1683 2337 1854 2418 quod
1909 2338 1990 2401 ab
2035 2357 2111 2400 eo
2157 2335 2372 2401 adhuc
2415 2336 2519 2399 iu·

561 2445 730 2489 vene
772 2422 999 2488 habita
1055 2423 1286 2498 fuerit,
1333 2423 1534 2486 etiam
1580 2444 1664 2486 ex
1719 2422 1822 2486 his
1866 2442 2033 2503 quae
2081 2421 2358 2503 Pighius
2402 2420 2519 2484 ad-

560 2509 742 2574 ducit
786 2507 1004 2573 verbis
1047 2509 1489 2572 coniecturam
1541 2527 1674 2572 non
1721 2507 1984 2590 penitus
2029 2507 2247 2571 levem
2286 2527 2519 2588 capere

559 2594 745 2668 licet,
815 2592 990 2675 quod
1046 2614 1251 2675 quum
1316 2591 1478 2656 duas
1532 2593 1892 2657 contrarias
1961 2601 2172 2657 sectas
2230 2602 2517 2675 poneret,

561 2701 732 2763 quae
775 2679 1056 2741 nimium
1100 2677 1229 2750 huc
1265 2685 1381 2740 aut
1422 2676 1578 2741 illuc
1622 2676 2009 2743 declinando
2051 2687 2290 2754 errent,
2338 2685 2406 2741 et
2446 2680 2520 2742 in

561 2785 700 2829 una
743 2772 930 2847 parte
974 2762 1400 2827 Manichaeos
1442 2762 1752 2842 locasset,
1809 2764 1880 2827 in
1924 2763 2133 2826 altera
2175 2784 2309 2827 non
2354 2763 2519 2828 Coe-

561 2850 835 2914 lestinos
902 2865 1014 2912 aut
1077 2847 1474 2930 Pelagianos
1488 2898 1504 2924 ,
1582 2848 1698 2913 sed
1770 2848 2191 2914 Iovinianum
2267 2850 2516 2914 statuit.

564 2937 693 3011 An,
739 2950 999 3014 quaesO,
1045 2932 1436 3015 Pelagianos
1491 2934 1843 3012 omisisset,
1890 2934 2128 3016 quibus
2171 2945 2309 2998 tam
2352 2936 2519 3000 acri·

565 3029 671 3084 ter
715 3038 975 3100 semper
1019 3031 1119 3083 est
1160 3018 1454 3094 infestus,
1494 3027 1562 3082 et
1603 3040 1766 3101 quos
1811 3022 2023 3103 magis
2064 3040 2331 3085 necesse
2376 3031 2521 3085 erat

565 3104 742 3188 apud
801 3104 1110 3188 populum
1165 3104 1409 3170 referre
1426 3156 1439 3182 ,
1507 3107 1562 3169 si
1605 3117 1763 3170 tunc
1817 3105 2264 3171 exstitissent?
2364 3106 2430 3169 N
2431 3126 2518 3169 on

566 3191 746 3257 enim
800 3190 1106 3255 africanis
1161 3190 1450 3256 ecclesiis
1504 3212 1579 3255 eo
1649 3203 1939 3274 tempore
2007 3191 2322 3256 molestus
2378 3203 2520 3255 erat

564 3277 966 3354 Iovinianus,
1013 3275 1127 3340 sed
1172 3275 1684 3360 Pelagianorum
1728 3277 1904 3341 fama
1937 3277 2133 3341 simul
2175 3290 2243 3341 ot
2283 3278 2517 3359 impie·

562 3373 664 3428 tas
706 3372 920 3426 totum
974 3361 1112 3426 fere
1169 3362 1392 3427 orbem
1458 3375 1815 3447 pervagata
1867 3377 2026 3427 erat.
2118 3362 2520 3443 Quanquam

562 3450 705 3512 sine
758 3447 885 3512 hac
941 3468 1196 3530 quoque
1253 3449 1628 3513 coniectura
1683 3469 1898 3513 sermo
1952 3449 2092 3532 ipsc
2135 3447 2385 3530 prodit,
2447 3469 2518 3511 se

560 3533 920 3617 Augustini
984 3554 1226 3597 nomon
1292 3535 1577 3599 mentiri.
1681 3535 1935 3599 Verum
2002 3545 2333 3614 utcunque
2409 3534 2515 3610 sit,

560 3619 909 3684 audiamus
965 3619 1031 3682 id
1085 3618 1258 3701 quod
1316 3619 1528 3684 habet.
1618 3619 1715 3685 Ut
1756 3619 2059 3698 liberum,
2117 3620 2350 3702 inquit,
2399 3619 2518 3682 ho·

559 3705 761 3768 minis
826 3703 1170 3769 arbitrium
1225 3707 1683 3770 confiteamur:
1740 3704 2048 3782 dicimus,
2107 3726 2228 3769 nos
2273 3713 2342 3768 et
2383 3725 2519 3768 non

562 3809 866 3873 peccare,
926 3801 992 3854 et
1045 3810 1314 3873 peccare
1357 3792 1566 3873 posse.
1655 3790 2077 3873 Respondeo,
2124 3790 2327 3866 hunc,
2373 3791 2519 3872 qui-

562 3897 818 3959 cunque
871 3877 983 3954 sit,
1040 3878 1095 3941 si
1152 3877 1408 3942 arbitrii
1465 3875 1718 3941 viribus
1783 3875 2112 3960 intelligat
2182 3875 2519 3941 hominem

561 3981 752 4043 posse
809 3981 944 4025 non
989 3981 1287 4043 peccare,
1343 3983 1478 4027 non
1531 3962 1695 4026 mihi
1714 4013 1728 4036 ,
1788 3961 1906 4027 sed
1959 3961 2337 4045 Augustino
2391 3961 2520 4043 ipsi

561 4068 680 4130 pro
725 4048 1057 4112 haeretico
1116 4051 1264 4125 [pag.
1317 4051 1457 4126 121]
1507 4046 1750 4113 haberi.
1842 4046 1969 4112 Sin
2014 4068 2171 4112 vero
2225 4068 2344 4131 per
2388 4046 2519 4111 Dei

562 4134 877 4216 gratiam,
954 4133 1171 4198 sciunt
1236 4132 1478 4196 eruditi
1559 4143 1626 4195 et
1684 4133 1756 4197 in
1811 4135 2173 4217 Augustini
2239 4132 2519 4197 lectione

561 4219 921 4292 exercitati,
966 4217 1248 4300 qualiter
1291 4218 1396 4282 vir
1437 4217 1549 4281 ille
1592 4216 1674 4280 de
1709 4218 2137 4298 possibilitate
2182 4218 2520 4299 disputare

560 4304 781 4368 soleat.
873 4301 1204 4383 Quoniam
1247 4303 1425 4366 enim
1469 4300 1602 4366 Dei
1646 4303 1972 4384 potentiae
2008 4324 2160 4368 eum
2203 4303 2521 4386 derogare

556 4387 1132 4454 calumniabantur
1166 4386 1527 4469 Pelagiani,
1574 4386 1795 4452 Deum
1831 4388 2095 4470 quidem
2139 4408 2329 4469 posse
2365 4408 2521 4452 con·
2571 4397 2575 4422 ·

558 4475 806 4548 fitetur,
854 4474 908 4537 si
955 4473 1145 4548 velit,
1192 4472 1307 4536 sed
1353 4472 1613 4536 nullum
1657 4474 2031 4556 exemplum
2074 4473 2207 4537 tale
2251 4472 2360 4537 vel
2404 4493 2519 4537 ex-

560 4558 827 4633 stitisse,
875 4556 978 4620 vel
1022 4556 1259 4622 debere
1303 4560 1696 4639 exspectari:
1735 4561 2048 4642 quoniam
2085 4558 2277 4623 aliter
2311 4558 2520 4641 scrip-

562 4653 714 4705 tura
757 4642 1164 4726 pronunciet.
1480 4715 1486 4720 ,

735 4727 1094 4806 Postquam
1128 4739 1268 4790 tam
1302 4730 1495 4794 certis
1531 4730 2196 4795 demonstrationibus
2236 4750 2340 4795 me
2365 4749 2520 4794 con-

563 4812 724 4876 vicit
776 4811 1091 4894 Pighius,
1170 4813 1568 4896 triumphale
1635 4818 1880 4879 iterum
1936 4815 2302 4898 tripudium
2361 4817 2516 4899 agit.

564 4897 705 4963 Nec
743 4896 1017 4960 mirum:
1076 4896 1201 4962 sibi
1255 4901 1432 4964 enim
1487 4901 1669 4966 intus
1727 4920 1803 4964 ac
1854 4902 1991 4966 suis
2047 4902 2255 4966 musis
2311 4901 2517 4980 canit3

569 4982 676 5047 vel
718 4982 952 5046 saltem
996 4994 1342 5049 contentus
1383 4995 1506 5064 est,
1546 4987 1602 5051 si
1645 4985 1953 5069 plausum
1996 4986 2237 5051 habeat
2279 5007 2319 5050 a
2355 5007 2519 5069 pau-

565 5067 662 5132 cis
706 5069 812 5131 sui
857 5067 1209 5147 similibus,
1252 5072 1365 5153 qui
1409 5093 1612 5152 quum
1654 5070 1785 5136 Dei
1828 5072 2178 5136 veritatem
2223 5070 2521 5137 subverti

563 5152 704 5216 iam
740 5172 933 5235 posse
974 5153 1338 5237 desperent,
1383 5156 1869 5238 qualescunque
1912 5156 1996 5219 ad
2030 5156 2520 5238 impediendum

565 5237 708 5302 eius
751 5259 1014 5303 cursum
1059 5262 1349 5306 remorae
1395 5241 1679 5322 undique
1721 5241 2126 5322 quaeritant,
2174 5253 2241 5308 et
2283 5242 2519 5306 inven-

1872 352 2245 419 RESPON
2246 352 2400 419 810
2445 350 2825 420 CONTRA
2866 295 3285 421 Pronum

4459 361 4580 424 320

2624 549 2728 606 tas
2771 561 2964 606 caeco
3007 541 3228 606 furore
3270 542 3755 608 exosculantur.
3848 542 3985 609 Sed
4027 565 4171 609 rem
4204 550 4415 609 totam
4449 544 4579 610 cla-

2622 628 2761 692 rius
2820 648 2861 691 a
2902 647 3008 690 me
3060 627 3458 709 patefactam
3514 626 3798 707 confido,
3856 649 4055 712 quam
4110 636 4187 694 ut
4230 629 4408 711 apud
4452 650 4580 708 eos,

2622 713 2735 794 qui
2781 705 3017 776 sanuin
3076 712 3160 777 ad
3214 712 3387 778 hanc
3444 711 3953 796 disputationem
4009 714 4361 798 legendam
4412 714 4582 780 iud-i·

2624 798 2800 862 cium
2845 798 3152 876 afferent,
3211 807 3277 862 et
3318 807 3608 862 mentem
3661 800 3951 881 quietam
4007 820 4084 865 ac
4136 802 4580 883 compositam,

2623 884 2915 947 flatuosis
2959 882 3093 947 illis
3136 883 3274 948 suis
3316 883 3675 962 iactantiis,
3720 886 3827 950 vel
3874 886 4221 950 minimum
4266 887 4578 968 proficiat.

2624 966 2803 1033 Satis
2861 968 3038 1031 enim
3102 988 3429 1051 superque
3484 968 3626 1033 eius
3680 970 3860 1035 fucos
3916 969 4188 1036 diluisse
4252 969 4419 1035 mihi
4484 974 4578 1036 vi·

2625 1052 2814 1117 deor:
2861 1053 3098 1134 quibus
3138 1055 3556 1137 Augustinus
3601 1055 3926 1137 pinxerat,
3971 1066 4047 1121 ut
4090 1054 4277 1121 nobis
4320 1065 4579 1122 contra-

2622 1140 2762 1204 rius
2806 1137 3157 1203 videretur.
3248 1139 3311 1203 N
3314 1161 3442 1204 unc
3485 1160 3647 1205 vero
3694 1142 3817 1208 hoc
3860 1162 4119 1225 quoque
4164 1164 4203 1207 a
4248 1163 4357 1206 me
4396 1144 4579 1225 quasi

2623 1225 2987 1288 auctarium
3041 1225 3339 1288 fortassis
3396 1226 3737 1306 requirent
3792 1226 4022 1309 aliqui,
4086 1238 4161 1291 ut
4214 1227 4388 1310 quod
4442 1228 4579 1311 glo-

2622 1310 2833 1373 riatus
2892 1330 3040 1373 sum
3100 1308 3182 1374 de
3239 1311 3645 1392 Augustin0‚
3704 1311 3895 1376 illum
3950 1333 4224 1395 prorsus
4282 1321 4579 1378 nostrum

2621 1416 2782 1472 esse,
2820 1415 2996 1459 nunc
3031 1395 3291 1476 plenius
3326 1409 3393 1459 et
3426 1394 3727 1477 pluribus
3763 1399 4154 1463 testimoniis
4175 1399 4570 1464 confirmem.

2622 1478 2774 1560 Qua
2836 1481 2909 1544 in
2976 1500 3049 1543 re
3115 1480 3510 1562 praestanda
3563 1503 3693 1546 non
3748 1494 3883 1546 tam
3941 1483 4332 1550 difficultate
4376 1505 4572 1566 quam

2621 1565 2998 1647 prolixitate
3052 1566 3391 1646 impedior.
3502 1566 3673 1631 Nam
3729 1570 3785 1631 si
3844 1570 4065 1633 omnia
4119 1568 4430 1651 colligere
4471 1570 4571 1633 in·

2621 1653 2913 1723 stituam‚
2949 1671 3115 1732 quae
3150 1652 3405 1716 factura
3441 1653 3574 1716 sint
3608 1651 3693 1717 ad
3728 1655 4089 1719 sententiae
4124 1663 4391 1719 nostrae
4425 1675 4573 1720 con-

2619 1736 3086 1808 firmationem,
3134 1738 3189 1801 si
3232 1736 3742 1814 adducerentur,
3800 1738 4073 1823 longum
4118 1759 4202 1803 ex
4244 1739 4351 1805 his
4394 1739 4575 1808 volu-

2622 1843 2777 1886 men
2832 1821 2997 1884 mihi
3059 1822 3416 1886 texendum
3473 1823 3669 1899 foret,
3733 1835 3801 1888 et
3845 1825 3964 1889 toti
4007 1826 4207 1890 etiam
4250 1826 4387 1890 fere
4431 1825 4576 1890 libri

2621 1906 2953 1971 interdum
3008 1907 3361 1971 inserendi.
3464 1906 3644 1988 Quid
3698 1911 3874 1974 enim
3926 1909 4105 1974 aliud
4158 1923 4444 1992 quatuor
4495 1909 4577 1975 ad

2623 1992 3037 2056 Bonifacium
3094 1992 3241 2057 libri
3261 2043 3277 2069 ,
3333 1994 3460 2057 duo
3515 1993 3599 2058 ad
3642 1995 4045 2077 Prosperum
4100 2011 4167 2059 et
4220 1995 4571 2072 Hilarium,

2624 2077 2752 2142 duo
2799 2079 2962 2142 item
3021 2076 3104 2141 ad
3146 2077 3583 2143 Valentinum
3637 2080 4023 2145 continent?
4087 2080 4245 2163 quid
4289 2080 4456 2146 liber
4497 2080 4574 2145 de

2622 2164 2882 2228 Natura
2939 2175 3007 2226 et
3060 2165 3301 2246 gratia,
3367 2164 3536 2229 alter
3585 2164 3749 2228 item
3804 2165 3886 2230 de
3929 2166 4345 2230 Perfectione
4388 2167 4575 2231 iusti-

2624 2248 2798 2313 tiae?
2842 2249 3000 2331 quid
3043 2248 3196 2314 libri
3243 2259 3380 2313 tres
3425 2248 3509 2314 ad
3545 2250 4053 2316 Marcellinum?
4107 2250 4267 2334 quid
4306 2251 4575 2316 totidem

2623 2336 2882 2399 circiter
2924 2334 3265 2416 Epistolae
3309 2347 3470 2416 quot
3512 2337 3847 2402 nominavi
3893 2336 4114 2416 libros,
4169 2336 4301 2401 nisi
4342 2338 4573 2420 genui-

2623 2442 2811 2498 nam,
2858 2440 3134 2501 eamque
3176 2431 3564 2503 perpetuam
3609 2419 3945 2486 doctrinae
3990 2423 4251 2489 nostrae
4293 2421 4574 2506 explica—

2623 2505 2913 2570 tionem?
3006 2505 3279 2583 Verum,
3325 2527 3409 2570 ne
3454 2504 3698 2584 videar,
3743 2528 3925 2572 more
3971 2513 4121 2587 [pag.
4166 2522 4192 2571 1
4206 2512 4316 2587 22]
4347 2507 4573 2573 adver-

2625 2592 2799 2666 sarii,
2846 2590 2988 2654 sola
3029 2592 3347 2655 iactantia
3389 2611 3653 2656 causam
3696 2593 3991 2658 obtinere
4026 2592 4223 2658 velle:
4269 2593 4467 2658 simul
4506 2607 4575 2658 ut

2626 2697 2851 2742 eorum
2907 2675 3228 2741 desiderio
3287 2697 3370 2741 ex
3426 2685 3612 2759 parte
3663 2679 3825 2743 satis
3876 2679 4140 2757 faciam,
4210 2679 4323 2761 qui
4376 2699 4575 2761 quum

2625 2774 2919 2827 nostram
2977 2783 3129 2827 cum
3181 2762 3557 2845 Augustino
3622 2766 4121 2829 consensionem
4172 2764 4399 2830 videre
4464 2784 4574 2828 cu-

2623 2849 2829 2931 piant,
2873 2848 3079 2912 otium
3123 2846 3233 2912 vel
3274 2847 3655 2913 facultatem
3696 2868 3829 2914 non
3872 2848 4124 2914 habent
4165 2849 4383 2915 omnia
4427 2869 4575 2931 per-

2624 2932 2903 3017 legendi,
2948 2931 3407 3014 compendium
3453 2954 3535 2998 ex
3570 2934 3797 3016 paucis
3831 2934 3990 2999 locis
4025 2936 4392 3001 confectum
4424 2934 4574 2999 sub-

2623 3021 2868 3096 iiciam,
2929 3015 3103 3099 quod
3157 3037 3419 3084 omnem
3475 3019 3556 3083 de
3611 3041 3691 3084 ea
3742 3039 3816 3083 re
3859 3019 4333 3085 dubitationem
4373 3019 4572 3084 tollat.

2622 3105 2889 3188 Eligam
2929 3113 3152 3167 autem
3194 3124 3305 3169 eos
3350 3104 3551 3170 libros
3595 3105 4039 3187 potissimum,
4088 3105 4326 3188 quibus
4367 3105 4575 3187 pluri·

2622 3212 2806 3255 mum
2851 3189 3220 3254 autoritatis
3254 3189 3555 3255 concedit
3596 3190 3910 3275 Pighius:
3956 3213 4041 3257 ne
4085 3192 4198 3257 ubi
4240 3190 4573 3258 convictus

2623 3276 2848 3353 fuerit,
2905 3274 2990 3338 ad
3045 3273 3358 3340 cavillum
3403 3274 3601 3352 illud,
3658 3276 3831 3342 sicut
3885 3276 4117 3342 solitus
4161 3287 4292 3353 est,
4349 3276 4573 3342 confu-

2620 3362 2790 3445 giat,
2860 3361 3236 3444 Augustino
3305 3360 3512 3425 multa
3578 3364 3753 3426 inter
3823 3360 4297 3444 disputandum
4363 3361 4575 3428 calore

2624 3445 2976 3522 excidisse,
3038 3445 3275 3528 quibus
3317 3467 3404 3510 ne
3468 3447 3610 3529 ipse
3665 3447 3931 3529 quidem
3983 3457 4174 3513 autor
4218 3447 4419 3513 fidem
4462 3446 4574 3511 ha-

2623 3533 2777 3597 bere
2834 3531 3011 3596 velit.
3116 3532 3252 3595 Eos
3309 3552 3464 3615 ergo
3525 3532 3756 3611 libros,
3816 3533 3929 3615 qui
3971 3532 4198 3598 sedato
4257 3535 4394 3598 iam
4446 3532 4575 3598 dis·

2620 3618 2981 3701 putationis
3036 3617 3292 3682 fervore
3345 3618 3573 3701 scripti
3625 3618 3919 3696 fuerunt,
3975 3618 4391 3685 fidelissimos
4435 3639 4574 3684 esse

2621 3713 2826 3768 testes
2880 3703 3154 3780 fatetur,
3223 3700 3378 3785 quid
3437 3706 3716 3768 senserit
3770 3705 4218 3787 Augustinus,
4277 3717 4347 3770 et
4400 3713 4577 3771 certo

2622 3789 2825 3871 recipi
2886 3788 3186 3854 voluerit.
3287 3789 3511 3868 Quare
3578 3791 3637 3854 si
3700 3790 3769 3853 in
3852 3790 3957 3855 his
4022 3790 4577 3868 demonstravero,

2621 3876 2960 3940 nobiseum
3005 3874 3105 3938 illi
3139 3874 3511 3953 convenire,
3547 3875 3689 3941 sine
3724 3875 4188 3953 controversia,
4225 3877 4425 3940 etiam
4465 3875 4575 3941 ad·

2619 3961 2896 4026 versarii
2937 3959 3360 4039 confessione,
3406 3960 3641 4026 vicero.

2795 4045 3101 4109 Primum
3156 4044 3466 4124 dicimus,
3553 4046 3857 4120 hominis,
3905 4057 4199 4112 mentem
4261 4047 4578 4113 caecitate

2623 4151 3021 4216 percussam,
3065 4139 3142 4194 ut
3182 4129 3267 4194 ad
3310 4132 3606 4196 veritatis
3648 4132 3947 4197 notitiam
3989 4131 4336 4214 pervenire
4377 4153 4463 4196 ex
4507 4153 4578 4198 se

2625 4217 2805 4282 nullo
2860 4215 3052 4281 modo
3128 4225 3326 4297 queat
3338 4240 3354 4295 ;
3431 4216 3709 4283 dicimus
3775 4217 4188 4282 voluntatem
4250 4218 4579 4300 pravitate

2624 4310 3033 4384 corruptam,
3078 4311 3154 4364 ut
3194 4321 3318 4367 nec
3354 4303 3572 4367 Deum
3617 4303 3920 4387 diligere,
3965 4324 4087 4367 nec
4129 4302 4272 4368 eius
4313 4302 4578 4369 obedire

2624 4388 2918 4451 iustitiae
2960 4386 3185 4468 possit.
3271 4386 3643 4470 Utrumque
3686 4383 3966 4472 Pighius
4007 4389 4351 4470 improbat.
4413 4389 4579 4453 Pro-

2626 4473 2779 4538 deat
2840 4489 3020 4537 nunc
3081 4472 3153 4534 in
3206 4471 3497 4536 medium
3553 4474 4000 4558 Augustinus,
4070 4472 4251 4538 velut
4314 4472 4577 4540 arbiter.

2626 4559 2832 4624 Libro
2878 4557 2958 4622 de
3002 4555 3399 4622 Sanctorum
3444 4558 4064 4641 praedestinatione,
4110 4580 4183 4624 se
4226 4558 4578 4640 aliquando

2623 4645 2825 4708 fuisse
2876 4643 2950 4707 in
2993 4663 3070 4707 eo
3114 4664 3334 4708 errore
3377 4645 3763 4721 confitetur,
3802 4655 3880 4707 ut
3920 4653 4219 4709 nostrum
4266 4663 4413 4709 esse
4460 4667 4580 4727 pu-

2626 4739 2827 4804 taret,
2884 4728 3109 4793 audito
3163 4729 3505 4812 evangelio
3559 4730 3953 4812 consentire:
4009 4728 4125 4794 sed
4178 4737 4411 4811 postea
4450 4730 4580 4796 illis

2626 4815 2823 4879 Pauli
2887 4815 3107 4881 verbis
3172 4815 3579 4892 convictum,
3668 4825 3745 4878 ut
3809 4815 4181 4897 opinionem
4262 4825 4576 4881 mutaret:

2627 4899 2807 4981 Quid
2851 4899 3053 4965 habes
3096 4899 3266 4983 quod
3312 4921 3445 4964 non
3488 4901 3816 4983 acceperis
3860 4901 3925 4983 (l
3960 4898 4109 4964 Gor.
4148 4909 4207 4978 4,
4249 4898 4365 4982 7)?
4416 4901 4578 4968 Pro-

2625 4986 2779 5050 inde
2845 4985 3077 5062 fidem,
3145 4995 3212 5049 et
3264 4985 3637 5051 inchoatam
3680 4996 3747 5050 et
3803 4986 4185 5068 perfectam,
4245 4986 4581 5053 concludit

2626 5069 2871 5136 donum
2915 5091 3055 5134 esse
3099 5068 3256 5133 Dei:
3315 5091 3520 5152 quum
3564 5092 3646 5136 ne
3689 5072 3978 5155 cogitare
4020 5070 4287 5152 quidem
4329 5071 4581 5156 aliquid

2626 5156 2780 5221 boni
2826 5157 2898 5218 in
2942 5163 3168 5220 nostra
3208 5156 3294 5219 sit
3336 5167 3672 5238 potestate,
3717 5156 3889 5239 quod
3935 5166 4157 5221 tamen
4200 5156 4412 5221 multo
4458 5159 4583 5222 mi-

2624 5261 2750 5305 nus
2812 5247 2946 5315 est,
3002 5259 3199 5320 quam
3240 5240 3522 5306 credere.
3611 5241 3714 5306 Ne
3760 5261 3914 5306 vero
3966 5240 4124 5307 huic
4180 5243 4587 5326 tergiversa-
