4967 5992
397 315 515 377 105

1235 499 1502 555 n’mnr.
1941 581 1947 588 Α

566 586 739 673 Ouy.
830 586 986 653 Gar·
1021 587 1085 652 16
1130 586 1344 652 (1161116
1388 587 1581 653 1161116
1623 589 1948 654 1611616616
1998 609 2113 653 661
2154 610 2339 668 6666,

396 694 645 740 6616166
699 695 792 739 un
855 674 988 738 lion
1040 673 1377 757 rugissant
1433 673 1497 757 (l
1551 674 1782 740 Pierre
1831 680 1888 753 5,
1927 678 2016 759 8),
2062 679 2248 757 prest
2293 681 2336 739 a

400 779 565 824 nous
612 758 916 825 devorer:
962 770 1029 823 et
1071 779 1237 823 nous
1281 780 1563 825 sommes
1606 760 1664 826 si
1707 760 1934 826 foibles
1969 767 2037 824 et
2072 759 2343 845 fragiles

398 844 552 928 qu’il
611 866 779 913 nous
833 845 1048 910 auroit
1107 844 1522 910 incontinent
1576 846 1812 911 abbatu
1829 898 1845 924 ,
1916 846 1974 911 si
2026 846 2200 910 Dieu
2257 868 2342 910 ne

395 950 562 997 nous
606 931 922 1012 fortifioit‚
964 952 1131 1014 pour
1173 951 1254 995 en
1301 931 1486 997 avoir
1525 931 1594 996 la
1630 932 1919 998 victoire.

1192 1164 1260 1198 m
1293 1164 1552 1199 mlflm.

567 1229 714 1312 Que
757 1232 1016 1315 signifie
1059 1231 1123 1295 16
1164 1239 1304 1297 1661
1343 1230 1422 1295 (16
1462 1232 1831 1297 tentation?

1244 1359 1506 1413 ἐπι-1111.

566 1445 702 1510 Les
760 1452 1017 1511 astuces
1072 1453 1140 1509 et
1191 1446 1575 1528 tromperies
1631 1445 1720 1509 du
1776 1445 2020 1524 diablo,
2081 1446 2240 1510 dont
2294 1445 2343 1509 11

393 1551 513 1595 666
570 1552 736 1614 6661
791 1553 959 1597 6666
1013 1529 1437 1614 surprendre,
1496 1531 1679 1597 selon
1736 1553 1861 1615 que
1893 1538 2140 1597 ¹nostre
2194 1552 2344 1596 6666

392 1617 658 1682 66111161
702 1623 803 1682 661
845 1615 1063 1681 666116
1116 1623 1159 1681 a
1199 1623 1372 1683 estre
1416 1616 1645 1696 deceu,
1690 1627 1758 1681 et
1798 1637 1969 1682 nous
2013 1616 2341 1683 decevoir:

392 1711 457 1767 et
511 1711 736 1769 nostre
791 1702 1063 1768 volunte
1118 1711 1219 1770 est
1281 1702 1563 1786 plustost
1616 1709 1831 1785 preste
1876 1702 1956 1768 de
2000 1702 2347 1769 s’adonner

392 1808 478 1852 66
523 1788 662 1853 mal
708 1793 903 1872 qu’au
946 1788 1117 1853 bien.

563 2088 740 2154 Mais
791 2108 1135 2171 pourquoy
1192 2021 1673 2153 Idnerlnmaiitalsswu
1727 2095 1770 2153 a
1810 2087 1988 2153 Dieu
2042 2088 2201 2170 qu’il
2253 2110 2340 2152 ne

387 2174 696 2239 t'induise
740 2168 926 2257 point
965 2194 1050 2237 au
1094 2175 1258 2253 mal,
1316 2194 1448 2239 ven
1490 2194 1615 2257 que
1659 2173 1797 2239 cela
1841 2181 1941 2239 est
1993 2174 2056 2238 16
2098 2171 2341 2257 propre

391 2260 583 2327 office
623 2260 712 2324 du
759 2259 1034 2325 diablo?

1230 2388 1498 2441 L’nurur.

561 2472 836 2540 Comme
880 2474 1055 2540 Dieu
1097 2495 1220 2558 par
1263 2496 1338 2539 sa
1388 2463 1814 2539 misericorde
1867 2493 2180 2539 conserve
2232 2494 2338 2538 666

383 2561 644 2638 fideles,
703 2569 771 2625 et
812 2582 898 2624 ne
941 2568 1197 2642 permet
1240 2581 1364 2642 (166
1406 2558 1470 2623 16
1516 2557 1727 2624 diablo
1778 2559 1874 2624 les
1914 2558 2199 2636 seduise,
2255 2578 2339 2622 ne

380 2669 510 2730 que
571 2646 635 2710 le
690 2645 910 2728 666116.
951 2646 1048 2710 166
1108 2653 1476 2724 sumente,
1533 2645 1711 2709 aussi
1763 2665 1930 2710 ceux
1973 2643 2130 2727 qu’il
2180 2650 2341 2708 veut

381 2733 610 2816 punir,
666 2752 803 2797 non
847 2731 1213 2797 seulement
1253 2731 1300 2795 il
1343 2732 1440 2796 les
1483 2730 1902 2809 abandonne,
1957 2737 2025 2794 et
2063 2731 2261 2794 retire
2291 2734 2338 2806 ¹)

381 2838 458 2884 66
502 2839 702 2903 grace
747 2816 966 2882 d’eux:
1012 2817 1180 2881 mais
1224 2818 1400 2882 aussi
1443 2817 1538 2881 166
1582 2816 1748 2882 livre
1789 2837 1873 2880 66
1900 2814 2130 2893 diable,
2176 2836 2341 2898 pour

384 2912 563 2970 estre
606 2904 890 2969 subiectz
937 2909 980 2967 6
1022 2924 1096 2967 66
1137 2903 1460 2988 tyrannie,
1506 2902 1602 2967 les
1638 2902 1917 2986 aveugle
1950 2909 2019 2967 et
2058 2901 2156 2967 166
2200 2907 2340 2966 met

380 3011 467 3055 611
512 3010 672 3055 6666
714 2997 1052 3072 16616666.

1191 3135 1258 3169 m
1291 3134 1550 3169 mm.

560 3203 714 3285 (166
753 3210 916 3269 veut
958 3200 1098 3266 dire
1141 3208 1318 3266 ceste
1352 3201 1674 3265 addition:
1720 3200 1855 3266 Gar
1897 3208 1940 3266 6
1983 3209 2094 3286 toy
2129 3206 2233 3266 est
2274 3200 2339 3265 16

381 3290 646 3376 Regae,
691 3290 758 3354 la
793 3288 999 3373 gloire
1039 3297 1105 3352 61
1143 3287 1209 3351 16
1241 3288 1602 3369 661666666,
1620 3285 1680 3370 ²)
1717 3308 1850 3351 61111
1885 3287 2112 3352 6166166
2129 3290 2188 3371 ⁸)
2225 3284 2340 3351 (166

387 3374 670 3442 siecles?

1234 3500 1502 3554 n'mur.

556 3591 742 3656 Pour
782 3609 948 3653 nous
997 3587 1260 3653 reduire
1306 3586 1385 3651 (16
1435 3585 1668 3651 rechef
1700 3606 1786 3650 611
1826 3587 2176 3665 166166116,
2213 3608 2339 3670 (166

379 3698 508 3742 666
537 3676 864 3742 61616666
916 3681 1065 3738 6661
1115 3673 1397 3756 plustost
1446 3672 1713 3738 fondees
1770 3693 1855 3737 66
1898 3672 2077 3737 Β166
2130 3680 2199 3737 61
2254 3693 2338 3737 66

379 3783 457 3827 66
511 3763 867 3846 6616661166
924 3767 990 3824 61
1040 3759 1269 3839 116616,
1324 3779 1449 3842 (166
1503 3779 1634 3823 666
1692 3778 1810 3840 666
1853 3780 1939 3824 66
1981 3779 2177 3837 6666,
2223 3759 2336 3842 (161

375 3870 465 3913 66
513 3868 802 3913 66166166
858 3866 977 3928 666
1030 3845 1261 3929 dignes
1304 3845 1598 3909 d'ouvrir
1649 3843 1717 3909 16
1770 3842 2019 3910 11666116
2062 3865 2232 3928 pour
2272 3844 2336 3910 16

373 3934 703 4017 requerir.
792 3933 885 3997 Et
927 3931 1106 3996 aussi
1156 3952 1321 4014 pour
1364 3951 1529 3996 nous
1590 3929 1957 4013 apprendre
2001 3929 2081 3995 de
2126 3930 2335 3996 clorre

375 4027 600 4086 toutes
643 4041 769 4084 666
814 4019 1060 4101 6116166
1104 4037 1226 4100 661
1268 4037 1341 4082 66
1383 4016 1676 4099 louenge.

1150 4165 1216 4198 u:
1251 4164 1507 4199 1116161116.
1518 4146 1570 4212 ⁴)

558 4233 828 4301 N'est—il
863 4232 1040 4299 licite
1078 4231 1157 4296 de
1199 4230 1554 4296 demander
1587 4239 1777 4296 66116
1802 4230 2015 4310 611666,
2060 4236 2179 4310 [fol.
2224 4236 2332 4310 54]

371 4321 581 4386 sinon
624 4341 698 4386 ce
741 4321 854 4403 qui
899 4341 939 4384 6
982 4326 1121 4384 6616
1158 4317 1403 4383 1661161

1227 4444 1490 4498 deur-aur.

561 4533 883 4600 Combien
936 4531 1087 4616 qu'il
1139 4552 1305 4597 nous
1362 4531 1487 4596 6611
1539 4529 1706 4594 libre
1763 4529 1983 4595 d’user
2048 4530 2334 4595 d’autres

371 4619 696 4703 66161166,
741 4626 808 4684 61
849 4618 1102 4683 d’autre
1142 4618 1350 4682 formo
1393 4623 1462 4680 61
1502 4614 1813 4693 mamere,
1859 4617 1918 4680 61
1959 4623 2166 4680 661-66
2209 4636 2334 4698 (166

373 4705 574 4771 nulle
615 4704 876 4771 oraison
925 4724 1009 4769 ne
1052 4724 1199 4768 6616
1239 4702 1471 4767 16111616
1503 4701 1862 4785 ‘aggreable
1905 4707 1948 4765 6
1987 4699 2193 4779 Dieu,
2239 4701 2334 4764 la-

371 4791 606 4874 quelle
647 4812 734 4857 66
778 4812 848 4856 66
892 4795 1199 4873 16666116
1234 4796 1277 4854 a
1314 4795 1488 4854 ceste
1522 4809 1620 4878 cy,
1665 4806 1917 4853 comme
1953 4793 1995 4850 a
2030 4786 2096 4850 16
2129 4785 2335 4869 reigle

369 4877 637 4960 unique
682 4876 762 4942 de
805 4875 958 4941 bien
1005 4875 1202 4959 61161.

699 5166 756 5217 11
796 5166 989 5220 1616116
1026 5163 1178 5218 1548.

1727 311 2385 382 OATEOHISMUS
2426 308 3041 377 GENEVENSIS.

1477 5161 1539 5228 2)
1577 5164 1631 5218 la
1668 5163 1951 5232 6616661166
1991 5169 2047 5215 et
2079 5162 2135 5216 la
2169 5161 2338 5228 1116116
2376 5157 2514 5213 1548
2553 5159 2688 5212 suiv.

363 5235 682 5290 (1116666116.
719 5263 786 5273 --
822 5234 906 5288 La
941 5235 1265 5302 quan-ieme
1302 5248 1499 5302 espece
1536 5233 1604 5287 (16
1640 5248 1769 5300 vray
1803 5231 2048 5285 honneur
2085 5230 2151 5284 de
2185 5229 2340 5284 Dieu-

4276 318 4400 380 106

3347 519 3498 555 mn.

2620 587 2713 651 Et
2755 588 2898 669 quis
2923 606 3144 652 carere
3187 585 3448 668 posset?
3508 586 3823 653 Imminet
3864 588 4043 654 enim
4086 595 4402 671 perpetuo

2451 671 2661 737 nobis·
2712 671 3039 752 diabolus,
3111 671 3472 756 circuitque
3536 672 3748 738 instar
3807 673 4016 739 leonis
4080 674 4402 757 rugientis

2453 779 2776 840 quaerens
2820 778 3015 841 quem
3059 756 3346 822 devoret.
3435 758 3573 822 Nos
3611 779 3790 838 vero,
3834 780 3967 842 qua
4007 761 4235 826 sum'us
4276 760 4402 825 im-

2447 843 2837 923 becillitate,
2896 844 3114 909 statim
3176 843 3697 910 concideremus:
3748 846 3881 909 imo
3934 845 4209 929 singulis
4258 865 4401 910 mo-

2447 931 2688 995 mentis
2732 937 2953 994 661616
2985 928 3065 994 (16
3107 927 3298 993 nobis
3341 929 3527 1008 foret,
3572 930 3705 995 6161
3737 931 3921 996 Deus
3963 952 4083 996 666
4116 930 4201 996 6(1
4233 951 4402 1015 pug-

2448 1036 2607 1080 nam
2650 1016 3010 1114 instrueret
3048 1014 3186 1080 suis
3231 1015 3431 1080 armis
3450 1068 3465 1093 ‚
3503 1037 3835 1099 manuque
3879 1037 4001 1082 sua
4041 1016 4399 1082 roboraret.

3295 1163 3552 1197 mm.

2623 1227 2801 1308 Quid
2845 1229 2962 1294 tibi
3007 1228 3335 1312 significat
3376 1230 3757 1296 tentationis
3798 1229 4081 1295 nomen?

2619 1380 2631 1392 '
3346 1376 3496 1410 Ptmn.

2624 1444 2827 1507 Astus
2883 1441 3302 1525 fallaciasque
3362 1441 3679 1521 Satanae,
3732 1441 3966 1526 quibus
4018 1463 4137 1507 nos
4193 1442 4401 1507 conti-

2448 1534 2687 1593 nenter
2745 1527 3066 1606 adoritur,
3137 1535 3205 1591 61
3265 1528 3451 1593 facile
3504 1530 3804 1611 protinus
3877 1528 4400 1607 circumveniret,

2449 1613 2577 1678 nisi
2636 1615 2765 1678 Dei
2816 1634 2938 1696 ope
2996 1613 3474 1678 adiuvaremur.
3563 1615 3627 1679 N
3632 1637 3739 1679 am
3794 1622 3861 1679 61
3914 1635 4103 1679 mens
4156 1619 4400 1692 nostra,

2446 1720 2566 1782 pro
2610 1701 2840 1765 nativa
2893 1720 3013 1764 sua
3058 1700 3383 1778 vanitate,
3442 1699 3724 1765 obnoxia
3766 1700 3909 1765 6166
3960 1698 4157 1765 (16116;
4215 1704 4284 1764 61
4325 1705 4403 1762 61

2448 1786 2835 1868 propensior
2893 1793 2994 1850 661
3047 1806 3306 1867 semper
3357 1786 3665 1852 voluntas
3723 1793 3952 1851 nostra
4004 1787 4077 1849 in
4129 1784 4399 1864 malum,

2447 1870 2749 1953 protinus
2791 1871 2889 1934 illi
2932 1870 3401 1936 succumberet.

2620 2087 2877 2151 Verum
2920 2106 3039 2148 cur
3074 2019 3574 2166 depregixgmgo
3608 2091 3674 2149 16
3714 2085 3784 2148 16
3818 2086 4257 2149 tentationem
4298 2085 4402 2149 in-

2445 2172 2644 2238 ducat
2699 2172 2885 2236 Deus
2901 2222 2915 2248 ,
2976 2169 3149 2253 quod
3206 2169 3497 2235 Satanae
3555 2171 3922 2253 proprium,
3994 2191 4130 2234 non
4180 2178 4401 2235 autem

2443 2259 2574 2324 Dei
2615 2254 2918 2322 videtur?

3342 2401 3493 2438 PUER-

2618 2468 2808 2536 Sicut
2861 2469 3087 2534 fideles
3132 2470 3535 2553 protectione
3588 2490 3708 2533 sua
3762 2476 3987 2533 tuetur
4038 2469 4225 2534 Deus
4247 2520 4265 2550 ,
4311 2490 4396 2535 116

2445 2563 2562 2622 661
2606 2555 2946 2621 fraudibus
2989 2557 3449 2638 opprimantur
3493 2554 3810 2634 Satanae,
3872 2563 3987 2619 aut
4041 2576 4081 2619 a
4132 2561 4397 2637 peccato

2443 2648 2866 2726 superentur:
2922 2642 3016 2706 ita
3069 2663 3229 2724 quos
3268 2640 3415 2706 vult
3502 2642 3721 2720 unire,
3783 2661 3917 2705 non
3957 2639 4149 2704 modo
4194 2640 4395 2705 desti-

2445 2728 2573 2793 tuit
2617 2749 2736 2792 sua
2771 2728 3005 2811 gratia,
3051 2726 3167 2793 sed
3211 2726 3411 2792 etiam
3513 2733 3745 2791 atanae
3789 2725 4130 2810 tyrannidi
4171 2726 4393 2806 tradit,

2443 2815 2755 2881 caecitate
2797 2813 3111 2897 percutit,
3160 2821 3227 2878 et
3269 2813 3531 2879 coniicit
3571 2811 3643 2876 in
3686 2813 4031 2894 reprobam
4073 2820 4393 2876 mentem:

2443 2908 2520 2965 ut
2573 2921 2842 2983 prorsus
2899 2900 3031 2965 sint
3084 2907 3351 2983 peccato
3404 2898 3764 2981 mancipati
3780 2947 3794 2976 ,
3858 2906 3925 2963 et
3977 2897 4254 2981 expositi
4312 2897 4397 2961 ad

2444 3005 2672 3051 omnes
2714 2987 3154 3051 tentationum
3200 2985 3502 3050 insultus.

2617 3197 2796 3284 Quid
2840 3198 2964 3263 sibi
2994 3197 3141 3264 vult
3184 3131 3581 3281 haema
3611 3197 3864 3263 adiecta
3902 3204 4021 3276 661,
4068 3196 4391 3262 clausula:

2445 3284 2758 3367 quoniam
2801 3294 2990 3348 tuum
3033 3290 3135 3348 est
3177 3304 3455 3367 regnum
3473 3334 3488 3361 ,
3545 3291 3662 3347 tua
3715 3282 4013 3365 potentia
4060 3289 4128 3345 et
4169 3281 4393 3364 gloria,

2442 3371 2517 3434 in
2562 3370 2822 3436 saecula
2864 3369 3271 3435 saeculorum
3285 3369 3318 3430 Ῥ

3342 3514 3493 3549 rutn-

2613 3583 2868 3648 Iterum
2909 3582 3019 3647 hic
3063 3581 3510 3660 admonemur,
3548 3579 3677 3645 Dei
3717 3580 3931 3664 magis
3967 3585 4085 3661 [fol.
4123 3583 4232 3660 66]
4276 3600 4393 3662 po·

2441 3669 2653 3735 tentia
2689 3677 2755 3735 et
2796 3668 3087 3735 bonitate
3122 3666 3423 3733 suffultas
3458 3687 3601 3733 esse
3628 3686 3855 3749 preces
3875 3671 4153 3745 nostras,
4197 3687 4393 3749 quam

2440 3755 2578 3821 ulla
2632 3755 2839 3821 nostri
2892 3754 3147 3820 fiducia.
3237 3754 3589 3818 Praeterea
3628 3753 3758 3817 Dei
3813 3750 4116 3817 laudibus
4165 3771 4393 3836 preces

2440 3862 2665 3907 omnes
2708 3847 2968 3906 nostras
3012 3838 3315 3905 claudere
3358 3838 3682 3904 docemur.

2611 4225 2882 4291 Nihilne
2934 4227 3034 4290 fas
3091 4235 3192 4291 est
3235 4157 3769 4307 ansslgbmpetere,
3826 4241 4020 4303 quam
4076 4221 4246 4304 quod
4290 4228 4392 4286 est

2438 4315 2564 4380 hac
2606 4312 2888 4378 formula
2929 4309 3518 4394 comprehensum?

3338 4456 3488 4490 rum.
3780 4457 3797 4471 ⁴

2613 4526 2904 4592 Tametsi
2947 4523 3163 4591 verbis
3208 4523 3383 4601 61116,
3432 4522 3685 4605 alioque
3727 4521 3922 4586 modo
3964 4520 4244 4585 liberum
4288 4527 4391 4584 est

2438 4614 2722 4696 precari:
2770 4613 2863 4678 sic
2908 4618 3129 4675 tamen
3173 4606 3548 4674 habendum
3593 4615 3721 4687 est,
3767 4606 4020 4672 nullam
4060 4606 4205 4671 Deo
4246 4604 4387 4688 pla·

2438 4720 2586 4765 cere
2621 4699 2987 4764 orationem
3041 4716 3231 4778 posse
3246 4746 3260 4773 ,
3316 4715 3482 4778 quae
3536 4715 3673 4759 non
3728 4694 3888 4773 huc,
3947 4700 4260 4775 tanquam
4304 4690 4388 4754 ad

2373 4803 2396 4828 Α»
2438 4784 2701 4851 unicam
2743 4783 2870 4847 rite
2914 4780 3147 4846 orandi
3189 4801 3507 4858 normam,
3554 4780 3897 4845 referatur.

2996 5156 3053 5224 3)
3094 5159 3153 5212 66
3188 5158 3382 5213 6166166
3422 5155 3778 5209 1561-1563.
4085 5150 4145 5218 4)
4183 5150 4262 5204 Le
4295 5149 4383 5203 44.
