4967 5992
38 5619 54 5744 —
44 5439 52 5514 -τ
38 5177 52 5402 ’-ὴ-

599 350 720 412 331
1901 341 2429 410 RESPONSIO
2474 342 2853 409 CONTRA
2896 341 3314 409 PIGHIUM
4493 347 4615 409 332

595 556 794 600 suum
858 534 1044 600 illum
1111 533 1516 618 catalogum,
1597 554 1739 598 meo
1805 532 1979 617 stylo
2043 533 2179 597 iam
2246 530 2555 614 superius

595 620 970 687 confossum
1011 626 1078 684 et
1133 640 1396 686 erasum
1412 670 1426 697 ,
1473 620 1721 685 recitat.
1810 618 1957 701 Ego
2001 638 2163 682 vero
2208 638 2341 682 non
2403 638 2556 683 cum

595 705 886 789 antiquis
941 706 1241 789 patribus
1295 705 1462 770 mihi
1528 704 1774 770 bellum
1824 721 1974 769 'esse
2039 704 2347 787 profiteor
2363 754 2377 781 ,
2437 702 2556 769 sed

593 810 748 856 cum
789 790 1032 876 Pighio
1078 789 1407 856 duntaxat
1449 798 1516 856 et
1558 789 1898 868 similibus,
1944 789 2050 855 vel
2095 789 2397 867 canibus,
2444 788 2554 855 vel

592 878 833 961 porcis:
893 878 1007 961 qui
1060 885 1542 943 sacrosanctam
1595 884 1662 941 et
1714 875 2072 941 salutarem
2124 875 2256 941 Dei
2309 874 2555 940 verita-

594 968 735 1028 tem
749 1014 765 1040 ,
821 964 1061 1046 partim
1124 964 1388 1046 impuro
1450 971 1519 1027 et
1576 961 1898 1027 obscoeno
1965 968 2179 1027 rostro
2235 960 2554 1026 contami-

596 1055 766 1113 nant
783 1100 800 1128 ,
857 1050 1096 1132 partim
1152 1047 1541 1115 conculcant
1577 1047 1855 1132 pedibus
1869 1099 1885 1127 ,
1940 1048 2185 1130 partim
2227 1054 2556 1113 venenato

594 1154 825 1201 morsu
868 1134 1189 1213 lacerant,
1246 1136 1492 1217 partim
1534 1135 1781 1199 latratu
1825 1141 2328 1217 persequuntur.
2419 1132 2555 1197 Ve-

597 1241 749 1286 rum
802 1220 861 1285 si
916 1222 988 1285 in
1046 1220 1392 1286 refutanda
1434 1221 1574 1285 eius
1628 1219 2016 1304 garrulitate
2061 1219 2368 1284 insistere
2413 1216 2554 1282 vel-

593 1305 749 1386 lem,
793 1306 1017 1372 nullus
1062 1315 1237 1373 esset
1278 1307 1447 1371 finis.
1536 1305 1770 1389 Itaque
1819 1309 1968 1384 [pag.
2013 1309 2160 1384 137]
2207 1324 2247 1368 a
2289 1303 2553 1368 lectori-

594 1392 718 1458 bus
759 1401 929 1476 pete,
977 1413 1060 1457 ne
1099 1415 1139 1457 a
1173 1414 1246 1457 re
1289 1393 1434 1475 ipsa
1468 1390 1789 1456 dimoveri
1829 1412 1900 1456 se
1935 1392 2287 1473 patiantur.
2356 1388 2553 1470 Quod

595 1477 654 1544 si
695 1479 863 1543 mihi
904 1476 1237 1555 dederint,
1295 1478 1577 1542 efficiam
1620 1499 1707 1540 ne
1749 1475 1909 1560 quid
1955 1478 2024 1540 in
2069 1476 2234 1541 meis
2277 1494 2553 1558 respon-

596 1563 892 1630 sionibus
932 1563 1328 1630 desiderent.

770 1650 998 1729 Nunc,
1059 1651 1348 1732 primum
1406 1648 1580 1731 quod
1633 1650 1835 1714 recito
1881 1647 2237 1713 absurdum
2282 1661 2411 1711 est:
2475 1645 2554 1712 Si

594 1744 941 1820 peccatum
995 1735 1403 1802 necessitatis
1459 1742 1588 1813 est,
1645 1735 1778 1799 iam
1827 1733 2074 1800 desinit
2128 1754 2269 1798 esse
2323 1753 2553 1815 pecca-

595 1828 777 1900 tum;
815 1822 872 1887 si
915 1820 1361 1886 voluntarium
1406 1828 1536 1897 est,
1593 1841 1748 1904 ergo
1790 1821 1992 1885 vitari
2034 1826 2269 1902 potest.
2367 1817 2555 1882 Addo

598 1914 852 1984 autem,
901 1906 1026 1972 hoc
1086 1905 1464 1971 dilemmate
1510 1919 1821 1971 vexatum
1875 1906 2034 1970 olim
2077 1906 2278 1971 fuisse
2322 1907 2555 1987 Augu-

597 1993 849 2057 stinum
911 2013 952 2056 a
1026 1992 1319 2076 Pelagi0.
1422 1990 1684 2058 Clamat
1758 1992 1866 2058 hic
1929 1992 2381 2075 phreneticus,
2446 2010 2555 2054 me

597 2078 884 2142 mentiri.
993 2079 1200 2161 Atqui
1268 2077 1437 2142 nihil
1494 2078 1635 2142 dixi
1699 2078 1875 2161 quod
1941 2098 2074 2142 non
2137 2077 2556 2160 Augustinus

597 2163 740 2247 ipse
783 2162 1160 2246 prodiderit.
1227 2164 1424 2230 Hanc
1465 2164 1641 2228 enim
1686 2163 1943 2247 Pelagii
1988 2162 2556 2229 ratiocinationem

597 2270 844 2314 nonam
870 2248 919 2331 ⁸)
964 2250 1168 2334 ponit,
1215 2250 1385 2315 libro
1421 2249 1503 2314 de
1537 2250 1953 2316 Perfectione
1987 2249 2294 2314 iustitiae.
2365 2247 2555 2329 Quae

596 2355 753 2419 ergo
794 2335 924 2402 ista
966 2344 1068 2400 est
1110 2334 1341 2415 rabies,
1386 2356 1632 2419 negare
1676 2337 1935 2419 uspiam
1977 2356 2139 2414 esse,
2183 2333 2356 2417 quod
2399 2343 2555 2398 ante

595 2420 819 2487 oculos
881 2421 1279 2487 exhibetur?
1390 2424 1486 2488 At
1568 2421 1873 2486 similiter
1936 2442 2099 2486 usus
2160 2431 2263 2485 est
2327 2426 2556 2485 contra

595 2506 1022 2573 Manichaeos
1079 2508 1512 2591 Augustinus.
1626 2508 1785 2571 Rite
1837 2506 2131 2590 quidem,
2190 2512 2257 2571 et
2307 2507 2557 2588 optima

595 2593 879 2671 ratione,
936 2613 1142 2675 quum
1197 2593 1295 2657 illi
1347 2601 1691 2676 peccatum
1746 2592 2123 2658 hominibus
2176 2612 2216 2656 a
2256 2592 2404 2657 Deo
2449 2591 2555 2654 in·-

595 2680 898 2763 genitum
953 2698 1125 2755 esse,
1171 2686 1485 2761 tanquam
1529 2676 1965 2743 substantiale
2008 2677 2288 2754 malum,
2344 2678 2554 2760 finge-

596 2770 776 2844 rent;
821 2784 956 2828 non
1000 2762 1432 2829 concederent
1487 2763 1646 2829 vitio
1697 2764 2002 2846 propriae
2042 2762 2403 2828 voluntatis
2448 2783 2554 2828 ac·

595 2847 851 2914 cidisse.
955 2848 1199 2913 Nostra
1249 2857 1471 2914 autem
1505 2870 1704 2914 causa
1747 2848 2101 2914 dissimilis.
2188 2849 2371 2933 Ergo
2428 2848 2555 2914 sic-

597 2934 702 2999 uti
751 2933 950 2998 huius
1005 2932 1273 2998 absurdi
1327 2935 1684 3000 obiectione
1747 2932 1939 2999 hodie
1992 2955 2114 2999 nos
2169 2944 2556 3019 oppugnant

596 3038 1026 3084 romanenses
1091 3019 1408 3104 theologi,
1458 3020 1555 3085 ita
1619 3020 1778 3084 olim
1831 3020 2060 3086 eadem
2105 3021 2556 3104 Augustinum

598 3103 915 3187 Pelagius
967 3104 1344 3188 impetebat.
1447 3107 1687 3171 Exstat
1754 3105 1933 3170 enim
1997 3106 2193 3185 liber,
2261 3108 2376 3188 qui
2432 3105 2556 3171 hoc

600 3197 905 3254 testatur.
994 3191 1315 3275 Negando
1358 3191 1514 3274 quid
1570 3193 1863 3275 proficiet
1903 3191 2227 3276 Pighius?
2317 3192 2410 3257 Et
2451 3199 2554 3256 ta-

598 3295 756 3340 men
797 3275 993 3355 illud,
1051 3277 1225 3360 quod
1279 3299 1319 3342 a
1358 3298 1466 3341 me
1506 3277 1798 3343 additum
1844 3278 2123 3362 Pighius
2165 3277 2554 3360 praetermi-

598 3361 705 3439 sit,
753 3371 1040 3445 quantae
1084 3370 1185 3428 est
1229 3363 1698 3447 ingenuitatis?
1755 3364 1950 3429 Nolle
1993 3386 2100 3428 me
2126 3364 2349 3428 hostes
2393 3384 2550 3429 nos·

597 3453 740 3513 tros
792 3449 1218 3533 praegravari
1273 3448 1529 3533 Pelagii
1587 3452 1868 3526 nomine,
1920 3451 2125 3515 donee
2170 3448 2252 3514 de
2296 3472 2367 3514 re
2411 3452 2554 3533 ipsa

597 3533 1008 3598 satisfactum
1063 3554 1103 3598 a
1156 3535 1345 3600 nobis
1402 3536 1617 3601 fuerit.
1706 3537 1915 3601 Porro
1958 3534 2404 3603 satisfaciendi
2444 3557 2553 3601 ra-

594 3618 688 3682 tio
731 3618 896 3685 haec
940 3627 1070 3684 est:
1126 3620 1573 3686 Nihilominus
1612 3622 1757 3686 iure
1801 3622 1990 3688 nobis
2032 3623 2348 3705 imputari
2401 3643 2552 3705 pec-

594 3710 816 3769 catum
834 3756 848 3782 ,
895 3705 1154 3770 etiamsi
1196 3708 1640 3772 necessarium
1685 3708 1791 3773 sit.
1878 3708 2079 3773 Ratio
2124 3715 2253 3788 est,
2298 3709 2452 3791 quia
2496 3706 2555 3771 si

597 3790 748 3873 quis
802 3809 955 3855 cum
1008 3790 1153 3856 Dco
1217 3790 1580 3874 disceptare
1637 3794 1827 3872 velit,
1900 3801 1968 3858 et
2020 3794 2143 3860 hoc
2205 3800 2554 3876 praetextu

594 3875 915 3941 iudicium
961 3878 1449 3962 subterfugere,
1496 3879 1650 3962 quia
1693 3879 1890 3943 aliter
1934 3901 2067 3944 non
2110 3881 2385 3963 poterit,
2432 3879 2553 3943 ha-

596 3959 708 4026 bet
749 3970 1052 4044 paratam
1095 3964 1619 4046 responsionem:
1679 3964 1978 4031 Perditio
2020 3972 2137 4030 tua
2180 3966 2390 4031 Israel
2407 3989 2423 4044 ;
2481 3965 2553 4028 in

597 4068 705 4112 me
755 4048 1214 4114 tantummodo
1264 4050 1584 4114 auxilium
1635 4058 1823 4115 tuum
1875 4049 2020 4132 (Os.
2062 4056 2160 4130 13,
2200 4057 2288 4134 9).
2355 4050 2554 4117 Unde

597 4134 778 4198 enim
828 4135 958 4199 ista
1012 4135 1402 4217 impotentia
1417 4187 1433 4214 ,
1500 4136 1631 4199 nisi
1682 4158 1765 4201 ex
1826 4144 2100 4202 naturae
2155 4135 2552 4202 vitiositate?

596 4218 794 4284 Unde
883 4240 1033 4285 orro
1066 4220 1414 4300 vitiositas,
1459 4221 1586 4286 nisi
1630 4221 1806 4305 quod
1850 4222 2046 4287 homo
2082 4221 2318 4289 defecit
2361 4243 2401 4286 a
2435 4244 2554 4289 suo

597 4242 880 4403 opifice?
964 4305 1185 4371 Huius
1231 4306 1616 4373 defectionis
1657 4329 1862 4391 quum
1904 4310 2000 4373 rei
2055 4310 2262 4374 simus
2305 4330 2552 4388 omnes,

597 4412 671 4453 1n
723 4391 848 4456 hac
910 4394 1299 4458 necessitate
1357 4415 1486 4477 qua
1540 4394 2055 4478 constringimur
2106 4395 2249 4460 dico
2295 4401 2555 4460 exstare

598 4472 1000 4571 luculentam
1025 4477 1484 4544 ’damnationis
1528 4489 1792 4545 nostrae
1835 4500 2133 4560 causam3
2190 4481 2556 4562 plurimum

600 4559 806 4641 1gitur
862 4561 1113 4642 abesse,
1173 4573 1247 4629 ut
1299 4563 1385 4630 ad
1437 4566 1929 4632 excusationem
1977 4566 2212 4633 valeat.
2302 4565 2435 4632 Hic
2483 4567 2556 4630 in

601 4643 957 4742 cachinnos
1035 4657 1210 4714 totus
1264 4650 1547 4734 Pighius
1613 4653 1918 4718 solvitur:
1988 4657 2133 4732 [pag.
2179 4655 2327 4732 138]
2381 4652 2555 4736 quod

602 4735 744 4827 tam
787 4729 980 4793 mhili
1024 4734 1278 4800 ratione
1321 4758 1427 4800 me
1476 4738 1774 4821 elapsum
1820 4759 1964 4805 esse
2009 4738 2350 4804 confidam.
2419 4737 2556 4804 Sed

601 4811 758 4895 quid
802 4814 1003 4879 habet
1054 4818 1195 4902 ipse
1240 4819 1411 4902 quod
1455 4825 1786 4906 opponat?
1877 4823 2091 4891 Suum
2145 4825 2316 4890 illud
2360 4826 2557 4891 toties

685 5257 696 5269 .
730 5159 799 5270 ⁸1⁵)
851 5189 945 5245 Sic
989 5193 1212 5246 omnino
1264 5193 1546 5264 leymdum
1592 5211 1712 5250 cum
1747 5197 1926 5268 Besa,
1975 5199 2206 5257 ducatus
2263 5200 2560 5270 Auyustim·

600 5254 946 5315 edmombus.
1023 5261 1288 5330 Princeps
1321 5263 1507 5319 habet.-
1541 5280 1752 5320 novam.

1259 5382 1271 5412 Ι

2658 532 3013 614 repetitum
3045 550 3312 597 carmen
3347 531 3619 597 occinit:
3657 552 3739 596 ex
3768 531 4068 614 patribus
4094 551 4165 597 se
4189 539 4619 612 monstrasse,

2657 619 2903 683 frustra
2944 615 3167 681 datam
3203 637 3347 683 esse
3382 615 3615 699 legem,
3652 617 3710 683 si
3751 616 4013 699 impleri
4047 615 4332 701 nequeat
4342 641 4360 698 ;
4404 618 4622 686 locum

2659 723 2782 769 nec
2823 704 3065 769 merito
3122 721 3245 768 nec
3286 701 3607 768 demerito
3648 703 3787 769 fore
3800 752 3817 781 ,
3876 703 4007 769 nisi
4063 710 4204 768 tam
4246 703 4332 768 ad
4375 704 4619 771 bonum

2658 810 2857 872 quam
2901 788 2987 854 ad
3025 788 3274 854 malum
3307 788 3517 854 libera
3559 788 3649 853 sit
3688 788 4012 854 voluntas.
4078 790 4303 873 Atque
4335 798 4414 854 ut
4446 790 4621 856 mul-

2661 875 2946 940 titudine
3009 875 3283 940 testium
3345 895 3467 940 nos
3531 874 3794 953 obruat,
3862 881 4073 940 totam
4134 874 4353 953 illam,
4423 896 4621 960 quam

2660 968 2816 1025 ante
2858 961 3331 1040 recensuimus,
3378 967 3713 1027 catervam
3756 960 4025 1044 profert.
4111 958 4312 1041 Quod
4355 961 4442 1027 ad
4488 960 4619 1027 lar-

2659 1055 2893 1112 vatum
2937 1046 3121 1111 illum
3162 1046 3442 1112 Petrum
3493 1053 3562 1111 et
3612 1047 3920 1112 fictitium
3973 1045 4388 1112 Clementem
4431 1067 4619 1132 spee-

2659 1139 2785 1210 tat,
2840 1134 3166 1199 facessant
3220 1152 3261 1198 e
3300 1129 3539 1196 medic.
3639 1132 3816 1197 Nam
3871 1131 4020 1198 illas
4075 1133 4358 1216 ineptias
4414 1134 4617 1200 verbo

2659 1239 2792 1283 uno
2857 1240 2990 1283 non
3056 1217 3395 1302 dignabor.
3507 1216 3613 1282 De
3668 1218 3815 1283 aliis
3869 1219 4005 1282 iam
4059 1217 4225 1297 dixi,
4292 1227 4618 1301 quantum

2658 1304 2956 1370 sufficiat.
3057 1302 3455 1387 Quanquam
3510 1302 3731 1369 nullus
3796 1312 3899 1369 est
3961 1305 4259 1387 ipsorum
4316 1305 4617 1370 omnium

2659 1390 2902 1455 certior
2958 1390 3314 1473 interpres,
3360 1411 3558 1474 quam
3602 1390 4051 1474 Augustinus,
4110 1389 4269 1454 dum
4312 1411 4505 1458 suam
4546 1392 4617 1456 in

2659 1476 2993 1541 communi
3036 1496 3234 1542 causa
3276 1483 3570 1541 mentem
3614 1477 3901 1558 exponit.
3971 1473 4170 1556 Quod
4215 1477 4395 1542 enim
4430 1475 4615 1542 dixe-

2659 1570 2792 1640 rat,
2849 1582 2983 1625 non
3038 1582 3229 1644 posse
3286 1561 3576 1626 inveniri
3625 1561 3860 1644 culpae
3912 1561 4270 1642 rationem,
4336 1562 4455 1629 ubi
4498 1584 4617 1628 na·

2659 1656 2814 1711 tura
2851 1646 3228 1712 dominatur
3271 1655 3386 1711 aut
3428 1649 3817 1727 necessitas,
3872 1647 4141 1712 nonnisi
4183 1648 4257 1712 in
4300 1668 4509 1714 sanae
4551 1656 4616 1713 et

2658 1733 2957 1817 integrae
3036 1740 3314 1797 naturae
3391 1733 3913 1799 consideratione
3983 1732 4211 1798 valere
4285 1733 4613 1799 admonet.

2657 1818 3057 1883 Necessitati
3100 1819 3278 1883 enim
3321 1840 3455 1883 non
3499 1817 3836 1885 subiacere
3880 1818 4207 1898 homines,
4254 1820 4369 1885 sed
4414 1841 4615 1904 quam

2660 1903 2786 1968 sibi
2831 1904 3207 1973 voluntaria
3240 1904 3434 1987 culpa
3466 1905 3721 1988 primus
3756 1905 3952 1970 homo
3987 1906 4408 1970 contraxerit.
4480 1905 4612 1971 Na-

2659 1996 2841 2069 tura,
2893 1990 3134 2072 inquit,
3188 1988 3377 2056 nobis
3427 1992 3600 2056 facta
3665 2000 3768 2056 est
3831 2011 4055 2073 poena.
4166 1992 4261 2055 Et
4321 1991 4613 2057 vindicta

2657 2076 2855 2158 primi
2909 2075 3197 2141 hominis
3250 2075 3424 2158 quod
3467 2085 3611 2141 erat
3665 2097 3905 2160 poena,
3961 2076 4154 2142 nobis
4208 2083 4455 2142 natura
4492 2087 4606 2144 est.

2660 2160 2891 2242 Quum
2935 2182 3092 2246 ergo
3135 2163 3490 2228 necessitas
3541 2164 3791 2245 peccati
3833 2163 3921 2227 sit
3967 2183 4203 2245 poena,
4248 2183 4421 2246 quae
4461 2162 4612 2228 inde

2660 2247 2973 2312 oriuntur
3013 2256 3309 2331 peccata,
3355 2249 3589 2314 merito
3633 2249 3917 2332 culpari,
3964 2255 4033 2312 et
4072 2268 4304 2313 eorum
4350 2248 4609 2333 culpam

2658 2333 2895 2398 merito
2939 2334 3257 2416 imputari
3296 2334 3690 2413 hominibus,
3772 2333 3988 2399 nando
4025 2333 4481 2399 voluntarium
4515 2343 4612 2399 est

2658 2419 3074 2502 principium.
3164 2420 3361 2486 Nunc
3416 2441 3573 2504 ergo
3613 2422 3725 2503 qui
3814 2440 4049 2486 causae
4092 2427 4222 2498 est,
4278 2441 4399 2487 cur
4438 2419 4610 2486 solu-

2659 2503 2907 2569 tionem
2953 2527 2993 2569 a
3026 2527 3133 2570 me
3186 2506 3466 2588 positam
3510 2515 3693 2571 tanto
3738 2506 3914 2571 fastu
3959 2513 4342 2572 contemnat
4380 2526 4459 2572 ac
4501 2506 4609 2572 de-

2658 2589 2869 2655 rideat
2904 2590 3226 2674 Pighius?
3278 2593 3743 2675 ·Augustinum
3780 2592 4028 2670 omitto,
4071 2612 4206 2656 non
4240 2593 4470 2657 minus
4508 2614 4609 2657 ar·

2658 2684 2926 2825 ξιιειιῐιι,
2985 2678 3247 2760 opinor,
3294 2677 3725 2756 dialecticum,
3771 2699 3969 2761 quam
4013 2678 4101 2743 sit
4140 2678 4454 2761 Pighius:
4501 2679 4611 2761 qui

2708 2783 2783 2827 ac
2833 2771 2950 2827 aut
3001 2761 3124 2827 tali
3179 2764 3604 2846 responsione
3647 2762 3805 2829 data
3861 2785 3933 2830 se
3977 2763 4360 2830 defunctum
4400 2771 4611 2846 putat.

2659 2845 2795 2912 Sed
2838 2849 3100 2931 pietatis
3155 2870 3425 2914 sensum
3466 2849 3912 2928 consulamus,
3971 2870 4057 2914 an
4110 2869 4249 2913 non
4287 2849 4445 2914 satis
4487 2849 4612 2915 hoc

2661 2933 2748 2997 sit
2790 2934 2874 2998 ad
2916 2933 3201 3000 hominis
3245 2942 3534 3015 reatum,
3592 2935 3703 3000 ubi
3754 2957 3874 3001 sua
3918 2934 4109 3018 culpa
4143 2935 4416 3018 periisse
4458 2954 4611 3000 con·

2660 3019 2964 3084 vincitur.
3062 3020 3295 3104 Neque
3348 3021 3527 3086 enim
3568 3022 3698 3086 alia
3736 3043 3818 3105 po
3866 3021 4053 3087 ulum
4105 3042 4304 3086 suum
4347 3040 4610 3087 accusa-

2658 3105 2911 3170 satione
2965 3108 3205 3188 premit
3259 3107 3477 3186 Deus,
3523 3128 3726 3190 quum
3769 3106 3955 3172 dicit:
4013 3105 4310 3172 Pei-ditio
4352 3116 4471 3172 tua
4511 3106 4611 3171 Is-

2659 3191 2814 3270 rael,
2857 3191 2928 3255 in
2974 3211 3080 3256 me
3114 3192 3572 3258 tantummodo
3615 3193 3934 3259 auxilium
3974 3201 4181 3258 tuum.
4272 3194 4369 3258 At
4410 3213 4610 3276 popu-

2657 3277 2801 3341 lum
2844 3277 2979 3344 illic
3022 3278 3271 3361 arguit,
3329 3279 3440 3362 qui
3483 3278 3682 3345 verbo
3726 3300 3847 3345 suo
3891 3279 4347 3361 obtemperare
4386 3278 4614 3344 nolue-

2656 3373 2779 3427 rat.
2868 3363 3140 3442 Fateor,
3197 3363 3313 3428 sed
3378 3385 3584 3447 quum
3643 3365 4038 3430 universalis
4105 3364 4195 3429 sit
4260 3364 4609 3440 sententia,

2658 3449 3052 3527 videndum,
3115 3448 3272 3532 quid
3314 3451 3662 3516 contineat.
3749 3451 3896 3515 Hoc
3955 3458 4181 3516 autem
4222 3450 4457 3533 procul
4496 3447 4611 3514 du-

2656 3535 2765 3600 bio
2817 3536 3173 3619 significat,
3230 3535 3497 3601 destitui
3553 3538 3734 3601 omni
3784 3537 4204 3603 excusatione
4257 3535 4611 3614 hominem,

2657 3621 2714 3685 si
2756 3620 2883 3686 sibi
2927 3640 3128 3686 causa
3172 3622 3357 3685 exitii
3412 3622 3615 3688 fuisse
3661 3627 3808 3702 [pag.
3856 3627 4002 3700 139]
4057 3621 4609 3705 deprehendatur.

2657 3708 2753 3771 At
2804 3706 2927 3771 hoc
2981 3728 3116 3771 non
3159 3727 3303 3773 esse
3356 3715 3665 3773 causatur
3704 3708 4017 3793 Pighius,
4077 3708 4205 3773 nisi
4261 3715 4403 3772 tam
4446 3708 4609 3773 effu·

2658 3813 2814 3876 gere
2857 3792 3325 3875 perditionem,
3370 3815 3566 3877 quam
3608 3794 3883 3877 perdere
3927 3816 3998 3860 se
4042 3793 4266 3877 possit.
4334 3791 4472 3874 Qui
4518 3793 4612 3859 sic

2657 3878 2965 3955 balbutit,
3022 3878 3125 3944 vel
3171 3880 3450 3963 grunnit
3491 3882 3735 3963 potius,
3790 3901 3862 3946 se
3961 3881 4207 3944 rimum
4248 3878 4420 3944 illud
4456 3877 4613 3944 fidei

2658 3972 2924 4029 nostrae
2977 3965 3238 4029 axioma
3294 3986 3425 4030 non
3493 3973 3714 4032 tenere
3776 3987 3898 4049 pro
3948 3966 4026 4044 ‘t,
4073 3986 4220 4044 nos,
4280 3986 4359 4031 ac
4402 3971 4611 4030 totam

2659 4059 2951 4114 nostram
2995 4050 3079 4114 ad
3121 4051 3289 4116 bene
3334 4051 3665 4135 agendum
3708 4053 4040 4129 virtutem,
4086 4052 4160 4116 in
4202 4050 4423 4117 Adam
4462 4071 4613 4134 per-

2658 4136 2828 4201 iisse.
2918 4136 2981 4200 N
2984 4157 3057 4202 ec
3107 4156 3265 4201 vero
3317 4138 3399 4202 ab
3448 4158 3524 4202 eo
3567 4160 3638 4203 se
3681 4137 4033 4203 abhorrere
4068 4136 4175 4202 hic
4219 4135 4610 4213 dissimulat,

2657 4223 2770 4305 qui
2826 4223 3018 4287 toties
3072 4224 3556 4304 corruptionem
3611 4246 3693 4288 ex
3748 4225 3959 4306 primo
4000 4231 4271 4306 parente
4316 4231 4615 4288 contrac-

2659 4317 2816 4384 tam,
2855 4328 2992 4372 non
3037 4307 3193 4372 alibi
3239 4328 3436 4391 quam
3477 4310 3545 4373 in
3591 4309 3904 4375 membris
3947 4309 4236 4392 corporis
4278 4307 4470 4374 locat.

2831 4392 3027 4474 Quod
3079 4393 3153 4457 in
3209 4393 3414 4459 altero
3475 4395 3770 4459 membro
3826 4395 3968 4461 dico
4029 4394 4302 4461 subesse
4354 4394 4613 4472 vitium,

2658 4478 2771 4543 ubi
2817 4487 3159 4563 peccatum
3212 4480 3531 4564 colligunt
3571 4481 3771 4546 vitari
3814 4502 4004 4564 posse
4059 4483 4117 4544 si
4156 4479 4615 4546 voluntarium

2661 4569 2792 4643 est,
2846 4573 2915 4629 et
2955 4565 3104 4630 ideo
3149 4574 3615 4649 argumentum
3659 4567 3881 4632 valere
3925 4588 4126 4651 nege,
4168 4566 4326 4649 quia
4368 4564 4615 4630 deduc-

2658 4652 2909 4716 tionem
2952 4651 3190 4716 habeat
3233 4674 3273 4717 a
3314 4651 3683 4718 voluntario
3717 4651 3801 4717 ad
3844 4652 4157 4717 liberum:
4224 4651 4348 4717 hoc
4391 4659 4466 4715 ut
4506 4671 4617 4716 re-

2660 4738 2874 4817 fellat,
2930 4737 3386 4823 Augustinum
3437 4738 3604 4802 mihi
3656 4738 3930 4823 regerit,
3989 4759 4189 4821 quem
4229 4736 4475 4820 ubique
4517 4736 4617 4803 sic

2659 4824 3037 4889 ratiocinari
3075 4823 3249 4888 dicit.
3315 4824 3523 4907 Atqui
3564 4823 3700 4888 iam
3742 4825 3935 4890 toties
3974 4823 4431 4908 Augustinum
4461 4843 4619 4905 pro-

2662 4908 2825 4975 duxi
2866 4931 3024 4976 suae
3066 4909 3431 4975 sententiae
3473 4909 3933 4993 interpretem,
3977 4917 4056 4975 ut
4098 4909 4383 4992 amplius
4424 4928 4619 4991 repe-

2659 5003 2802 5061 tere
2844 4996 3008 5060 mihi
3050 4996 3176 5078 ipsi
3219 4995 3481 5061 fastidio
3521 4996 3624 5061 sit.
3713 4996 3885 5060 Nam
3931 5015 4098 5078 quae
4139 5016 4259 5079 pro
4301 5016 4427 5060 sua
4458 5014 4621 5078 gar-

2659 5082 2928 5149 rulitate
2969 5081 3248 5147 subinde
3288 5081 3524 5147 recinit
3561 5081 3863 5165 Pighius,
3909 5081 3991 5146 de
4033 5101 4197 5147 sana
4239 5088 4309 5147 et
4348 5082 4625 5164 integra

2660 5176 2903 5233 natura
2945 5167 3190 5233 scribit.
3278 5166 3411 5234 Ubi
3454 5175 3676 5232 autem
3721 5166 3802 5232 dc
3842 5168 4084 5234 vitiosa
4122 5174 4365 5233 natura
4396 5185 4623 5232 sermo

2661 5262 2793 5332 est,
2853 5259 3195 5337 peccatum
3248 5273 3391 5319 esse
3448 5253 3678 5337 'palam
3740 5255 4157 5337 pronunciat,
4223 5254 4365 5319 sive
4414 5253 4625 5318 vitari
