4967 5992
494 311 535 373 7
2184 300 2796 371 LECTORIBUS.
4453 306 4496 367 8

491 469 752 561 utinam
793 515 925 561 non
966 494 1162 579 paulo
1202 499 1352 577 post
1392 493 1684 559 sentiant
1724 493 1844 559 filii
1887 492 2112 570 nostri,
2157 492 2361 558 fuisse
2404 492 2529 557 hoc
2567 512 2805 557 verum
2846 492 3065 575 potius
3107 491 3514 572 vaticinium,
3557 511 3754 575 quam
3796 490 4254 556 coniecturam.
4346 490 4496 572 Quo

491 607 705 692 magis
757 604 1224 672 elaborandum
1264 605 1455 671 nobis
1494 612 1622 684 est,
1679 613 1756 669 ut
1798 604 2285 688 qualescunque
2328 603 2639 670 ecclesiae
2680 602 3022 687 reliquiae,
3080 623 3247 686 quae
3287 608 3440 685 post
3480 608 3755 669 mortem
3796 607 4091 668 nostram
4133 600 4494 681 restabunt,

490 717 599 783 vel
642 718 843 784 etiam
885 725 1243 801 emergent,
1289 716 1553 799 scriptis
1594 716 1838 806 nostris
1881 714 2283 799 colligamus.
2369 715 2464 780 Et
2507 714 2635 779 alia
2676 713 2940 797 quidem
2983 714 3376 797 scriptorum
3417 734 3689 798 genera,
3745 715 3892 798 quis
3929 720 4155 779 noster
4198 713 4495 778 omnium

486 827 688 894 fuerit
726 829 799 894 in
840 828 1159 912 religione
1194 847 1444 908 sensus,
1488 826 1860 893 ostendent:
1886 826 2026 892 ‘sed
2064 826 2419 891 illustriore
2462 825 2866 904 document0,
2911 846 3109 909 quam
3153 825 3330 890 inter
3371 845 3442 891 se
3485 825 3837 891 habuerint
3877 825 4187 892 ecclesiae
4228 832 4495 892 nostrae

491 937 827 1006 doctrinae
870 938 1312 1019 concordiam,
1356 939 1639 1022 perspici
1680 958 1813 1004 non
1855 937 2113 1022 poterit,
2158 957 2357 1021 quam
2396 958 2480 1002 ex
2523 936 2953 1002 catechismis.
3043 936 3192 1002 Illic
3249 936 3428 1002 enim
3480 956 3615 1002 non
3666 934 3862 1001 modo
3905 936 4064 1020 quid
4118 935 4321 1002 semel
4378 934 4492 1002 do-

489 1050 701 1116 cuerit
746 1072 923 1116 unus
967 1050 1193 1130 homo,
1248 1054 1366 1116 aut
1406 1049 1604 1129 alter,
1660 1048 2030 1133 apparebit:
2078 1048 2195 1114 sed
2251 1047 2485 1131 quibus
2543 1050 2582 1112 a
2636 1050 2917 1130 pueritia
2958 1036 3355 1113 'rudimentis
3395 1046 3634 1112 imbuti
3674 1054 3990 1131 perpetuo
4030 1049 4279 1113 fuerint
4320 1047 4495 1131 apud

485 1182 608 1228 nos
664 1160 835 1227 docti
888 1160 1084 1227 simul
1136 1166 1333 1245 atque
1385 1161 1661 1227 indocti:
1716 1167 1794 1226 ut
1846 1159 2168 1226 haberent
2219 1160 2344 1226 hoc
2400 1164 2628 1225 omnes
2684 1157 2911 1225 fideles
2925 1210 2943 1240 ,
2999 1160 3189 1242 quasi
3242 1159 3511 1225 solenne
3566 1158 3966 1226 christianae
4018 1159 4495 1226 communionis

489 1272 878 1357 symbolum.
966 1275 1192 1356 Atque
1244 1272 1407 1339 haec
1460 1292 1618 1339 sane
1675 1272 2025 1355 praecipua
2066 1271 2234 1336 mihi
2272 1271 2398 1336 fuit
2441 1269 2677 1337 edendi
2721 1270 2921 1336 huius
2964 1269 3345 1337 catechismi
3386 1272 3569 1337 ratio.
3660 1270 3895 1335 Valuit
3935 1279 4160 1336 tamen
4201 1292 4338 1336 non
4379 1292 4495 1355 pa-

485 1404 641 1448 rum
682 1384 847 1450 haec
870 1384 920 1469 ¹)
965 1404 1219 1467 quoque
1262 1383 1489 1463 altera,
1534 1380 1708 1466 quod
1749 1403 1904 1447 eum
1948 1405 1988 1448 a
2031 1383 2336 1467 plurimis
2380 1381 2737 1448 desiderari
2780 1382 3148 1464 audiebam,
3189 1383 3344 1466 quia
3386 1381 3560 1481 lectu
3601 1403 3736 1448 non
3773 1382 4125 1467 indignum
4165 1383 4305 1449 fore
4349 1405 4495 1468 spe-

484 1501 726 1560 rarent.
793 1487 1133 1560 Iudicione
1175 1494 1245 1560 id
1287 1516 1374 1560 an
1416 1514 1656 1574 errore,
1693 1495 2129 1577 pronunciare
2169 1515 2303 1561 non
2347 1502 2449 1560 est
2486 1514 2728 1574 meum,
2773 1494 2889 1560 sed
2933 1515 3162 1560 eorum
3193 1501 3436 1559 tamen·
3458 1500 3611 1560 voto
3652 1514 3907 1559 morem
3948 1514 4177 1579 gerere
4217 1517 4497 1581 aequum

480 1607 628 1672 fuit.
717 1604 903 1687 Quin
956 1604 1158 1670 etiam
1211 1605 1455 1672 iniecta
1494 1606 1661 1673 mihi
1712 1603 2184 1689 propemodum
2239 1607 2593 1672 necessitas
2646 1614 2815 1687 erat,
2871 1627 2956 1670 ne
3013 1606 3243 1672 liceret
3292 1607 3563 1689 impune
3606 1604 3990 1672 detrectare.
4077 1606 4252 1673 Nam
4294 1630 4496 1692 quum

481 1724 637 1781 ante
680 1736 888 1782 annos
929 1722 1182 1798 septem
1233 1716 1412 1783 edita
1452 1738 1493 1781 a
1534 1738 1642 1784 me
1685 1724 1859 1783 esset
1896 1718 2119 1817 brevis
2163 1718 2500 1802 religionis
2535 1739 2804 1783 'summa
2847 1718 2970 1783 sub
3015 1716 3396 1784 catechismi
3437 1716 3722 1795 nomine,
3767 1716 4046 1782 verebar
4086 1718 4219 1784 nisi
4261 1718 4384 1786 hoc
4423 1723 4496 1787 in

478 1826 774 1893 medium
814 1826 1069 1910 prolato
1125 1833 1623 1908 anteverterem,
1680 1850 1766 1894 ne
1807 1828 1941 1908 illa,
1986 1829 2160 1913 quod
2199 1828 2522 1908 nolebam,
2567 1849 2834 1896 rursum
2874 1827 3326 1895 excuderetur.
3397 1829 3587 1895 Bono
3602 1828 3830 1925 igitur
3863 1829 4124 1911 publico
4166 1831 4224 1896 si
4255 1831 4496 1921 vellem

482 1937 872 2017 consultum,
917 1959 1148 2005 curare
1189 1959 1297 2005 me
1339 1941 1657 2023 oportuit,
1703 1948 1803 2006 utr
1821 1940 1948 2021 hic,
1992 1961 2189 2024 quem
2231 1962 2353 2027 ego
2394 1942 2864 2024 praeferebam,
2906 1939 3124 2008 locum
3164 1948 3528 2023 occuparet.
3599 1940 3958 2006 Praeterea
3995 1940 4081 2006 ad
4123 1943 4498 2027 exemplum
4532 2018 4544 2029 ‚

483 2048 820 2133 pertinere
862 2051 1160 2130 arbitror,
1202 2071 1277 2116 re
1319 2052 1463 2135 ipsa
1504 2058 1821 2118 testatum
1864 2052 2013 2118 fieri
2055 2053 2323 2132 mundo,
2360 2074 2482 2117 nos
2525 2054 2637 2136 qui
2681 2053 2993 2120 ecclesiae
3038 2052 3522 2119 restitutionem
3565 2049 3896 2130 molimur,
3940 2050 4181 2136 ubique
4223 2054 4295 2119 in
4329 2054 4503 2122 hanc

486 2167 751 2243 partem
804 2159 1093 2231 fideliter
1143 2161 1552 2243 incumbere,
1608 2170 1685 2229 ut
1727 2163 1963 2230 saltem
2006 2164 2386 2231 catechismi
2439 2185 2599 2231 usus
2641 2166 2755 2248 qui
2815 2164 3062 2248 aliquot
3118 2164 3398 2229 antehac
3443 2160 3720 2228 saeculis
3762 2161 3885 2228 sub
3923 2172 4175 2246 papatu
4220 2164 4503 2233 abolitus

480 2271 638 2350 fuit,
694 2292 874 2339 nunc
915 2274 1102 2357 quasi
1143 2274 1546 2356 postliminio
1588 2275 1830 2341 redeat.
1921 2276 2096 2342 Nam
2137 2296 2351 2360 neque
2395 2276 2560 2341 satis
2601 2296 2721 2360 pro
2778 2297 2902 2342 sua
2954 2276 3238 2340 utilitate
3295 2272 3738 2342 commendari
3779 2281 3995 2357 potest
4036 2282 4337 2343 sanctum
4379 2277 4501 2343 hoc

482 2384 898 2450 institutum:
945 2406 1068 2452 nec
1108 2386 1384 2469 papistis
1429 2387 1590 2452 satis
1633 2387 2021 2470 exprobrari
2065 2392 2184 2467 [fol.
2228 2393 2292 2470 5]
2338 2393 2476 2452 tam
2518 2388 2845 2472 flagitiosa
2886 2387 3276 2471 corruptela,
3320 2385 3495 2470 quod
3535 2383 3700 2451 illud
3741 2385 3812 2449 in
3855 2386 4141 2470 pueriles
4183 2386 4500 2455 vertendo

479 2495 769 2579 ineptias
785 2547 801 2575 ,
863 2517 1000 2562 non
1056 2494 1250 2561 modo
1305 2496 1719 2563 sustulerunt
1755 2519 1794 2562 e
1838 2497 2074 2579 medio,
2120 2496 2236 2563 sed
2278 2519 2354 2563 eo
2397 2519 2654 2582 quoque
2694 2497 2780 2563 ad
2822 2499 3122 2582 impurae
3168 2506 3235 2563 et
3275 2498 3519 2582 impiae
3563 2498 4043 2580 superstitionis
4084 2507 4501 2582 praetextum

482 2607 772 2690 turpiter
825 2613 984 2673 sunt
1036 2608 1242 2672 abusi.
1328 2606 1795 2676 Adulterinam
1838 2610 2019 2676 enim
2068 2609 2252 2675 illam
2309 2610 2873 2677 confirmationem
2887 2658 2903 2688 ,
2959 2631 3159 2694 quam
3201 2611 3275 2673 iri
3319 2610 3461 2674 eius
3504 2607 3720 2675 locum
3766 2610 4238 2695 subrogarunt,
4291 2613 4503 2676 instar

481 2718 847 2782 meretricis
880 2737 1123 2802 magno
1160 2698 1719 2786 caeremoniarum
1755 2720 2103 2804 splendore
2144 2720 2507 2806 multisque
2525 2716 2942 2808 'pomparum
2973 2721 3141 2787 fucis
3185 2720 3327 2787 sine
3369 2719 3562 2785 modo
3596 2729 3861 2786 ornant:
3906 2721 4067 2805 quin
4102 2721 4302 2787 etiam
4344 2722 4502 2787 dum

482 2848 724 2893 ornare
767 2828 1029 2909 volunt,
1090 2809 1512 2897 exsecrandis
1569 2828 1998 2918 blasphemiis
2043 2830 2395 2913 adornant,
2454 2832 2613 2898 dum
2654 2840 3138 2900 sacramentum
3193 2853 3338 2898 esse
3376 2832 3626 2898 iactant
3675 2832 4000 2916 baptismo
4051 2832 4314 2916 dignius
4329 2844 4362 2898 τ’
4389 2855 4501 2900 vo·
4551 2860 4562 2883 ·

482 2943 770 3022 eantque
821 2939 1378 3007 semichristianos
1391 2991 1409 3021 ,
1470 2943 1839 3027 quicunque
1899 2941 2141 3009 foetido
2196 2966 2314 3010 suo
2373 2944 2518 3010 oleo
2569 2966 2706 3011 non
2759 2945 3010 3011 fuerint
3066 2944 3318 3009 infecti:
3375 2944 3645 3009 interim
3685 2964 3843 3010 vero
3885 2951 4025 3009 tota
4066 2965 4297 3010 eorum
4338 2945 4502 3009 actio

481 3055 654 3120 nihil
696 3076 894 3139 quam
936 3054 1350 3122 histrionicas
1396 3054 1931 3141 gesticulationes
1988 3054 2284 3122 continet
2298 3107 2315 3136 ,
2361 3056 2469 3122 vel
2522 3056 2741 3139 potius
2796 3056 3074 3124 lascivos
3129 3055 3471 3121 simiarum
3520 3055 3706 3121 lusus
3719 3106 3737 3134 ,
3793 3055 4036 3138 absque
4085 3055 4225 3122 ulla
4279 3076 4502 3121 aemu-

479 3167 747 3233 lationis
791 3176 950 3233 arte.

796 3280 936 3346 Vos
980 3284 1201 3346 autem
1240 3278 1481 3345 fratres
1515 3278 1683 3343 mibi
1720 3280 1791 3344 in
1834 3277 2121 3343 Domino
2159 3279 2503 3361 carissimi,
2547 3280 2784 3365 quibus
2817 3282 3036 3363 ipsum
3079 3299 3553 3362 nuncuparem,
3597 3276 3744 3343 ideo
3787 3277 3974 3363 elegi,
4017 3277 4171 3360 quia
4211 3284 4500 3360 praeter-

482 3413 683 3476 quam
721 3390 898 3476 quod
930 3412 1038 3457 me
1081 3390 1291 3456 amari
1334 3411 1375 3455 a
1413 3390 1620 3472 vobis,
1666 3397 1735 3457 et
1774 3390 2122 3475 plerosque
2155 3388 2357 3456 etia‘m
2395 3397 2698 3459 vestrum
2739 3392 3001 3476 scriptis
3044 3392 3210 3458 meis
3257 3389 3568 3457 delectari
3600 3388 3905 3457 nonnulli
3938 3409 4022 3454 ex
4055 3395 4280 3455 vestro
4313 3393 4500 3453 coetu

481 3504 651 3570 mihi
698 3490 1170 3583 indicaverant,
1209 3501 1281 3568 id
1324 3523 1581 3587 quoque
1625 3502 2020 3568 nominatim
2063 3502 2478 3585 postularant
2514 3523 2555 3567 a
2593 3525 2701 3569 me
2742 3523 2863 3586 per
2904 3503 3150 3584 literas,
3194 3508 3273 3568 ut
3312 3503 3491 3568 hunc
3531 3501 3824 3568 laborem
3880 3521 4001 3566 sua
4042 3500 4257 3585 gratia
4299 3499 4501 3565 susci-

485 3636 728 3699 perem.
797 3611 1067 3698 Alioqui
1108 3634 1247 3679 una
1287 3614 1408 3680 illa
1455 3614 1616 3681 satis
1657 3614 1836 3679 iusta
1877 3614 2100 3680 futura
2142 3620 2287 3679 erat
2328 3615 2517 3695 ratio,
2558 3615 2734 3698 quod
2773 3614 3030 3699 pridem
3072 3636 3158 3681 ex
3201 3614 3461 3698 piorum
3504 3622 3572 3678 et
3612 3613 3917 3699 gravium
3949 3612 4249 3678 virorum
4289 3610 4503 3674 relatu

324 3792 351 3815 ¹
485 3747 567 3792 ea
611 3725 693 3792 de
731 3725 916 3793 vobis
957 3724 1274 3805 intellexi,
1319 3744 1486 3809 quae
1530 3725 1826 3790 animum
1863 3724 2053 3792 vobis
2094 3746 2321 3793 meum
2365 3726 2628 3810 penitus
2670 3725 3172 3812 obstringerent.
3259 3725 3458 3792 Nunc
3498 3744 3676 3805 vero,
3722 3722 3895 3808 quod
3937 3744 4053 3790 vos
4097 3728 4327 3805 sponte
4366 3720 4501 3786 fac-

483 3844 670 3904 turos
713 3834 988 3917 confido,
1032 3844 1187 3922 peto
1225 3844 1453 3903 tamen
1486 3856 1527 3901 a
1568 3834 1757 3903 vobis
1799 3842 1875 3901 ut
1909 3836 2033 3903 hoc
2076 3822 2586 3905 benevolentiae
2612 3858 2772 3922 erga
2811 3859 2928 3906 vos
2970 3859 3155 3904 meae
3196 3835 3649 3902 testimonium
3690 3834 3847 3902 boni
3889 3834 4106 3901 velitis
4140 3830 4497 3899 consulere.

483 3946 742 4017 Valete.
831 3948 1160 4015 Dominus
1212 3969 1332 4015 vos
1375 3947 1763 4033 sapientiae,
1817 3947 2234 4031 prudentiae,
2291 3949 2413 4015 zeli
2471 3954 2541 4015 et
2580 3949 2979 4016 fortitudinis
3023 3948 3260 4033 spiritu
3316 3947 3390 4011 in
3435 3946 3576 4013 dies
3629 3947 3839 4032 magis
3883 3968 3959 4013 ac
4001 3944 4215 4030 magis
4258 3947 4500 4028 augeat

482 4060 558 4128 in
598 4060 910 4128 ecclesiae
950 4081 1108 4126 suae
1151 4059 1684 4127 aedificationem.
1776 4058 2110 4125 Genevae.
2158 4065 2218 4124 4.
2267 4059 2598 4127 Calendas
2639 4059 3047 4127 Decembris.
3098 4061 3284 4125 1545.

486 4246 555 4254 -ξ

803 4346 873 4445 1)ὑ
901 4378 1055 4447 haec,
1091 4392 1195 4432 om.
1240 4376 1401 4445 Gau„
1435 4373 1589 4429 Beza
1621 4380 1672 4429 et
1704 4387 1847 4444 seqq.
