4967 5992
414 305 543 367 477

413 488 745 555 infelicem
780 489 1094 568 animam,
1138 487 1315 571 quod
1347 507 1439 566 os,
1484 485 1724 564 oculos,
1769 505 1981 565 aures,
2025 485 2226 569 pedes
2260 486 2381 551 ha-

415 573 605 653 bent,
652 595 850 659 quam
903 575 990 641 ad
1043 570 1503 658 corrigendam
1518 623 1533 649 ,
1591 571 1764 654 quod
1818 592 1953 636 non
1993 570 2381 655 loquuntur,

413 681 632 744 neque
707 659 969 740 vident,
1053 679 1266 743 neque
1347 657 1660 735 audiunt,
1739 676 1954 740 neque
2020 654 2379 722 ambulant.

413 745 592 813 Item
605 797 624 828 ,
682 746 807 812 hoc
845 747 993 813 fieri
1008 797 1025 826 ,
1089 751 1159 811 et
1201 742 1679 827 quodammodo
1735 742 2110 824 extorqueri
2166 742 2383 826 figura

413 831 533 897 illa
572 830 1036 911 membrorum,
1082 837 1160 896 ut
1201 831 1463 895 animus
1498 829 1570 894 in
1613 848 1883 911 corpore
1926 828 2162 895 vivens
2205 827 2381 892 arbi·

412 924 634 984 tretur
687 919 935 984 sentire
980 937 1248 1000 eorpus,
1315 914 1491 999 quod
1535 934 1655 981 suo
1712 912 2120 980 simillimum
2181 911 2378 979 videt.

412 1003 500 1071 In
543 1003 837 1087 reliquiis
865 1004 916 1089 ¹)
971 1023 1131 1069 vero
1178 998 1562 1068 incredibile
1605 997 1787 1066 dictu
1830 1005 1961 1078 est,
2015 1018 2215 1097 quam
2255 999 2382 1063 im·

408 1089 735 1173 pudenter
771 1089 1044 1155 illusum
1063 1086 1310 1154 mundo
1352 1087 1569 1152 fuerit.
1637 1085 1924 1151 Possum
1966 1090 2098 1149 tna
2132 1082 2382 1149 Christi

410 1176 764 1259 praeputia
805 1176 1147 1241 nominare
1162 1225 1181 1254 ,
1237 1171 1542 1239 similiter
1584 1171 1805 1239 clavos
1861 1168 2378 1253 quatuordecim,

411 1261 528 1344 qui
566 1281 687 1344 1110
731 1260 865 1327 11118
906 1260 1122 1327 tribus
1166 1264 1600 1337 ostentantur,
1646 1256 1884 1340 quibus
1920 1256 2160 1321 affixus
2203 1254 2380 1321 cruci

411 1347 570 1425 fuit;
628 1353 763 1412 tres
808 1346 1098 1426 tunicas,
1153 1365 1275 1428 pro
1319 1343 1436 1409 illa
1477 1342 1860 1411 inconsutili
1924 1361 2124 1424 super
2180 1360 2380 1424 quam

410 1431 660 1498 milites
700 1432 999 1498 iecerunt
1053 1439 1327 1510 sortem3
1384 1429 1547 1495 duos
1600 1426 1828 1494 titulos
1882 1426 2060 1494 cruci
2112 1426 2379 1509 imposi-

413 1523 556 1595 tos3
599 1523 735 1583 tres
777 1537 1127 1583 mucrones
1167 1516 1455 1595 lanceae,
1499 1516 1634 1598 qua'.
1664 1520 1897 1597 pectus
1932 1511 2185 1578 Christi
2229 1533 2380 1577 8811-

413 1602 661 1668 0181818
719 1603 848 1669 fuit
860 1627 877 1683 ;
934 1602 1142 1668 lintea
1182 1600 1443 1669 circiter
1485 1601 1806 1685 quinque,
1863 1597 2101 1682 quibus
2144 1618 2381 1681 corpus

413 1687 557 1753 8188
598 1688 673 1753 18
716 1688 1015 1773 8811111010
1057 1689 1182 1753 fuit
1237 1686 1641 1752 obvolutum.
1730 1686 2146 1751 Monstratur
2186 1703 2380 1767 prae-

413 1779 598 1839 terea
654 1778 806 1854 [pag.
844 1779 954 1855 38]
1005 1781 1147 1839 1018
1208 1793 1432 1839 sacrae
1476 1791 1721 1838 coenae
1765 1769 2097 1854 supellex:
2162 1777 2231 1835 et
2272 1769 2377 1834 in·

412 1859 645 1925 finitae
713 1861 853 1926 eius
915 1860 1180 1943 generis
1244 1858 1568 1940 ineptiae.
1641 1855 1884 1921 Nullus
1951 1863 2052 1921 est
2113 1861 2379 1921 sanctus

415 1943 829 2028 aliquantum
884 1943 1198 2027 celebris,
1261 1945 1369 2010 0111
1424 1963 1563 2009 808
1630 1940 2017 2007 affinxerint
2080 1941 2211 2005 duo
2264 1948 2381 2005 aut

415 2031 546 2096 tria
587 2051 877 2114 corpora.
967 2031 1250 2097 Possum
1293 2030 1512 2095 locum
1558 2027 1930 2105 nominare,
1977 2026 2090 2091 ubi
2132 2046 2379 2109 pumex

413 2136 535 2199 pro
585 2117 855 2183 cerebro
910 2116 1097 2182 Petri
1152 2136 1397 2199 magno
1462 2116 1533 2179 in
1595 2113 1843 2178 honore
1908 2111 2034 2177 fuit
2097 2110 2375 2177 habitus.

411 2202 506 2268 Et
537 2202 793 2286 pudore
828 2201 1165 2300 impedior,
1201 2200 1558 2283 quominus
1593 2197 1722 2263 alia
1754 2195 2045 2263 foediora
2078 2197 2376 2262 referam.

414 2284 865 2367 Quamobrem
917 2287 1248 2351 immerito
1303 2304 1716 2361 accusamur,
1774 2282 1946 2365 quod
1991 2282 2232 2348 talibus
2275 2283 2379 2346 in-

411 2373 860 2457 quinamentis
894 2391 1178 2455 purgare
1221 2369 1676 2436 studuerimus
1717 2368 1850 2434 Dei
1893 2367 2253 2435 ecelesiam.

586 2458 735 2523 Hoc
777 2456 1014 2522 deinde
1047 2455 1317 2521 nomine
1352 2457 1526 2523 circa
1558 2453 1690 2520 Dei
1726 2454 1978 2520 cultum
2013 2453 2378 2521 adversarii

409 2564 537 2612 nos
601 2547 941 2621 accusant,
1006 2540 1181 2625 quod
1247 2542 1505 2608 omissis
1569 2540 1907 2620 inanibus,
1975 2561 2098 2605 nec
2153 2539 2377 2605 minus

411 2628 688 2711 ineptis,
748 2635 819 2694 et
860 2635 1122 2693 tantum
1173 2627 1257 2692 ad
1314 2628 1361 2693 h
1456 2626 1696 2693 ocrisin
1749 2626 2158 2709 compositis,
2217 2625 2375 2695 81111-

406 2713 645 2797 11110188
684 2714 906 2779 Deum
948 2712 1239 2778 colimus.
1312 2647 1488 2778 Νζιξιι
1529 2712 1601 2777 18
1644 2710 1978 2794 spirituali
2015 2710 2147 2776 Dei
2193 2709 2377 2777 cultu

407 2799 576 2865 nihil
621 2800 823 2865 fuisse
879 2820 914 2865 a
961 2798 1149 2863 nobis
1193 2797 1622 2875 diminutum,
1681 2819 1789 2862 res
1832 2796 1978 2880 ipsa
2020 2795 2208 2861 testis
2253 2802 2373 2862 est.

410 2884 592 2966 Quin
652 2886 897 2967 potius,
966 2904 1171 2966 quum
1239 2903 1483 2968 magna
1544 2904 1627 2948 ex
1684 2888 1873 2965 parte
1929 2881 2371 2960 obsolevisset,

407 2972 593 3055 quasi
635 2970 1039 3053 postliminio
1082 2990 1234 3035 eum
1275 2969 1701 3036 restituimus.
1771 2968 1838 3033 N
1839 2989 1970 3033 unc
2012 2967 2373 3048 videamuS,

409 3078 496 3124 an
573 3057 720 3121 iure
796 3055 983 3122 nobis
1050 3062 1495 3122 succenseant.
1589 3052 1786 3135 Quod
1850 3053 1934 3120 ad
2001 3051 2374 3120 doctrinam

408 3148 690 3225 spectat,
763 3141 908 3207 dico
965 3141 1072 3206 hic
1126 3161 1246 3207 808
1313 3159 1732 3205 communem
1795 3138 2041 3204 habere
2105 3158 2374 3205 causam

408 3250 559 3295 cum
603 3227 962 3312 prophetis.
1051 3225 1228 3291 Nam
1273 3223 1634 3293 secundum
1675 3224 2145 3304 idololatriam,
2202 3225 2374 3290 nihil

407 3321 511 3382 est
564 3313 738 3397 quod
798 3312 1095 3379 acerbius
1149 3312 1221 3377 in
1273 3311 1515 3395 populo
1568 3332 1687 3376 suo
1744 3311 2114 3394 exagitent,
2171 3331 2371 3393 quam

406 3401 581 3486 quod
634 3398 765 3464 Dei
819 3398 1072 3465 cultum
1128 3399 1200 3462 in
1254 3404 1530 3463 externo
1585 3402 1937 3479 apparatu,
2007 3395 2174 3461 falsa
2228 3396 2371 3480 opi-

405 3489 605 3553 nione
620 3537 634 3563 ,
691 3484 1068 3551 collocabat.
1157 3480 1339 3563 Quid
1391 3489 1613 3548 autem
1656 3482 1730 3545 in
1773 3502 2031 3547 summa
2073 3502 2372 3564 pronun·

404 3571 630 3640 ciant?
719 3570 943 3638 Deum
985 3591 1120 3635 non
1163 3569 1428 3645 morari,
1475 3586 1598 3632 nec
1640 3568 1827 3650 pensi
1866 3568 2109 3634 habere
2153 3588 2371 3635 caere-

403 3658 662 3724 monias
679 3707 698 3736 ,
754 3657 811 3720 si
853 3656 924 3720 in
986 3677 1057 3721 se
1094 3662 1355 3720 tantum
1399 3654 1857 3718 aestimentur:
1903 3653 2102 3718 fidem
2146 3661 2214 3719 et
2254 3674 2370 3720 ve-

404 3746 675 3810 ritatem
729 3741 945 3807 cordis
998 3741 1356 3822 respicere:
1414 3740 1858 3805 caeremonias
1913 3761 2127 3823 neque
2182 3760 2370 3805 man-

405 3830 602 3897 dasse
646 3825 773 3891 8110
813 3828 974 3905 fine,
1025 3847 1240 3909 neque
1284 3824 1676 3909 approbare,
1723 3826 1853 3890 nisi
1897 3832 1975 3890 ut
2016 3825 2171 3891 fidei
2215 3826 2367 3905 sint,

404 3936 486 3983 ac
526 3912 961 3980 invocationis
1002 3933 1237 3994 purae,
1289 3911 1692 3994 laudumque
1736 3912 2068 3977 exercitia.
2156 3911 2371 3978 Plena

404 4009 567 4068 sunt
655 3998 761 4063 his
856 3998 1435 4063 contestationibus
1522 3997 1995 4081 prophetarum
2072 3997 2367 4063 0111818111

403 4087 669 4169 80111118.
758 4082 824 4148 N
826 4104 900 4149 ec
942 4081 1081 4147 ulla
1121 4104 1229 4149 res
1275 4083 1406 4149 alia
1449 4082 1604 4160 fuit,
1660 4084 1851 4148 sicuti
1899 4082 2067 4163 dixi,
2122 4085 2193 4148 in
2238 4105 2367 4166 qua

404 4174 620 4257 magis
691 4168 1153 4235 laboraverint.
1263 4168 1411 4236 Hac
1486 4189 1683 4251 porro
1758 4170 2072 4236 caecitate
2152 4170 2366 4253 magis

405 4280 606 4342 quam
671 4275 963 4338 unquam
1025 4263 1293 4339 captum
1346 4255 1550 4321 fuisse
1628 4260 1779 4336 [pag.
1839 4260 1948 4334 39]
2024 4254 2363 4334 mundum,

402 4365 608 4429 quum
651 4342 866 4407 nostri
909 4340 1208 4407 homines
1241 4339 1646 4423 prodierunt,
1692 4341 1941 4426 negari,
1987 4343 2117 4408 nisi
2149 4342 2366 4424 1111118-

404 4429 671 4508 denter,
742 4447 882 4491 non
936 4434 1168 4509 potest.
1255 4427 1477 4491 Erant
1530 4428 1734 4511 igitur
1763 4428 2160 4493 ’8808888110
2210 4446 2364 4510 pro-

401 4516 683 4600 pheticis
737 4512 870 4577 illis
921 4510 1489 4597 obiurgationibus
1551 4512 1834 4596 urgendi
1900 4512 2230 4592 homines,
2298 4520 2366 4577 et

403 4602 488 4667 ab
527 4602 643 4667 illa
685 4599 945 4666 insania
987 4599 1176 4681 quasi
1217 4598 1540 4665 violenter
1582 4598 2038 4678 abstrahendi,
2093 4622 2178 4666 ne
2223 4619 2365 4663 am-

401 4687 582 4771 plius
614 4686 814 4752 nudis
856 4684 1300 4764 eaeremoniis,
1346 4690 1665 4763 tanquam
1698 4684 1967 4749 ludicris
2003 4682 2364 4768 puerilibus

400 4773 551 4839 Deo
625 4771 933 4839 satisfieri
1015 4768 1378 4836 crederent.
1466 4768 1786 4853 Urgenda
1850 4770 2157 4836 similiter
2221 4777 2365 4835 erat

397 4856 524 4924 illa
566 4856 648 4924 de
689 4855 1016 4942 spirituali
1059 4857 1188 4922 Dei
1236 4855 1421 4923 cultu
1466 4854 1768 4922 doctrina
1809 4876 1978 4938 quae
2020 4877 2106 4923 ex
2150 4856 2362 4921 homi-

396 4965 566 5010 num
613 4942 931 5010 memoria
982 4949 1362 5009 evanuerat.
1454 4939 1760 5023 Quorum
1801 4948 2159 5025 utrumque
2202 4940 2363 5007 fide·

745 5068 813 5076 m

531 5142 601 5223 ·1)
639 5142 700 5197 In
735 5144 1001 5224 reliquiis:
1039 5146 1122 5201 sic
1153 5163 1186 5201 r
1316 5148 1470 5230 ‘imus
1504 5163 1624 5202 cum
1648 5147 1827 5218 Galle,
1860 5147 2151 5218 flagitante
2183 5161 2363 5202 88111111.

577 5228 600 5266 ο
634 5212 766 5269 libr:
798 5229 1011 5269 omnes.-
1042 5214 1106 5268 In
1138 5163 1373 5286 rems.

1769 294 2496 364 REFORMANDAE
2537 293 3088 365 EOOLESIAE.

4320 301 4449 366 4⁷8

2484 485 2641 552 liter
2684 506 2724 550 a
2766 484 2954 551 nobis
3006 485 3255 551 factum
3309 506 3453 552 esse
3508 486 3858 565 hactenus,
3914 492 3984 551 et
4035 484 4250 552 adhuc
4301 486 4450 553 fieri

2486 579 2632 637 tum
2682 570 2840 635 libri
2893 571 3103 636 nostri
3116 620 3132 648 ,
3200 577 3343 637 tum
3398 571 3742 638 conciones
3795 570 4202 637 luculentum
4261 574 4445 640 testi·

2488 657 2789 723 monium
2831 655 3135 722 reddunt.

2659 740 2858 823 Quod
2914 748 3137 808 autem
3189 742 3439 808 invecti
3493 763 3725 808 sumus
3777 743 3850 807 in
3894 741 4072 825 ipsas
4115 765 4448 813 caeremo-

2485 829 2650 907 nias,
2698 834 2766 892 et
2799 827 3039 892 alicubi
3071 848 3327 912 quoque
3358 848 3674 911 magnam
3705 849 3934 894 earum
3966 836 4228 910 partem
4258 830 4448 899 abro-

2485 913 2826 996 gavimus,
2885 914 2957 977 in
3013 913 3139 980 1180
3190 935 3264 979 18
3306 914 3593 979 fatemur
3641 913 3936 998 quidem,
3990 913 4170 980 inter
4211 936 4336 984 1108
4379 925 4451 984 et

2483 998 2840 1080 prophetas
2897 998 3203 1064 nonnihil
3256 999 3593 1066 interesse.
3680 1000 3860 1065 Nam
3914 998 4014 1064 illi
4065 1000 4331 1084 quidem
4374 1004 4447 1069 in

2486 1104 2688 1148 suum
2739 1082 3058 1166 populum
3111 1084 3623 1166 invehebantur,
3680 1082 3854 1170 quod
3892 1085 4027 1151 Dei
4078 1086 4335 1153 cultum
4373 1089 4448 1156 in

2485 1168 2780 1234 externis
2835 1170 3262 1235 caeremoniis
3314 1170 3684 1237 includeret
3699 1223 3715 1251 ,
3786 1170 3904 1237 sed
3956 1171 4039 1238 ab
4099 1172 4241 1256 ipso
4295 1175 4447 1240 Deo

2485 1254 2838 1319 institutis:
2899 1275 3021 1320 808
3073 1253 3458 1322 11818881188
3512 1258 3807 1324 confictis
3850 1256 4120 1340 ineptiis
4163 1257 4447 1327 eundem

2483 1337 2718 1404 haberi
2769 1339 3087 1405 honorem
3102 1389 3118 1419 ,
3182 1343 3662 1424 conquerimur.
3749 1342 3861 1408 nli
3923 1341 4258 1411 damnatis
4329 1367 4444 1413 su-

2479 1426 2982 1508 perstitionibus
3026 1428 3592 1493 caeremoniarum
3648 1427 4145 1494 multitudinem
4159 1480 4177 1509 ,
4240 1451 4443 1514 quam
4482 1438 4491 1445 '

2483 1511 2669 1576 Deus
2725 1511 3136 1591 iniunxerat,
3207 1519 3276 1577 et
3327 1533 3495 1596 quae
3550 1515 3730 1579 utilis
3786 1523 4070 1599 aptaque
4123 1522 4267 1581 erat
4321 1537 4445 1601 pro

2483 1604 2699 1661 aetate
2741 1597 3177 1681 paedagogia,
3232 1598 3547 1664 intactam
3586 1598 4072 1684 relinquebant:
4114 1622 4234 1668 nos
4272 1602 4447 1669 mul-

2482 1689 2586 1747 tos
2640 1682 2809 1747 ritus
2864 1681 3284 1767 corrigendos
3334 1685 3741 1765 curavimus,
3798 1684 3974 1770 quod
4030 1686 4141 1751 vel
4195 1693 4446 1755 temere

2484 1767 2947 1850 obrepsissent,
2985 1767 3095 1834 vel
3116 1770 3188 1833 in
3221 1769 3500 1835 abusum
3522 1771 3830 1837 conversi
3860 1770 4170 1838 fuissent:
4206 1772 4447 1841 deinde

2483 1853 2660 1937 quod
2713 1854 2993 1936 tempori
3038 1853 3313 1921 minime
3352 1856 3806 1922 convenirent.
3897 1856 4044 1922 Nisi
4089 1857 4268 1924 enim
4303 1880 4445 1925 om-

2483 1939 2596 2003 nia
2639 1938 2919 2005 velimus
2977 1937 3403 2021 confundere,
3460 1942 3815 2008 tenendum
3862 1948 3967 2008 est
4008 1964 4270 2028 semper
4314 1943 4447 2011 dis—

2483 2024 2740 2091 crimen
2782 2023 2948 2090 illud
2991 2024 3239 2093 veteris
3292 2034 3362 2090 et
3402 2028 3559 2093 novi
3614 2030 4021 2094 testamenti:
4082 2029 4254 2113 quod
4300 2050 4446 2096 eae-

2482 2110 2819 2175 remoniae
2832 2161 2848 2189 ,
2906 2131 3185 2193 quarum
3243 2110 3425 2176 utilis
3476 2111 3601 2178 sub
3659 2113 3808 2198 lege
3863 2120 4009 2179 erat
4052 2115 4445 2196 observatio,

2484 2216 2617 2261 non
2660 2197 3032 2279 superfluae
3074 2195 3267 2261 modo
3310 2218 3492 2262 nunc
3533 2198 3695 2277 sint,
3757 2198 3876 2264 sed
3917 2197 4244 2266 absurdae
4285 2222 4448 2285 quo-

2483 2301 2614 2365 que
2655 2288 2722 2345 et
2743 2282 3039 2347 vitiosae.
3111 2286 3260 2361 [pag.
3300 2286 3409 2360 40]
3450 2283 3625 2349 Nam
3666 2303 3872 2367 quum
3898 2284 4240 2350 absentem
4283 2294 4443 2352 tune

2484 2366 2828 2433 Christum
2873 2375 2941 2432 et
2993 2365 3291 2432 nondum
3332 2368 3703 2435 exhibitum
3756 2369 4212 2436 adumbrando
4255 2391 4443 2456 spem

2482 2452 2809 2519 adventus
2854 2453 2994 2519 eius
3047 2452 3119 2517 in
3164 2452 3404 2519 88111118
3444 2452 3743 2521 fidelium
3778 2455 4061 2535 alerent,
4118 2475 4298 2522 nune
4337 2458 4445 2521 ni-

2482 2538 2579 2603 hil
2634 2559 2831 2622 quam
2887 2545 3308 2622 praesentem
3364 2548 3431 2605 et
3486 2541 3907 2625 conspicuam
3964 2542 4107 2607 eius
4160 2540 4443 2626 gloriam

2481 2624 2850 2690 obscurant.
2938 2622 3260 2690 Videmus
3303 2624 3459 2706 quid
3501 2627 3686 2693 Deus
3728 2627 3971 2692 fecerit.
4058 2627 4126 2692 N
4127 2648 4237 2693 am
4275 2648 4443 2712 quas

2481 2710 2622 2792 ipse
2659 2710 3100 2775 caeremonias
3134 2718 3563 2793 praeceperat
3594 2711 3678 2776 ad
3712 2719 3993 2795 tempus,
4036 2734 4149 2778 eas
4182 2714 4257 2778 in
4290 2734 4440 2796 per-

2479 2804 2761 2877 petuum
2797 2795 3155 2881 abrogavit.
3217 2795 3571 2862 Rationem
3606 2796 3915 2864 audimus
3952 2819 4036 2863 ex
4070 2820 4183 2864 ore
4214 2798 4437 2866 Pauli:

2479 2880 2771 2963 primum
2823 2885 2995 2965 quod
3049 2888 3398 2964 postquam
3455 2883 3833 2949 exhibitum
3871 2884 3944 2949 in
3983 2882 4254 2950 Ohristo
4298 2904 4440 2951 cor-

2478 2988 2606 3050 pus
2650 2974 2781 3046 est,
2839 2968 3163 3034 facessere
3205 2968 3481 3033 umbrae
3518 2965 3889 3049 debuerint;
3946 2969 4211 3051 deinde,
4266 2969 4441 3054 quod

2480 3053 2609 3118 8110
2664 3052 2861 3118 modo
2915 3074 3094 3119 nunc
3142 3052 3488 3121 ecclesiam
3542 3053 3776 3121 docere
3818 3055 3985 3121 velit
4022 3056 4211 3123 Deus
4256 3056 4438 3140 (Gal.

2478 3145 2540 3216 4,
2580 3142 2617 3202 3
2656 3161 2740 3204 ss.
2755 3162 2773 3218 ;
2820 3137 2959 3204 Ool.
2999 3143 3058 3218 2,
3096 3143 3154 3203 4.
3203 3143 3300 3202 14.
3345 3139 3472 3224 17).
3564 3137 3786 3220 Quum
3849 3141 4191 3208 ecclesiam
4247 3163 4437 3207 suam

2479 3223 2665 3289 Deus
2708 3245 2788 3288 ea
2827 3245 3025 3306 quam
3066 3226 3207 3307 ipse
3241 3225 3649 3308 imposuerat
3689 3227 4005 3294 servitute
4038 3226 4437 3305 liberaverit,

2477 3330 2674 3393 quae,
2720 3309 3018 3390 obsecre,
3076 3309 3329 3376 isthaec
3385 3317 3488 3375 est
3527 3312 3820 3393 pravitas
3836 3364 3851 3390 ,
3907 3332 4149 3378 novam
4193 3311 4277 3377 811·
4319 3311 4439 3378 110-

2477 3395 2770 3460 minibus
2814 3396 3107 3476 excitari,
3154 3395 3397 3461 veteris
3440 3395 3618 3462 illius
3664 3396 3849 3463 loeo?
3923 3395 4147 3478 Quum
4187 3405 4439 3464 certam
4540 3433 4544 3437 ⁴

2479 3481 2927 3547 oeconomiam
2959 3480 3148 3547 Deus
3192 3482 3714 3565 praescripserit:
3760 3503 3926 3565 quae
3970 3483 4277 3567 superbia
4318 3491 4437 3564 est,

2478 3567 2879 3632 contrariam
2894 3618 2911 3647 ,
2972 3575 3041 3631 et
3083 3567 3304 3649 palam
3357 3568 3438 3633 ab
3489 3568 3634 3650 ipso
3688 3567 4097 3651 repudiatam
4139 3569 4435 3654 erigere?

2478 3650 2616 3718 Sed
2656 3651 2827 3717 illud
2866 3652 3249 3736 pessimum,
3292 3651 3466 3735 quod
3510 3674 3715 3738 quum
3756 3662 3898 3719 tam
3941 3656 4187 3721 severis
4228 3657 4436 3720 inter-

2475 3737 2666 3806 dictis
2730 3759 2959 3804 omnes
3030 3739 3512 3805 commentitios
3576 3739 3921 3805 hominum
3982 3741 4199 3807 cultus
4248 3739 4438 3806 Deus

2474 3826 2667 3890 toties
2711 3823 3123 3908 prohibuerit
3140 3876 3154 3903 ‚
3204 3845 3333 3890 non
3376 3824 3507 3890 nisi
3540 3825 3851 3892 humanis
3885 3827 4222 3911 figmentis
4265 3826 4435 3892 cole·

2471 3909 2683 3976 batur.
2776 3909 2954 3991 Quid
2992 3918 3093 3977 est
3133 3911 3358 3994 igitur,
3401 3910 3575 3995 quod
3617 3912 4006 3996 religionem
4050 3935 4090 3978 a
4133 3911 4320 3978 nobis
4362 3913 4437 3976 in

2473 3995 2600 4062 hac
2662 4004 2852 4079 parte
2928 3995 3311 4080 dissipatam
3376 3997 3820 4064 vociferantur
3883 3998 4108 4064 hostes
4174 3997 4429 4063 nostri?

2470 4082 2797 4162 Primum,
2834 4081 3022 4161 nihil,
3066 4082 3344 4147 minimo
3381 4081 3622 4167 digito,
3661 4083 4038 4168 attigimus,
4084 4084 4212 4148 nisi
4259 4083 4432 4167 quod

2470 4185 2590 4251 1110
2631 4166 2840 4233 8111110
2884 4167 3191 4234 Christus
3236 4168 3449 4248 ducit,
3510 4190 3713 4253 quum
3757 4170 4003 4234 frustra
4045 4170 4171 4235 coli
4212 4170 4435 4234 Deum

2471 4254 2786 4320 humanis
2872 4253 3336 4320 traditionibus
3420 4255 3833 4338 pronunciat.
3920 4255 4181 4320 Verum
4264 4253 4434 4319 illud

2471 4340 2695 4406 forsan
2747 4346 3081 4423 uteunque
3139 4341 3371 4407 fuisset
3425 4339 3788 4405 tolerabile:
3846 4340 4174 4417 1101111888,
4229 4341 4432 4405 inuti-

2470 4425 2625 4492 liter
2678 4424 2902 4492 Deum
2968 4425 3237 4492 colendo
3254 4476 3269 4503 ,
3341 4423 3615 4508 perdere
3685 4445 3981 4508 operam:
4048 4425 4165 4491 sed
4229 4447 4433 4509 quum

2472 4511 2629 4576 alibi
2661 4511 2890 4578 multis
2929 4512 3110 4590 locis,
3156 4511 3353 4577 sicuti
3388 4511 3546 4589 dixi,
3590 4531 3796 4576 novos
3831 4509 3953 4577 sibi
3989 4511 4206 4579 cultus
4239 4531 4433 4597 prae-

2471 4603 2576 4661 ter
2618 4598 2896 4663 verbum
2952 4619 3149 4664 suum
3205 4597 3465 4662 institui
3522 4604 3727 4675 vetet,
3784 4617 3987 4680 seque
4039 4596 4165 4664 hac
4224 4598 4431 4664 auda-

2471 4683 2572 4747 cia
2613 4682 2909 4765 graviter
2952 4681 3197 4748 offendi
3241 4683 3528 4747 affirmet
3542 4732 3558 4760 ,
3605 4690 3674 4748 et
3709 4703 3993 4765 poenam
4035 4702 4171 4754 non
4214 4683 4431 4749 levem

2469 4769 2793 4847 minetur,
2849 4769 3319 4835 correctionem
3337 4818 3353 4846 ,
3420 4786 3622 4851 088111
3680 4766 4126 4849 adhibuimus,
4189 4788 4435 4853 magna

2468 4854 2859 4919 necessitate
2901 4855 3104 4920 fuisse
3147 4874 3529 4936 expressam
3571 4860 3842 4920 constat.
4262 4918 4283 4929 ,

2644 4944 2791 5018 [pag.
2832 4946 2942 5020 41]
2984 4940 3217 5022 Neque
3257 4960 3417 5005 vero
3457 4960 3565 5004 me
3606 4940 3796 5024 fugit,
3841 4960 4041 5023 quam
4076 4938 4429 5006 difficulter

2466 5024 2591 5090 hoc
2614 5025 2864 5091 mundo
2889 5023 3392 5109 persuadeatur:
3441 5024 3713 5091 reiicere
3733 5024 3955 5091 Deum
3989 5034 4192 5108 atque
4226 5025 4427 5091 etiam

2466 5109 2850 5187 abominari,
2896 5111 3213 5196 quidquid
3256 5110 3342 5177 ad
3376 5111 3518 5178 eius
3561 5110 3812 5178 cultum
3847 5110 4139 5178 humana
4171 5113 4427 5176 ratione

2470 5198 2904 5281 excogitatur.
2993 5197 3200 5264 Cuius
3256 5199 3498 5264 erroris
3554 5198 3926 5281 complures
3967 5204 4126 5262 sunt
4169 5216 4423 5262 causae.
