4967 5992
401 348 523 410 393

397 530 782 599 recedamus
797 582 812 610 ,
887 552 957 598 se
1012 531 1269 599 efficere
1322 532 1393 599 in
1452 533 1643 600 nobis
1694 533 1837 616 ipse
1890 538 2191 599 testatur.
2282 531 2358 598 Si

398 617 635 683 modus
691 622 840 697 [pag.
880 620 1032 696 223]
1091 619 1458 700 quaeritur,
1518 617 1873 702 respondet
1912 620 2155 684 iterum
2172 669 2189 696 ,
2245 637 2360 684 cor

400 723 649 770 novum
706 702 936 769 dando.
1027 701 1106 768 Si
1160 702 1226 768 id
1282 702 1500 769 adhuc
1554 706 1752 770 nimis
1819 704 2170 771 obscurum
2236 712 2356 783 est,

403 789 583 856 addit
624 788 1162 871 explicationem:
1209 789 1385 873 quod
1427 791 1713 856 nominis
1758 791 1862 855 sui
1903 791 2209 854 timorem
2255 789 2358 853 in-

401 883 577 942 serat
643 875 715 940 in
779 871 977 939 corda
1043 883 1288 941 nostra.
1379 873 1558 955 Quid
1640 874 1724 941 ad
1800 875 1960 942 haec
2023 873 2353 958 Pighius?

400 959 606 1026 Nobis
659 958 729 1025 id
784 960 1063 1027 conferri
1101 958 1232 1025 Dei
1286 961 1501 1045 gratia
1514 1013 1532 1040 ,
1588 970 1665 1027 ut
1703 962 2029 1044 possimus
2072 981 2207 1025 non
2251 981 2356 1024 re-

402 1046 648 1123 cedere,
694 1045 754 1110 si
790 1045 1020 1111 libeat:
1066 1045 1236 1111 nihil
1278 1055 1621 1129 praeterea
1663 1045 1859 1111 aliud.
1949 1045 2354 1128 Quanquam

400 1151 615 1214 neque
668 1130 739 1196 id
793 1132 937 1197 sine
995 1132 1377 1214 exceptione
1430 1132 1750 1198 concedit:
1806 1132 2030 1197 Deum
2087 1131 2262 1196 enim
2317 1151 2358 1194 a

399 1217 590 1283 nobis
633 1217 1035 1301 praeveniri,
1081 1237 1294 1299 neque
1338 1218 1484 1282 dari
1523 1219 1662 1284 eius
1703 1217 1987 1301 gratiam
2001 1268 2015 1295 ,
2072 1216 2203 1281 nisi
2242 1235 2357 1297 pe-

400 1301 710 1368 tentibus.
799 1302 987 1367 Haec
1042 1313 1199 1368 sunt
1240 1303 1663 1389 Pythagorae
1721 1323 2065 1387 responsa,
2120 1302 2357 1385 quibus

400 1389 544 1453 sine
603 1389 1052 1455 controversia
1103 1388 1303 1454 fidem
1358 1389 1508 1454 vult
1548 1387 1794 1454 haberi.
1885 1387 2113 1469 Quum
2168 1408 2359 1453 sanc-

399 1482 618 1539 torum
640 1474 965 1539 orationes
987 1473 1257 1553 adduco,
1280 1472 1516 1557 quibus
1541 1497 1581 1539 a
1601 1474 1885 1540 Domino
1901 1480 2136 1556 petunt
2149 1478 2229 1537 ut
2244 1491 2360 1536 cor

400 1580 598 1625 suum
651 1559 951 1636 inclinet,
1017 1569 1093 1624 ut
1145 1581 1258 1626 cor
1318 1580 1568 1626 novum
1622 1569 1691 1625 et
1744 1560 2050 1643 spiritum
2103 1567 2357 1623 rectum

402 1644 527 1709 sibi
557 1644 719 1728 ipsis
750 1645 1039 1724 innovet,
1087 1645 1350 1728 excipit,
1393 1646 1681 1712 inveniri
1715 1666 1800 1710 ex
1835 1643 2111 1710 adverso
2147 1642 2358 1707 multa

396 1737 775 1814 praecepta,
829 1731 902 1795 in
987 1729 1177 1797 uibus
1220 1753 1261 1796 a
1315 1730 1502 1796 nobis
1546 1730 1791 1797 similia
1830 1731 2109 1814 requirit
2150 1729 2352 1794 Deus.

397 1817 609 1899 Atqui
649 1816 885 1881 tritum
930 1815 944 1829 ‘
1002 1815 1093 1881 ud
1136 1836 1279 1883 esse
1322 1815 1516 1882 debet
1529 1867 1544 1894 ,
1599 1816 1903 1899 precibus
1944 1817 2083 1881 suis
2125 1813 2357 1879 testari

399 1910 693 1980 sanctos,
758 1898 917 1985 quid
968 1900 1101 1967 Dei
1153 1902 1266 1968 sit:
1324 1900 1547 1968 Deum
1612 1910 1835 1967 autem
1897 1898 2356 1984 praecipiendo

397 1986 675 2052 minime
708 1986 1069 2062 ostendere,
1109 1986 1266 2071 quid
1301 1988 1512 2053 sancti
1532 1987 1617 2052 ad
1651 1986 2063 2070 implendum
2092 1986 2358 2063 virium,

398 2080 521 2137 aut
562 2073 895 2140 facultatis
938 2072 1243 2139 habeant.
1322 2070 1533 2138 Addit
1573 2072 1861 2139 inveniri
1905 2073 2124 2149 etiam,
2170 2069 2358 2134 incli—

395 2177 596 2223 nasse
637 2167 897 2225 sanctos
927 2179 1039 2224 cor
1074 2179 1268 2223 suum
1305 2159 1468 2238 Deo,
1514 2157 1674 2222 dum
1707 2158 1992 2240 gratiam
2022 2154 2360 2238 assequuti

397 2252 577 2309 sunt.
668 2243 880 2325 Quasi
922 2242 1048 2309 hoc
1091 2243 1352 2308 solvere
1394 2245 1482 2309 sit
1524 2243 1971 2320 obiectionem‚
2018 2241 2166 2306 aliis
2208 2259 2359 2305 ver-

397 2328 523 2404 bis,
569 2330 643 2393 in
686 2328 972 2393 eundem
1006 2336 1230 2393 tamen
1262 2349 1548 2408 sensum,
1591 2328 1944 2394 succinere.
2011 2327 2360 2392 Postremo

391 2413 612 2491 addit,
656 2433 885 2496 preces
928 2413 1251 2479 eiusmodi
1291 2414 1386 2496 pii
1429 2412 1734 2479 desiderii
1779 2433 1922 2478 esse
1966 2411 2180 2497 signa,
2271 2430 2356 2475 uo

388 2498 482 2562 ad
529 2498 810 2582 gratiam
851 2498 1208 2581 adspirent.
1296 2499 1379 2564 Id
1422 2508 1641 2564 autem
1676 2518 1762 2563 ex
1805 2498 2126 2563 diametro
2167 2517 2254 2562 no
2297 2496 2357 2561 is

388 2603 546 2649 esse
603 2585 1034 2663 contrarium,
1088 2585 1203 2666 qui
1245 2584 1580 2650 hominem
1635 2605 1719 2649 ne
1875 2605 1957 2649 us
2011 2605 2053 2649 a
2101 2603 2172 2648 se
2212 2583 2355 2665 ipso

386 2670 798 2753 praeparari.
890 2668 1096 2750 Quasi
1143 2690 1301 2735 vero
1343 2671 1566 2735 minus
1609 2668 1693 2735 ad
1807 2689 1959 2734 eum
2004 2669 2353 2751 pertineat,

388 2754 803 2832 continuare,
845 2775 1044 2839 quam
1077 2755 1383 2839 incipere.
1457 2753 1768 2821 Clamant
1800 2754 2022 2821 David
2066 2763 2132 2818 et
2166 2750 2355 2818 Solo-

389 2858 584 2905 mon:
639 2838 901 2906 Inclina
949 2860 1063 2906 cor
1115 2850 1422 2906 nostrum
1474 2841 1657 2906 Deus
1713 2840 1921 2924 (Psal.
1970 2844 2107 2918 119,
2152 2844 2267 2919 363
2318 2843 2348 2902 1

387 2926 564 3009 Reg.
603 2929 663 3004 8,
703 2928 834 3010 58).
923 2927 1070 2991 Iam
1125 2925 1252 2991 hoc
1302 2923 1564 3010 quidem
1614 2933 1846 2993 votum
1909 2924 2355 2990 inclinationis

387 3010 717 3076 indicium
766 3019 883 3077 est.
974 3008 1157 3091 Quid
1209 3032 1368 3096 ergo
1422 3011 1547 3076 sibi
1602 3011 1877 3078 volunt?
1931 3009 2221 3077 Perinde
2277 3030 2354 3076 ac

389 3098 449 3163 si
495 3095 825 3163 dicerent:
870 3097 1145 3174 Perfice,
1191 3098 1492 3175 Domine,
1536 3096 1710 3180 quod
1910 3097 2042 3176 isti,
2090 3103 2158 3161 et
2199 3116 2353 3161 con-

386 3185 594 3247 firma
636 3181 811 3265 quod
854 3203 941 3248 ex
968 3189 1158 3266 parte
1199 3191 1506 3265 operatus
1548 3203 1620 3248 es
1656 3182 1756 3246 in·
1772 3202 1858 3247 no
1901 3183 1977 3248 is.
2041 3180 2358 3246 Nondum

384 3289 464 3333 er
599 3266 724 3332 hoc
764 3268 934 3333 mihi
973 3267 1257 3352 Pighius
1297 3268 1615 3346 excussit,
1662 3266 1984 3333 inclinare
2028 3265 2112 3332 ad
2157 3265 2353 3331 recti-

381 3288 697 3420 tuffiem
774 3353 1116 3418 hominum
1183 3350 1381 3419 corda
1395 3404 1410 3432 ,
1490 3353 1688 3418 unius
1760 3374 1903 3418 esse
1967 3352 2099 3417 Dei
2168 3372 2352 3434 opus.

383 3437 752 3518 Dixeram,
842 3438 1012 3502 nihil
1089 3437 1313 3503 Deum
1391 3439 1687 3505 severius
1763 3439 2058 3522 exigere,
2153 3456 2353 3519 quam

382 3536 470 3589 ut
528 3523 926 3589 sabbathum
981 3544 1175 3590 suum
1241 3523 1547 3589 colamus.
1638 3523 1834 3590 Hanc
1896 3543 2093 3607 porro
2158 3522 2354 3605 spiri-

385 3608 650 3675 tualem
704 3628 848 3676 esse
900 3611 1041 3674 eius
1092 3610 1642 3688 observationem,
1697 3608 1856 3674 dum
1909 3609 1991 3674 ab
2047 3607 2354 3691 operibus

380 3696 642 3761 nostris
720 3696 1133 3778 quiescimus.
1222 3694 1607 3778 Respondet
1678 3693 1987 3778 Pighius,
2068 3694 2355 3778 quietem

380 3780 702 3847 mandari
746 3782 934 3847 nobis
975 3780 1056 3846 ab
1100 3781 1280 3846 omni
1321 3801 1518 3863 opere
1560 3780 1818 3858 servili,
1875 3801 2012 3845 non
2054 3788 2274 3845 autem
2314 3798 2356 3842 a

379 3865 522 3932 Dei
571 3867 810 3931 timore
823 3918 841 3946 ,
888 3876 955 3931 et
997 3866 1163 3950 legis
1203 3867 1415 3950 ipsius
1457 3865 1851 3932 obedientia.
1939 3865 2135 3931 Bella
2178 3864 2355 3930 solu-

379 3953 501 4016 tio.
597 3952 695 4016 At
734 3972 1044 4034 quorsum
1087 3951 1212 4018 hoc
1253 3951 1520 4030 adduxi,
1563 3952 1696 4017 nisi
1737 3960 1815 4016 ut
1854 3953 2158 4017 timorem
2204 3954 2355 4029 [pag.

386 4043 551 4117 224]
609 4035 741 4101 Dei
793 4035 1208 4103 ostenderem
1258 4059 1393 4103 non
1447 4059 1589 4103 esse
1646 4038 1985 4121 proprium
2051 4044 2354 4102 nostrum

379 4121 608 4205 opus?
699 4123 875 4187 Nam
916 4144 1119 4205 quum
1163 4122 1519 4202 Dominus,
1573 4124 1690 4207 qui
1732 4144 1852 4189 nos
1890 4125 2060 4190 bene
2100 4120 2355 4207 agendo

379 4229 524 4273 non
569 4207 721 4274 vult
757 4207 1101 4294 defatigari
1115 4260 1131 4287 ,
1190 4210 1526 4292 quiescere
1568 4229 1689 4275 nos
1733 4210 1814 4275 ab
1858 4209 2162 4293 operibus
2202 4228 2354 4274 nos-

378 4294 510 4359 tris
559 4293 805 4373 iubeat,
851 4315 1073 4360 nonne
1116 4315 1192 4359 eo
1233 4296 1375 4378 ipso
1418 4295 1828 4379 pronunciat,
1865 4296 2087 4360 omnia
2127 4303 2355 4359 nostra

376 4399 596 4463 opera
638 4379 815 4444 mala
855 4379 1038 4445 esse?
1125 4379 1360 4463 Itaque
1392 4380 1641 4446 Iesaias
1684 4381 1917 4446 violari
1959 4379 2354 4447 sabbathum

375 4470 709 4544 testatur,
776 4463 1038 4548 quando
1101 4466 1443 4530 invenitur
1496 4468 1569 4529 in
1633 4486 1709 4531 eo
1772 4466 2077 4532 voluntas
2126 4476 2355 4531 nostra

377 4550 547 4636 (Ies.
605 4555 718 4628 58,
779 4552 868 4632 3).
956 4550 1153 4617 Hanc
1209 4570 1367 4634 ergo
1430 4549 1732 4617 sabbathi
1794 4552 2145 4618 veritatem
2209 4571 2353 4617 esse

375 4657 523 4701 non
572 4633 848 4701 dubium
893 4647 1022 4716 est,
1072 4637 1153 4701 de
1196 4657 1328 4719 qua
1365 4636 1617 4702 Paulus
1661 4645 1847 4702 sexto
1891 4636 1977 4702 ad
2017 4637 2352 4702 Romanos

373 4722 610 4805 eapite
643 4723 1082 4802 concionatur,
1128 4730 1206 4787 ut
1249 4722 1671 4806 crucifigatur
1691 4731 1884 4787 vetus
1914 4722 2109 4787 homo
2128 4732 2355 4789 noster

372 4813 474 4892 (v.
531 4812 574 4871 6
616 4857 632 4885 ,
677 4808 867 4873 cuius
909 4808 1163 4873 nullam
1197 4809 1522 4874 rationem
1553 4805 1755 4872 habet
1792 4807 2092 4891 Pighius.

706 4894 885 4958 uitur
924 4893 1040 4958 illa
1082 4893 1470 4973 similitudo,
1525 4894 1599 4958 in
1642 4913 1775 4977 qua
1818 4891 2144 4972 dixeram,
2190 4894 2351 4960 satis

371 4978 805 5046 luculentum
870 4979 1121 5063 gratiae
1175 4979 1306 5045 Dei
1360 4980 1805 5046 testimonium
1868 4987 2157 5057 exstare,
2223 4980 2352 5043 nisi

370 5087 504 5130 nos
556 5083 767 5147 supra
808 5063 1080 5129 modum
1120 5065 1396 5150 maligni
1439 5084 1761 5131 essemus:
1812 5065 1961 5149 Ego
2004 5084 2152 5129 sum
2194 5065 2351 5130 vitis

369 5171 548 5218 vera
563 5200 581 5229 ,
649 5170 766 5214 vos
811 5150 1132 5233 palmites.
1223 5148 1415 5217 Siout
1454 5151 1707 5234 palmes
1749 5171 1883 5216 non
1922 5158 2138 5234 potest
2175 5150 2350 5215 ferre

368 5259 413 5302 a
457 5257 538 5303 se
587 5236 735 5317 ipso
776 5235 1094 5311 fructum,
1138 5237 1264 5300 nisi
1306 5237 1378 5301 in
1421 5237 1558 5302 vite
1599 5237 1944 5315 manserit,
1997 5236 2096 5300 ita
2136 5255 2348 5319 neque

1891 345 2020 412 DE
2063 342 2419 412 LIBERO
2460 344 2938 414 ARBI'PRIO.

4296 353 4424 418 394

2461 553 2583 598 vos
2599 585 2616 613 ‚
2672 534 2800 600 nisi
2843 535 2917 600 in
2959 555 3067 600 me
3110 536 3518 603 manseritis:
3564 537 3721 619 quia
3756 536 3901 603 sine
3943 555 4052 603 me
4094 537 4262 603 nihil
4304 560 4423 624 po-

2458 621 2651 684 testis
2684 620 2900 687 facere
2935 620 3195 705 (Ioann.
3243 628 3339 701 15,
3382 629 3442 689 4.
3482 623 3570 706 ὁ).
3642 621 3726 687 In
3768 622 3874 688 his
3916 622 4135 688 verbis
4178 625 4425 707 reperit

2460 703 2742 788 Pighius
2785 706 3219 773 clarissimam
3261 709 3624 773 sententiae
3668 729 3826 774 suae
3860 709 4420 791 approbationem.

2461 788 2638 854 Nam
2672 812 2878 874 quum
2921 793 3247 877 agricolae
3283 793 3570 859 officinm
3613 795 3701 859 sit
3742 794 4057 873 excolere,
4103 794 4257 861 vitis
4301 817 4422 861 na-

2462 881 2615 940 tura
2676 875 3025 943 humorem
3093 899 3491 962 succumque
3558 878 4050 956 administrare,
4130 881 4423 963 palmitis

2463 970 2684 1024 autem
2750 962 3038 1029 fructum
3091 965 3416 1048 proferre:
3480 965 3554 1028 in
3616 964 3741 1029 hac
3797 964 4219 1031 distinctione
4273 966 4422 1050 pul-

2461 1044 2857 1111 cherrimam
2922 1046 3111 1113 liberi
3175 1049 3432 1115 arbitrii
3496 1052 3876 1134 gratiaeque
3939 1072 4014 1117 co
4072 1051 4086 1064 ⁶
4176 1053 4423 1118 tionem

2458 1139 2722 1196 exstare
2744 1143 2986 1199 censet.
3045 1135 3253 1218 Atqui
3286 1135 3500 1201 simile
3533 1135 3674 1215 hoc,
3710 1157 3839 1220 quo
3859 1138 4072 1202 utitur
4152 1137 4420 1217 hristus,

2461 1236 2545 1281 ex
2573 1217 2713 1282 eius
2754 1238 2885 1296 ore,
2931 1239 3065 1284 non
3109 1227 3330 1285 autem
3418 1221 3431 1235 ⁶
3483 1221 3578 1286 hii
3621 1223 3906 1305 ingenio,
3949 1221 4423 1288 accommodari

2460 1300 2546 1365 ad
2594 1302 2940 1368 veritatem
2978 1325 3166 1370 suam
3209 1313 3514 1389 oportuit.
3603 1307 3976 1391 Applicatio
4030 1328 4113 1372 ex
4159 1305 4418 1374 Christi

2459 1394 2685 1452 mente
2762 1389 3043 1472 simplex
3124 1399 3226 1456 est
3299 1403 3366 1457 et
3429 1390 3752 1475 expedita.
3842 1390 4421 1473 Quemadmodum

2460 1471 2712 1554 palmes
2778 1483 2971 1540 extra
3026 1477 3226 1541 vitem
3286 1498 3409 1542 nec
3461 1478 3715 1556 vivere,
3786 1499 3909 1544 nec
3962 1479 4224 1557 florere,
4298 1500 4421 1545 nec

2459 1557 2753 1623 fructum
2806 1560 2998 1626 edere
3051 1568 3295 1645 potest,
3361 1561 3478 1628 sed
3529 1584 3686 1628 mox
3740 1565 4090 1645 exarescit,
4156 1565 4231 1628 in
4284 1566 4420 1629 vite

2460 1643 2662 1708 etiam
2706 1645 2970 1711 assidua
3012 1647 3271 1713 cultura
3299 1649 3816 1732 purgationeque
3854 1647 4056 1715 habet
4091 1669 4278 1733 opus:
4326 1651 4419 1716 sic

2459 1750 2582 1794 nos
2636 1738 2829 1795 extra
2879 1732 3101 1813 ipsum
3166 1732 3334 1797 nihil
3391 1733 3636 1799 habere
3694 1754 3963 1816 prorsus
4025 1733 4107 1799 ad
4170 1755 4417 1813 veram,

2459 1813 2586 1879 hoc
2620 1822 2740 1893 est,
2786 1816 3198 1899 spiritualem
3241 1819 3450 1885 vitam
3492 1820 3762 1902 eiusque
3804 1820 4112 1899 actiones,
4157 1828 4275 1884 aut
4316 1822 4418 1884 vi-

2542 1901 2633 1964 ris
2690 1910 2806 1966 aut
2858 1903 3221 1984 potentiae,
3285 1902 3402 1969 sed
3458 1925 3602 1970 esse
3661 1905 3930 1970 omnino
3984 1904 4286 1970 inutiles:
4344 1907 4418 1970 in

2459 2005 2681 2068 ipsum
2723 2007 2882 2053 vero
2913 2008 3118 2070 quum
3147 1988 3332 2054 insiti
3363 1988 3772 2071 plantatique
3807 2010 4054 2069 sumuS,
4098 1999 4418 2073 perpetua

2461 2069 2592 2135 Dei
2636 2074 3019 2154 operatione
3052 2074 3281 2153 excoli,
3328 2081 3404 2139 ut
3445 2075 3518 2138 in
3559 2074 3996 2140 foecunditate
4030 2095 4418 2158 permanea-

2462 2176 2632 2221 mus.
2720 2156 2897 2236 Hac,
2951 2159 3255 2239 inquam,
3311 2159 3486 2224 inter
3524 2179 3630 2225 res
3670 2158 3780 2226 hic
3822 2161 3999 2226 inter
4041 2181 4112 2225 se
4154 2182 4418 2244 compa-

2461 2249 2643 2307 ratas
2697 2244 3128 2327 congruentia
3170 2245 3285 2326 qui
3328 2252 3677 2311 contentus
3715 2245 3873 2323 erit,
3928 2245 4200 2311 minime
4242 2249 4419 2329 peri-

2462 2325 2683 2392 culum
2731 2337 2863 2407 est,
2919 2350 3005 2394 ne
3059 2328 3423 2413 decipiatur
3465 2350 3507 2394 a
3549 2327 3845 2396 Christo:
3901 2351 4030 2414 quo
4074 2331 4418 2397 terricula-

2460 2419 2687 2478 mento
2728 2413 3066 2498 imperitos
3115 2414 3470 2498 percellere
3523 2423 3801 2481 conatur
3841 2415 4144 2499 Pighius.
4234 2415 4419 2497 Quid

2461 2505 2685 2563 autom
2737 2500 2879 2582 ipse
2920 2499 3194 2566 contra?
3283 2500 3591 2567 Palmitis
3639 2508 3951 2566 naturam
3994 2522 4144 2567 cum
4188 2510 4417 2567 nostra

2459 2584 2869 2664 conferendo,
2917 2590 3067 2665 [pag.
3107 2590 3258 2665 225]
3301 2586 3621 2651 bonorum
3663 2607 3935 2668 operum
3976 2587 4228 2653 fructus
4265 2608 4416 2672 pro-

2459 2669 2603 2752 prie
2634 2691 2675 2735 a
2705 2670 2891 2736 nobis
2925 2668 3197 2754 produci
3238 2671 3508 2756 colligit,
3554 2679 3622 2735 et
3652 2672 3718 2737 vi
3752 2672 4204 2755 germinativa,
4246 2693 4416 2756 quae

2458 2754 2530 2818 in
2574 2753 2764 2821 nobis
2807 2763 2939 2821 est:
2997 2757 3262 2822 tametsi
3306 2778 3392 2822 ex
3434 2757 3569 2821 vite
3626 2777 3774 2821 eam
3817 2766 3886 2822 et
3927 2757 4193 2823 coelesti
4235 2759 4414 2842 agri-

2458 2839 2602 2906 cola
2643 2843 3104 2924 acceperimus.
3194 2840 3272 2908 Si
3327 2841 3737 2908 voluntatem
3787 2842 4099 2927 intelligit
4139 2844 4331 2909 nobis
4375 2865 4416 2908 a

2457 2933 2700 2991 natura
2732 2924 3015 2993 inditam
3045 2948 3174 3010 qua
3207 2928 3511 3006 velimus,
3558 2926 3874 2993 iudicium
3908 2948 4035 3011 quo
4067 2928 4410 3012 eligamus,

2458 3010 2739 3077 conandi
2805 3014 3170 3097 potentiam
3242 3033 3373 3097 qua
3433 3033 3772 3092 conemur,
3854 3013 4023 3080 nihil
4087 3034 4413 3099 repugno:

2456 3096 2652 3162 modo
2687 3105 2755 3162 et
2772 3097 3155 3178 voluntatis,
3199 3113 3268 3163 et
3285 3099 3527 3178 iudicii,
3573 3107 3642 3165 et
3662 3107 3934 3165 conatus
3954 3100 4414 3166 rectitudinem

2459 3182 2601 3248 sola
2642 3184 2858 3266 gratia
2899 3204 3022 3248 nos
3058 3184 3353 3250 obtinere
3396 3184 3740 3268 (quoniam
3780 3184 3942 3250 haec
3981 3186 4111 3249 tria
4144 3195 4414 3250 natura-

2455 3267 2611 3332 liter
2660 3268 2988 3350 pravitate
3046 3277 3354 3353 corrupta
3407 3270 3546 3335 sint
3596 3270 3669 3333 in
3721 3269 3939 3353 nobis)
4005 3270 4203 3334 simui
4257 3290 4412 3337 con-

2456 3352 2663 3418 cedat.
2731 3350 2808 3419 Si
2850 3374 3049 3437 quam
3092 3374 3251 3420 vero
3289 3352 3508 3419 laudis
3551 3362 3805 3437 partem
3848 3356 3919 3419 in
3963 3355 4153 3420 bonis
4196 3357 4411 3437 operi-

2456 3440 2581 3505 bus
2634 3439 2821 3504 nobis
2864 3439 3338 3505 transscribere
3378 3437 3688 3518 intendit,
3745 3460 3829 3504 ns
3873 3446 4088 3503 totum
4131 3436 4261 3504 Dei
4304 3441 4412 3520 sit,

2458 3522 2726 3589 aliunde
2779 3545 2976 3607 quam
3029 3544 3116 3589 ex
3158 3523 3411 3590 Christi
3454 3524 3677 3590 verbis
3729 3526 3975 3590 erroris
4031 3526 4133 3589 sui
4187 3533 4413 3607 patro-

2456 3611 2705 3678 cinium
2725 3618 3014 3694 quaerat.
3084 3607 3309 3692 Quum
3329 3609 3510 3674 enim
3539 3610 3795 3676 fructus
3816 3617 4136 3675 vocentur
4166 3611 4414 3676 utrius-

2456 3717 2583 3780 que
2626 3696 2888 3780 generis
2931 3716 3162 3779 opera,
3220 3695 3346 3761 hoc
3390 3704 3495 3761 est
3508 3746 3523 3773 ,
3583 3705 3718 3760 tam
3764 3695 3936 3760 bona
3977 3716 4174 3778 quam
4217 3694 4411 3775 mala,

2457 3803 2577 3847 nos
2620 3780 2884 3864 quidem
2940 3779 3026 3846 ad
3081 3779 3423 3847 ferendum
3475 3782 3760 3847 fructum
3813 3789 4050 3845 natura
4101 3781 4256 3847 facti
4300 3802 4413 3846 su-

2456 3888 2626 3945 mus,
2672 3865 2787 3932 sed
2818 3887 2903 3931 ex
2946 3868 3137 3933 nobis
3179 3868 3649 3933 fructificamus
3680 3874 3945 3950 peccato
3989 3867 4062 3930 in
4096 3874 4409 3931 mortem:

2457 3961 2539 4017 ut
2579 3959 2803 4017 autem
2847 3951 2932 4017 ad
2974 3952 3396 4035 proferendos
3441 3954 3645 4019 bonos
3682 3955 3861 4019 vitae
3903 3952 4158 4017 fructus
4202 3951 4411 4017 simus

2455 4037 2707 4116 idonei,
2778 4039 2993 4119 gratia
3059 4060 3180 4104 nos
3231 4039 3377 4104 fieri
3439 4045 3712 4126 oportet.
3802 4038 3985 4121 Ergo
4033 4045 4272 4101 natura
4326 4035 4412 4101 ad

2455 4122 2760 4190 ferendos
2800 4123 3007 4190 bonos
3057 4124 3312 4190 fructus
3355 4125 3547 4189 otiosi
3588 4144 3816 4189 sumus
3868 4144 3946 4189 ac
3984 4121 4267 4188 steriles:
4326 4120 4413 4186 ad

2457 4209 2667 4274 malos
2715 4229 2869 4275 vero
2972 4208 3077 4274 lus
3130 4210 3339 4274 nimio
3397 4208 3715 4276 foecundi.
3801 4209 3905 4274 Ac
3959 4208 4125 4272 scire
4179 4206 4412 4271 etiam-

2456 4316 2621 4360 num
2663 4315 2748 4360 ex
2790 4295 2921 4379 Pig
2973 4295 3033 4359 'o
3086 4295 3285 4360 velim
3303 4346 3319 4374 ‚
3373 4316 3686 4361 omnesne
3739 4292 4132 4358 naturaliter
4173 4292 4410 4358 insitos

2457 4401 2600 4446 esse
2657 4379 2928 4446 Christo
2975 4388 3186 4463 putet:
3247 4402 3332 4445 an
3387 4379 3514 4445 hoc
3580 4400 3723 4444 esse
3787 4378 4120 4462 singulare
4163 4377 4412 4443 donum

2453 4468 2772 4544 fateatur,
2839 4472 3120 4531 naturae
3169 4464 3538 4530 conditione
3593 4463 4037 4529 excellentius.
4124 4462 4299 4527 Nam
4350 4464 4410 4528 si

2452 4551 2580 4617 hoc
2641 4549 3006 4617 secundum
3071 4558 3458 4632 extorqueo,
3533 4547 3705 4631 quod
3768 4570 4034 4615 necesse
4100 4555 4230 4626 est,
4292 4547 4408 4614 ubi

2457 4645 2658 4702 erunt
2708 4635 2864 4701 illae
2927 4636 3456 4718 praeparationes
3472 4686 3489 4714 ,
3555 4636 3622 4698 in
3690 4634 3927 4717 quibus
3988 4635 4408 4717 praecipuam

2456 4724 2597 4787 vim
2660 4720 2847 4786 liberi
2902 4720 3161 4785 arbitrii
3215 4720 3427 4786 locare
3484 4719 3694 4786 solet?
3783 4720 3875 4784 Et
3941 4728 4147 4785 totam
4201 4718 4401 4784 huius

2454 4808 2551 4873 rei
2604 4807 3118 4873 controversiam
3180 4805 3432 4869 dirimit
3473 4804 3730 4870 Paulus
3743 4855 3760 4883 ,
3824 4826 4029 4888 quum
4076 4803 4403 4881 homines,

2453 4901 2806 4977 anoequam
2857 4891 2930 4954 in
2971 4889 3310 4956 Christum
3351 4892 3730 4956 inserantur
3743 4942 3759 4969 ,
3818 4890 4115 4957 oleastris
4158 4888 4407 4956 similes

2451 4979 2609 5044 facit
2646 4977 2867 5060 (Rom.
2912 4980 3007 5052 11,
3051 4979 3125 5039 17
3131 4977 3178 5058 ).
3246 4977 3505 5042 Verum
3537 4974 3709 5059 quod
3750 4975 3836 5041 ad
3867 4974 4405 5060 cooperationem,

2454 5085 2584 5147 qua
2638 5062 2767 5128 Dei
2818 5061 3103 5145 gratiam
3156 5062 3575 5146 subsequitur
3626 5061 3929 5128 voluntas
3986 5069 4241 5139 nostra,
4298 5061 4404 5124 vi-

2451 5149 2616 5216 cisse
2660 5147 2788 5214 sibi
2828 5145 3106 5212 videtur.
3173 5146 3347 5213 Nam
3391 5148 3446 5214 si
3490 5147 3741 5231 palmes
3780 5148 4070 5214 fructum
4114 5165 4246 5209 non
4287 5164 4404 5227 po-

2449 5243 2582 5301 test
2634 5235 2839 5311 ferre,
2897 5232 3028 5298 nisi
3082 5233 3153 5297 in
3207 5235 3348 5298 vite
3390 5235 3741 5299 manserit:
3798 5253 3954 5316 crgo
4006 5253 4092 5296 ex
4136 5249 4207 5294 se
4258 5229 4402 5311 ipso
