4967 5992
458 365 584 430 269

458 549 730 616 honoris
773 569 907 614 non
949 538 1222 626 habeat,
1275 554 1353 611 ut
1408 545 1493 610 ad
1544 566 1734 613 sacra
1776 547 1917 613 eius
1960 547 2224 613 oracula
2261 567 2418 612 con-

458 633 815 700 ticescant?
880 633 978 699 Ut
1011 633 1280 716 Epicuri
1317 631 1568 711 breves,
1604 632 1893 708 mutilae,
1931 634 2231 715 spinosae
2266 652 2414 698 sen-

459 720 772 787 tentiolae
816 718 897 783 ab
941 719 1082 784 eius
1125 724 1303 784 secta
1342 716 1821 802 intelligantur:
1869 726 1968 783 tot
2008 739 2085 783 ac
2127 726 2266 782 tam
2309 739 2413 784 co-

457 806 679 891 piosis,
724 805 940 884 certis,
982 803 1336 870 luculentis
1380 803 1660 887 scriptis,
1706 824 1839 868 non
1885 804 2007 869 hoc
2051 823 2415 887 consequu-

458 900 569 957 tus
611 890 814 956 fuerit
855 890 1073 968 Deus,
1129 897 1208 953 ut
1263 889 1546 955 sciamus
1590 889 1746 972 quid
1791 888 2115 954 voluerit?
2204 889 2416 953 Deni-

457 998 586 1061 que
620 996 935 1059 quorsum
968 980 1193 1039 tantus
1229 975 1589 1056 scripturae
1623 994 1925 1053 acervus,
1963 976 2021 1039 si
2061 973 2229 1039 nihil
2261 973 2415 1039 inde

458 1062 621 1129 certi
673 1061 1009 1144 percipere
1051 1059 1246 1124 licet?
1334 1060 1430 1124 At
1481 1058 1677 1144 longe
1730 1060 1909 1128 aliud
1964 1061 2414 1126 testimonium

459 1148 660 1215 verbo
715 1168 831 1213 suo
888 1144 1106 1212 reddit
1149 1146 1333 1210 Deus
1387 1145 1545 1228 ipse.
1633 1144 1735 1211 Ne
1781 1143 1986 1225 dicas,
2043 1146 2284 1229 inquit,
2340 1147 2415 1210 in

458 1233 653 1300 corde
696 1239 831 1311 tuo,
876 1231 1026 1314 quis
1071 1230 1383 1296 ascendet
1423 1229 1499 1295 in
1540 1230 1835 1296 coelum?
1905 1239 2049 1311 aut,
2109 1232 2257 1314 quis
2300 1231 2414 1297 de-

456 1318 728 1386 scendet
747 1319 818 1382 in
845 1318 926 1382 ab
974 1315 1199 1382 ssum?
1245 1324 1379 1394 aut,
1425 1316 1571 1398 quis
1615 1316 1895 1382 traiiciet
1936 1317 2166 1383 mare?
2211 1337 2414 1401 prope

457 1411 560 1471 est
604 1404 879 1471 verbum
922 1424 996 1467 in
1040 1422 1152 1467 ore
1193 1408 1307 1466 tuo
1350 1402 1577 1485 (Deut.
1618 1407 1718 1480 30,
1766 1403 1891 1488 12).
1982 1404 2121 1469 Gur
2165 1425 2285 1469 nos
2329 1404 2413 1469 ad

455 1489 737 1556 verbum
777 1494 1059 1566 revocat,
1105 1487 1177 1552 in
1221 1508 1347 1570 quo
1382 1485 1551 1551 nihil
1593 1508 1792 1570 quam
1836 1490 2159 1554 fluctuare
2196 1496 2262 1553 et
2295 1510 2411 1556 va-

458 1575 680 1641 cillare
723 1571 1112 1656 possumus?
1202 1574 1297 1637 At
1336 1573 1532 1638 istam
1573 1572 2012 1639 obiectionem
2053 1576 2409 1658 praevenit,

457 1681 659 1743 quum
705 1666 1005 1738 testatur,
1048 1678 1120 1723 se
1153 1659 1223 1723 in
1259 1679 1332 1723 os
1367 1664 1435 1723 et
1467 1678 1580 1723 cor
1603 1657 1652 1743 ¹)
1690 1658 1974 1726 dedisse:
2019 1668 2098 1725 ut
2132 1667 2201 1726 et
2234 1668 2414 1727 certa

455 1744 590 1811 fide
646 1747 867 1829 ipsum
911 1743 1512 1828 apprehendamus,
1582 1754 1648 1809 6ι
1701 1766 1854 1811 cum
1908 1745 2153 1812 fiducia
2205 1749 2409 1813 confi-

455 1838 733 1897 teamur.
821 1832 915 1896 Et
967 1849 1095 1914 quo
1148 1837 1442 1912 tempore
1485 1827 1609 1896 hoc
1662 1829 1910 1897 dictum
1952 1832 2094 1898 est?
2184 1831 2409 1913 Quum

454 1917 593 1982 sole
631 1915 924 1982 iustitiae
965 1912 1260 1981 nondum
1304 1936 1457 1981 cum
1498 1915 1693 1998 pleno
1735 1938 1852 1982 suo
1892 1917 2146 2001 fulgore
2181 1926 2411 1984 exorto

452 2001 565 2069 lex
617 2008 883 2067 tantum
939 2002 1121 2069 velut
1171 2000 1493 2083 quaedam
1547 2000 1699 2066 fidei
1749 2021 1988 2068 aurora
2043 2003 2406 2086 prodiisset.

453 2088 723 2173 Moyses
767 2108 1021 2171 quoque
1065 2087 1134 2150 in
1178 2086 1297 2151 illa
1351 2086 1608 2152 solenni
1662 2089 2167 2154 contestatione:
2222 2089 2412 2155 Haec

455 2181 557 2238 est
600 2175 724 2251 via,
769 2173 1003 2256 inquit,
1050 2171 1377 2237 ambulate
1435 2176 1583 2252 [pag.
1624 2178 1728 2249 51]
1783 2175 1856 2236 in
1908 2195 1987 2239 ea
2030 2172 2262 2258 (Deut.
2306 2179 2407 2254 30,

462 2259 596 2344 19):
658 2260 713 2324 si
765 2260 836 2323 ιιι
880 2266 1018 2323 tam
1060 2258 1301 2341 exigua
1350 2257 1649 2339 portione
1704 2256 1894 2338 lucis,
1954 2266 2021 2323 et
2058 2259 2409 2326 verborum

337 2361 346 2370 ‘
453 2344 879 2424 obscuritate,
934 2348 1004 2408 6ι
1057 2344 1422 2426 figurarum
1478 2341 1727 2409 umbris
1780 2343 2080 2409 involuta
2094 2397 2111 2425 ,
2168 2345 2409 2411 clamat

451 2435 676 2496 tamen
713 2429 1057 2506 DominuS,
1102 2427 1361 2493 nullum
1392 2427 1823 2510 ignorantiae,
1869 2437 1984 2495 aut
2018 2430 2408 2497 dubitationi

450 2521 874 2600 praetextum
929 2512 1211 2598 amplius
1276 2533 1449 2591 esse,
1515 2515 1668 2596 quia
1731 2524 1976 2579 certam
2040 2514 2406 2583 doctrinam

448 2598 828 2678 tradiderit,
882 2620 1048 2683 quae
1099 2606 1168 2663 6ι
1209 2606 1387 2665 certa
1429 2598 1643 2664 cordis
1685 2599 1926 2666 fiducia
1979 2601 2402 2684 apprehendi,

450 2695 519 2752 et
575 2685 787 2750 libera
843 2684 1202 2766 audacique
1254 2685 1656 2750 confessione
1706 2685 2074 2769 praedicari
2141 2687 2401 2754 debeat:

451 2772 508 2838 si
549 2791 670 2854 per
711 2770 991 2854 Moysen
1035 2777 1455 2846 contestatur,
1546 2767 1768 2835 lanam
1812 2781 1878 2836 et
1920 2782 2214 2854 apertam
2260 2795 2403 2839 6886

449 2857 658 2924 viam:
724 2875 891 2938 quae
945 2857 1077 2921 ista
1132 2865 1234 2920 est
1291 2856 1503 2938 impro
1547 2855 1706 2934 itas,
1769 2857 1838 2920 in
1903 2858 2047 2939 ipsa
2110 2859 2402 2938 meridie,

448 2941 584 3008 sole
635 2941 930 3006 iustitiae
987 2949 1141 3005 ante
1194 2940 1414 3007 oculos
1466 2941 1847 3025 conspicu0,
1913 2941 2037 3007 hoc
2087 2944 2402 3027 probrum

446 3027 714 3093 inurere
758 3027 958 3093 verbo
999 3025 1304 3104 Domini,
1349 3035 1428 3091 ut
1470 3025 1637 3090 nihil
1680 3026 1861 3093 aliud
1905 3049 2102 3111 quam
2143 3030 2401 3112 piorum

445 3119 704 3178 menws
746 3133 1115 3196 suspensae,
1157 3112 1505 3196 perplexas
1550 3119 1617 3176 et
1654 3113 1981 3196 inquietas
2023 3114 2398 3198 relinquat?

444 3197 814 3264 Audiamus
857 3198 1135 3263 alteram
1174 3218 1430 3281 quoque
1474 3197 1605 3262 Dei
1639 3200 2180 3264 contestationem
2242 3201 2397 3283 (168.

446 3289 550 3361 45,
596 3283 733 3383 19);
790 3283 939 3348 Νοιι
982 3284 1054 3349 ιιι
1097 3282 1505 3362 abscondite,
1559 3284 1802 3366 inquit,
1859 3284 2166 3367 loquutus
2220 3307 2399 3366 sum;

439 3388 698 3521 2¹1?chinn
721 3368 999 3534 fariigtlrld),
1031 3376 1403 3538 Ἓξιῗέιθῢῗιὲ
1407 3368 1710 3537 &iurgi-{3111
1727 3370 2402 3540 ἈἲοῃῃέἒιῌΙοῗιιιίῑ-ιιῗιι

440 3540 641 3606 hodie
684 3541 1023 3608 nobiscum
1067 3541 1391 3606 Dominus
1446 3561 1566 3624 per
1610 3540 2014 3623 scripturas?
2105 3542 2218 3606 An
2262 3563 2400 3607 non

439 3626 706 3706 clarius,
743 3647 939 3710 quam
982 3626 1237 3709 pridem
1285 3647 1437 3693 cum
1480 3625 1776 3691 Israele?
1849 3625 2069 3710 Negat
2112 3648 2184 3693 86
2227 3629 2398 3693 frus-

436 3719 549 3777 tra
592 3712 841 3779 docere.
929 3713 1113 3797 Ergo
1156 3713 1229 3776 in
1278 3711 1482 3778 verbo
1526 3712 1667 3778 eius
1722 3712 2129 3795 reperiemus
2173 3713 2400 3797 procul

438 3795 639 3866 dubio
684 3796 854 3881 quod
898 3819 1210 3881 quaerere
1254 3818 1375 3863 nos
1429 3798 1625 3862 iubet.
1717 3796 1912 3878 Quod
1968 3798 2097 3863 nisi
2151 3800 2246 3863 ita
2298 3819 2399 3864 es-

437 3891 559 3964 set,
595 3883 755 3967 quid
788 3883 914 3950 sibi
949 3883 1147 3950 vellet
1179 3882 1368 3949 illud:
1408 3882 1653 3949 Audite
1691 3904 1818 3962 me,
1864 3890 1929 3949 et
1962 3883 2145 3951 vivet
2178 3884 2402 3950 anima

436 3977 666 4037 vestra
709 3968 865 4053 (Ies.
906 3974 1008 4049 55,
1047 3969 1162 4051 3)?
1230 3969 1362 4035 Hic
1405 3989 1561 4053 ergo
1606 3976 1709 4034 est
1750 3969 2144 4052 tranquillus
2189 3978 2256 4036 et
2294 3992 2400 4037 sa-

437 4053 678 4122 lutaris
719 4061 953 4138 portus
969 4107 984 4135 ,
1026 4055 1267 4122 habere
1308 4063 1641 4138 receptum
1686 4053 1770 4121 ad
1815 4060 2042 4121 sancta
2081 4056 2209 4121 Dei
2254 4077 2400 4122 ora-

445 4141 626 4207 cula:
672 4163 714 4207 a
752 4141 1018 4224 quibus,
1073 4147 1390 4225 tanquam
1446 4162 1486 4206 a
1536 4141 1897 4224 periculoso
1950 4142 2244 4225 scopulo,
2297 4143 2401 4207 fu-

444 4246 610 4312 gere
648 4246 771 4292 nos
812 4225 1000 4293 docet
1038 4226 1341 4311 Pighius.

621 4311 876 4379 Verum
919 4313 1203 4396 excipiet
1248 4312 1574 4392 fortassis,
1627 4311 1849 4377 Deum
1903 4332 2039 4377 non
2093 4313 2165 4377 in
2222 4312 2401 4379 nuda

443 4400 805 4483 scriptura,
865 4396 981 4464 sed
1023 4420 1141 4482 per
1181 4399 1491 4464 ecclesiae
1534 4398 1955 4463 traditionem
2002 4396 2401 4464 audiendum

445 4506 616 4551 esse.
704 4484 968 4569 Nugae:
1037 4484 1362 4568 siquidem
1427 4483 1582 4548 huic
1643 4483 1879 4550 cavillo
1946 4505 2177 4550 ansam
2242 4485 2400 4550 olim

437 4569 767 4656 praecidit
820 4571 1088 4653 spiritus
1141 4576 1427 4637 sanctus.
1513 4568 1689 4634 Nam
1728 4568 1969 4649 Isaias,
2023 4568 2139 4635 ubi
2192 4592 2399 4655 popu-

435 4657 592 4723 lum
631 4654 991 4734 admonuit,
1035 4677 1120 4721 ne
1162 4676 1359 4739 quem
1372 4706 1390 4735 ,
1432 4660 1695 4738 praeter
1737 4675 1945 4719 unum
1990 4656 2241 4736 Deum,
2297 4677 2401 4722 86-

439 4749 713 4828 quatur,
755 4740 1026 4807 modum
1067 4762 1322 4825 quoque
1362 4740 1556 4805 simul
1600 4738 1812 4804 addit:
1855 4739 1965 4804 Ad
2008 4741 2250 4824 legem,
2296 4743 2399 4806 in-

590 4997 650 5062 1)
688 5005 744 5052 et
780 5013 844 5052 68
878 5003 937 5052 et
970 5012 1083 5067 cor,
1119 4996 1255 5051 1576
1287 5011 1427 5066 seqq.

585 5064 648 5132 2)
687 5063 843 5120 1543.
891 5064 1053 5121 1552:
1100 5065 1327 5132 frustra,
1375 5066 1646 5134 quaeretis
1690 5079 1792 5118 mc.
1861 5063 1923 5119 Ι6
1965 5063 2072 5119 n’ai
2159 5065 2274 5118 oint
2318 5065 2398 5119 dit

439 5135 645 5192 envain
682 5137 717 5190 a
750 5135 807 5188 la
840 5150 1089 5190 semence
1125 5135 1191 5189 de
1226 5135 1415 5190 Iacob:
1453 5150 1589 5188 vous
1624 5148 1709 5187 me
1747 5133 2049 5189 cercherez.
2205 5134 2394 5187 sterio-

437 5219 540 5261 rea
571 5204 839 5258 ‹diuo-nes
860 5206 1102 5273 propius
1133 5203 1212 5257 ad
1242 5203 1553 5259 hebraicum
1576 5208 1779 5257 textum
1802 5202 2142 5258 accedam.-
2173 5202 2392 5268 frustm,

440 5273 699 5345 quaerite
731 5287 834 5327 me.
891 5271 1118 5328 Sensum
1145 5279 1326 5328 tamea
1358 5287 1530 5342 neque
1561 5270 1665 5325 hae
1697 5271 2064 5327 authenticum
2098 5272 2393 5342 attineant.

1934 359 2065 427 DE
2109 357 2464 427 LIBERO
2510 357 2985 425 ARBITRIO.

4355 371 4480 433 270

2519 546 2689 629 quit,
2747 551 2814 610 et
2870 544 2955 610 ad
3009 546 3459 613 testimonium
3525 548 3680 630 (Ies.
3730 554 3789 628 8,
3840 551 3971 636 20).
4063 550 4212 632 Quo
4279 555 4481 640 igitur

2519 631 2760 713 spiritu
2813 631 3131 696 reclamat
3182 632 3495 717 Pighius,
3559 634 3773 719 legem
3830 636 4257 720 flexiloquam
4315 663 4479 724 esse,

2520 714 2868 782 obscurum
2904 718 3349 783 testimonium
3387 729 3455 784 et
3489 721 3913 805 ambiguum?
3973 723 4066 786 Et
4091 724 4475 809 Malachias,

2519 801 2676 866 dum
2721 802 2865 866 vult
2906 802 3221 886 populum
3276 805 3348 868 in
3395 805 3647 871 Christi
3698 808 4186 890 exspectatione
4240 814 4477 880 confir-

2516 907 2701 952 mare
2742 909 2948 971 usque
2990 890 3061 952 in
3106 891 3246 956 eius
3289 890 3683 971 adventum,
3730 900 3796 957 et
3838 890 4158 959 adversus
4202 897 4475 964 offendi-

2519 971 2669 1037 cula
2711 973 2933 1037 omnia
2976 995 3252 1054 armare,
3299 997 3431 1041 non
3474 977 3601 1042 alio
3644 978 3866 1058 mittit,
3910 1000 4109 1062 quam
4144 979 4226 1045 ad
4263 982 4478 1068 legem

2517 1059 2731 1140 ipsam
2787 1059 2975 1142 (Mal.
3016 1065 3077 1140 4,
3113 1060 3204 1145 4).
3294 1059 3676 1127 Secundum
3731 1063 3903 1130 hanc
3958 1066 4308 1145 rationem,
4379 1071 4476 1135 ait

2518 1142 2786 1222 Petrus,
2838 1143 3081 1210 habere
3136 1166 3256 1211 nos
3314 1149 3668 1213 firmiorem
3724 1171 4093 1215 sermonem
4136 1154 4474 1236 propheti-

2519 1251 2687 1307 cum,
2730 1228 2839 1293 cui
2882 1230 3225 1296 attendere
3260 1232 3615 1299 debeamus
3638 1257 3779 1310 ,ceu
3822 1235 4128 1302 lucernae
4171 1245 4318 1317 [pag.
4364 1247 4471 1321 52]

2520 1314 2777 1379 ardenti
2828 1315 2901 1378 in
2954 1315 3097 1381 loco
3152 1317 3532 1402 caliginoso,
3589 1319 3795 1386 donec
3849 1321 4081 1386 lucifer
4135 1325 4474 1391 exoriatur

2518 1401 2589 1464 in
2633 1398 2935 1465 cordibus
2977 1403 3223 1468 nostris
3267 1406 3335 1487 (2
3371 1405 3552 1469 Petr.
3604 1411 3657 1484 l,
3702 1409 3827 1486 19).
3899 1407 3994 1471 At
4034 1408 4207 1490 quod
4251 1412 4472 1494 sequi-

2517 1492 2629 1549 tur
2693 1486 3030 1566 continue,
3102 1488 3408 1555 nonnihil
3471 1489 3735 1557 videtur
3796 1491 4036 1576 Pighio
4101 1495 4467 1580 suffragari.

2516 1570 2851 1636 Admonet
2901 1573 3108 1653 enim,
3178 1595 3309 1639 non
3364 1596 3506 1640 esse
3560 1577 3857 1660 privatae
3909 1578 4473 1662 interpretationis

2516 1656 2910 1739 scripturam
2968 1659 3436 1741 propheticam.
3526 1662 3672 1747 Ego
3717 1683 3874 1729 vero
3928 1683 4061 1728 non
4116 1665 4308 1732 aliter
4363 1687 4471 1734 ac-

2517 1742 2703 1824 cipio,
2748 1762 2944 1825 quam
2986 1744 3127 1827 ipse
3170 1747 3469 1829 exponit:
3516 1769 3773 1832 nempe,
3819 1746 3991 1831 quod
4033 1771 4167 1814 non
4210 1755 4472 1836 proprio

2516 1826 2787 1893 consilio
2841 1829 3137 1911 impulsi,
3197 1831 3312 1896 sed
3357 1853 3397 1897 a
3440 1834 3677 1915 spiritu
3738 1840 3966 1900 sancto
4022 1836 4320 1915 excitati,
4378 1838 4471 1905 lo·

2516 1914 2703 1995 quuti
2747 1914 2882 1978 sint
2924 1914 3299 1998 prophetae.
3391 1916 3791 2002 Quanquam
3825 1919 3940 1984 ubi
3981 1941 4225 1986 nomen
4267 1923 4472 1989 iuter-

2513 2000 2900 2082 pretationis
2935 1999 3233 2077 habetur,
3272 2003 3507 2068 melius
3542 2006 3922 2083 conveniret
3953 2012 4205 2072 motum
4228 2006 4470 2074 dicere:

2514 2085 2583 2148 in
2628 2105 2758 2167 qua
2799 2085 3280 2168 significatione
3334 2088 3665 2153 interdum
3727 2092 4017 2155 sumitur
4061 2113 4297 2175 graeca
4338 2115 4472 2160 vox

2514 2190 2643 2251 qua
2684 2170 2912 2250 utitur,
2959 2175 3246 2246 ἐπίλυσις.
3335 2174 3589 2239 Demus
3644 2183 3898 2253 tamen,
3958 2178 4175 2259 ipsum
4230 2179 4311 2244 de
4368 2180 4469 2244 in-

2513 2257 2984 2338 terpretatione
3054 2256 3252 2340 loqui.
3364 2258 3581 2340 Quem
3646 2260 3849 2325 alium
3917 2282 4186 2327 sensum
4250 2263 4470 2331 elicias

2514 2341 2643 2406 nisi
2675 2341 2947 2406 minime
2980 2342 3339 2410 trahendas
3374 2345 3730 2429 scripturas
3767 2345 3851 2410 ad
3884 2347 4227 2430 proprium
4249 2350 4468 2417 cuius-

2512 2447 2637 2508 que
2682 2427 2993 2492 sensum?
3082 2428 3232 2494 Non
3277 2431 3457 2495 enim
3499 2431 3706 2496 alium
3749 2451 3891 2497 6886
3934 2431 4245 2497 idoneum
4290 2433 4467 2518 ipsa-

2510 2532 2661 2577 rum
2715 2513 3172 2596 interpretem,
3226 2515 3355 2581 nisi
3409 2515 3716 2600 spiritum
3759 2517 3889 2582 Dei
3931 2517 4044 2600 qui
4095 2538 4207 2584 eas
4261 2518 4467 2586 dicta-

2509 2597 2628 2661 vit.
2719 2596 2898 2678 Quid
2934 2597 3016 2663 ad
3052 2598 3215 2666 haec
3247 2600 3575 2685 Pighius?
3639 2602 3974 2685 Pergetne
4009 2602 4225 2670 adhuc
4261 2606 4466 2689 scrip-

2509 2689 2694 2748 turas
2738 2704 2972 2750 vocare
3015 2686 3364 2751 confusum
3415 2686 3900 2772 labyrinthum,
3947 2687 4184 2771 quibus
4222 2689 4468 2758 Petrus

2509 2767 2877 2834 claritatem
2922 2770 3178 2849 tribuit,
3225 2793 3389 2854 quae
3436 2794 3555 2837 nos
3599 2781 3774 2838 certo
3819 2795 4047 2858 regere
4092 2776 4323 2857 possit,
4380 2797 4466 2841 ne

2506 2853 2614 2918 vel
2676 2855 2745 2918 in
2805 2855 3329 2938 profundissimis
3394 2857 3627 2922 mundi
3689 2859 3979 2924 tenebris
4040 2861 4460 2927 aberremus?

2508 2940 2726 3022 Atque
2779 2947 2859 3004 ut
2911 2940 3136 3007 videas
3201 2944 3509 3027 spiritum
3566 2951 3867 3010 sanctum
3925 2945 4096 3009 nihil
4151 2945 4328 3011 aliud
4383 2947 4464 3013 de

2503 3024 2649 3108 lege
2692 3025 3087 3108 praedicare,
3140 3050 3337 3111 quam
3380 3029 3554 3111 quod
3598 3030 3670 3093 in
3715 3051 3784 3095 se
3828 3030 3991 3115 ipsis
4034 3033 4464 3113 experiuntur

2504 3110 2631 3193 ipsi
2675 3109 2919 3190 fideles,
2966 3112 3120 3177 audi
3164 3114 3356 3196 quale
3399 3114 3497 3178 illi
3542 3114 3859 3199 elogium,
3887 3117 3937 3201 ¹)
3997 3137 4079 3180 ex
4120 3116 4265 3199 ipso
4308 3118 4461 3183 fidei

2505 3215 2720 3276 sensu,
2765 3196 3017 3262 tribuat
3050 3198 3297 3264 David:
3337 3201 3660 3280 Lucerna,
3702 3201 3937 3283 inquit,
3982 3200 4260 3283 pedibus
4294 3205 4461 3268 meis

2503 3279 2783 3347 verbum
2840 3290 3057 3361 tuum,
3124 3292 3192 3348 et
3247 3284 3476 3349 lumen
3530 3286 3783 3351 semitis
3837 3287 4001 3351 meis
4070 3285 4272 3367 (Psal.
4317 3291 4457 3368 119,

2465 3363 2474 3372 ’
2512 3370 2683 3450 105).
2750 3366 2950 3432 Item:
2990 3368 3469 3434 Testimonium
3503 3370 3773 3436 Domini
3813 3370 4039 3450 fidele,
4070 3371 4459 3453 sapientiam

2502 3458 2846 3536 praestans
2910 3453 3203 3535 parvulis
3270 3453 3471 3536 (Psal.
3530 3459 3625 3534 19,
3678 3455 3766 3540 8).
3857 3456 3995 3521 Nec
4062 3454 4242 3520 aliud
4299 3476 4459 3521 sane

2504 3536 2688 3616 dicit,
2747 3558 2946 3620 quam
3002 3538 3174 3621 quod
3228 3540 3353 3623 piis
3407 3539 3710 3617 omnibus
3764 3540 4174 3605 familiariter
4226 3548 4460 3607 notum

2504 3643 2646 3688 esse
2690 3623 2897 3688 debet.
2986 3624 3169 3690 Hinc
3211 3625 3526 3709 colligant
3564 3625 3845 3692 lectores
3861 3677 3877 3706 ,
3935 3646 4133 3709 quam
4175 3627 4343 3692 bene
4387 3628 4460 3692 in

2503 3708 2676 3774 seria
2715 3709 3080 3793 scripturae
3122 3710 3563 3795 intelligentia
3596 3712 3993 3777 exercitatus
4038 3711 4126 3776 sit
4160 3712 4458 3797 Pighius,

2504 3795 2637 3858 imo
2692 3815 2882 3877 quem
2943 3796 3208 3861 omnino
3265 3799 3407 3862 eius
3462 3806 3729 3881 gustum
3782 3795 4050 3876 habeat:
4120 3798 4231 3880 qui
4299 3797 4458 3863 dum

2502 3900 2739 3945 nasum
2795 3901 3055 3946 cereum
3112 3902 3257 3947 esse
3306 3889 3527 3965 putat,
3582 3883 3656 3946 in
3711 3902 3939 3947 omnes
3992 3891 4214 3965 partes
4269 3884 4456 3948 flexi-

2502 3965 2667 4044 lem,
2715 3973 2859 4031 tuto
2900 3967 2972 4030 in
3016 3988 3095 4032 ea
3136 3969 3545 4051 acquiescere
3588 3989 3707 4034 nos
3750 3988 3941 4052 posse
3995 3976 4219 4051 negat:
4277 3967 4456 4033 ideo·

2504 4072 2630 4133 que
2673 4051 2758 4116 ad
2800 4051 3111 4119 ecclesiae
3154 4054 3607 4134 autoritatem,
3665 4055 3851 4119 velut
3902 4051 3987 4117 ad
4039 4074 4294 4119 sacram
4337 4073 4454 4117 an-

2505 4136 2793 4217 choram,
2838 4139 3191 4222 confugere
3233 4138 3430 4205 iubet.

2675 4222 2772 4288 Ut
2833 4231 3055 4289 tamen
3119 4246 3260 4290 rem
3323 4233 3531 4290 totam
3597 4224 3802 4290 semel
3865 4223 4238 4308 expediam:
4305 4223 4460 4306 quia

2505 4308 2628 4374 sibi
2685 4310 2958 4375 minime
3009 4309 3318 4395 expedire
3372 4311 3558 4377 videt
3608 4309 3920 4395 Pighius,
3986 4317 4062 4373 ut
4116 4330 4200 4373 ex
4256 4309 4456 4374 verbo

2505 4395 2637 4460 Dei
2679 4394 3025 4461 dirimatur
3065 4396 3228 4463 haec
3281 4396 3756 4475 controversia,
3812 4395 4204 4478 scripturam
4218 4446 4234 4473 ,
4293 4414 4457 4477 quae

2504 4481 2726 4564 impiis
2768 4491 2836 4547 et
2878 4481 3224 4548 malitiosis
3277 4482 3756 4548 haereticorum
3806 4481 4193 4547 commentis
4237 4478 4456 4546 subia-

2505 4574 2678 4646 ceat,
2737 4575 2806 4631 et
2862 4569 2933 4631 in
2976 4569 3198 4634 varios
3245 4574 3389 4646 [pag.
3429 4572 3537 4646 53]
3593 4586 3824 4632 seusus
3882 4566 4171 4649 torqueri
4225 4567 4454 4649 possit,

2506 4651 2772 4717 dubiam
2817 4661 2885 4717 et
2927 4653 3272 4719 obscuram
3313 4673 3454 4718 esse
3505 4651 3856 4718 contendit.
3946 4650 4178 4734 Itaque
4221 4651 4305 4717 ad
4349 4671 4453 4717 ec-

2504 4737 2739 4804 clesiae
2781 4737 3228 4803 definitionem
3264 4745 3444 4805 recta
3476 4759 3597 4803 nos
3631 4745 3919 4805 revocat:
3968 4757 4151 4820 quae,
4195 4745 4274 4803 ut
4306 4736 4453 4802 nul-

2504 4823 2586 4889 lis
2630 4823 2975 4890 calumniis
3016 4830 3118 4889 est
3159 4823 3460 4902 obnoxia,
3503 4824 3598 4888 ita
3635 4844 3754 4907 pro
3785 4844 3950 4890 vera
3982 4829 4049 4888 et
4082 4833 4265 4889 certa
4297 4821 4453 4886 fidei

2503 4908 2733 4993 regula
2776 4908 3080 4974 habenda
3122 4911 3225 4974 sit.
3316 4908 3537 4974 Velim
3582 4929 3760 4974 nunc
3812 4910 3976 4974 mihi
4028 4906 4449 4992 respondeat:

2502 5015 2698 5078 quam
2741 5014 2985 5060 novam
3026 4994 3302 5060 formam
3360 4994 3652 5060 induerit
3690 4994 3968 5060 verbum
4011 4993 4311 5071 Domini,
4366 5013 4452 5057 ex

2500 5101 2628 5164 quo
2691 5078 2890 5145 fidem
2939 5100 3023 5144 ex
3092 5080 3268 5146 illius
3323 5103 3465 5147 esse
3528 5076 3758 5147 auditu
3813 5079 4062 5146 Paulus
4118 5077 4452 5145 asserebat

2636 5269 2695 5333 1)
2734 5267 2860 5323 fidei
2898 5269 3157 5338 elogium,
3191 5269 3339 5339 quod
3371 5271 3432 5324 in
3468 5269 3552 5324 ed.
3582 5268 3838 5339 principe
3870 5267 4091 5336 legitur,
4125 5265 4319 5320 vitium
4352 5265 4447 5316 est.

3483 5437 3523 5457 l
