<?xml version="1.0" encoding="UTF-8"?>
<!DOCTYPE html PUBLIC "-//W3C//DTD XHTML 1.0 Transitional//EN"
    "http://www.w3.org/TR/xhtml1/DTD/xhtml1-transitional.dtd">
<html xmlns="http://www.w3.org/1999/xhtml" xml:lang="en" lang="en">
 <head>
  <title>
</title>
<meta http-equiv="Content-Type" content="text/html;charset=utf-8" />
  <meta name='ocr-system' content='tesseract 3.04.00' />
  <meta name='ocr-capabilities' content='ocr_page ocr_carea ocr_par ocr_line ocrx_word'/>
</head>
<body>
  <div class='ocr_page' id='page_1' title='image "./ioanniscalvinio02unkngoog_0171.png"; bbox 0 0 4967 5992; ppageno 0'>
   <div class='ocr_carea' id='block_1_1' title="bbox 415 338 538 402">
    <p class='ocr_par' dir='ltr' id='par_1_1' title="bbox 415 338 538 402">
     <span class='ocr_line' id='line_1_1' title="bbox 415 338 538 402; baseline 0 0"><span class='ocrx_word' id='word_1_1' title='bbox 415 338 538 402; x_wconf 83' lang='lat'><strong>265</strong></span> 
     </span>
    </p>
   </div>
   <div class='ocr_carea' id='block_1_2' title="bbox 365 524 2374 4980">
    <p class='ocr_par' dir='ltr' id='par_1_2' title="bbox 369 524 2374 3177">
     <span class='ocr_line' id='line_1_2' title="bbox 410 524 2374 609; baseline 0.001 -19"><span class='ocrx_word' id='word_1_2' title='bbox 410 545 582 604; x_wconf 88' lang='lat' dir='ltr'><strong>ram,</strong></span> <span class='ocrx_word' id='word_1_3' title='bbox 644 531 721 590; x_wconf 90' lang='lat' dir='ltr'><strong>ut</strong></span> <span class='ocrx_word' id='word_1_4' title='bbox 776 533 877 591; x_wconf 89' lang='lat' dir='ltr'><strong>est</strong></span> <span class='ocrx_word' id='word_1_5' title='bbox 929 531 1077 609; x_wconf 88' lang='lat' dir='ltr'><strong>post</strong></span> <span class='ocrx_word' id='word_1_6' title='bbox 1127 525 1393 608; x_wconf 86' lang='lat' dir='ltr'><strong>lapsum</strong></span> <span class='ocrx_word' id='word_1_7' title='bbox 1432 524 1664 592; x_wconf 83' lang='lat' dir='ltr'><strong>vitiata</strong></span> <span class='ocrx_word' id='word_1_8' title='bbox 1722 533 1791 589; x_wconf 92' lang='lat' dir='ltr'><strong>et</strong></span> <span class='ocrx_word' id='word_1_9' title='bbox 1843 532 2178 609; x_wconf 80' lang='lat' dir='ltr'><strong>corrupta,</strong></span> <span class='ocrx_word' id='word_1_10' title='bbox 2238 548 2374 592; x_wconf 92' lang='lat' dir='ltr'><strong>non</strong></span> 
     </span>
     <span class='ocr_line' id='line_1_3' title="bbox 410 609 2371 695; baseline 0 -19"><span class='ocrx_word' id='word_1_11' title='bbox 410 632 493 676; x_wconf 88' lang='lat' dir='ltr'><strong>ex</strong></span> <span class='ocrx_word' id='word_1_12' title='bbox 538 631 610 675; x_wconf 90' lang='lat' dir='ltr'><strong>se</strong></span> <span class='ocrx_word' id='word_1_13' title='bbox 653 611 795 695; x_wconf 86' lang='lat' dir='ltr'><strong>ipso</strong></span> <span class='ocrx_word' id='word_1_14' title='bbox 841 609 1115 676; x_wconf 89' lang='lat' dir='ltr'><strong>damnat</strong></span> <span class='ocrx_word' id='word_1_15' title='bbox 1156 610 1531 689; x_wconf 89' lang='lat' dir='ltr'><strong>Lutherus,</strong></span> <span class='ocrx_word' id='word_1_16' title='bbox 1573 610 1690 676; x_wconf 90' lang='lat' dir='ltr'><strong>sed</strong></span> <span class='ocrx_word' id='word_1_17' title='bbox 1733 610 2087 693; x_wconf 75' lang='lat' dir='ltr'><strong>acquiescit</strong></span> <span class='ocrx_word' id='word_1_18' title='bbox 2128 613 2198 677; x_wconf 91' lang='lat' dir='ltr'><strong>in</strong></span> <span class='ocrx_word' id='word_1_19' title='bbox 2240 611 2371 677; x_wconf 91' lang='lat' dir='ltr'><strong>Dei</strong></span> 
     </span>
     <span class='ocr_line' id='line_1_4' title="bbox 410 695 2373 780; baseline 0.001 -19"><span class='ocrx_word' id='word_1_20' title='bbox 410 696 644 780; x_wconf 91' lang='lat' dir='ltr'><strong>optimi</strong></span> <span class='ocrx_word' id='word_1_21' title='bbox 688 703 757 762; x_wconf 91' lang='lat' dir='ltr'><strong>et</strong></span> <span class='ocrx_word' id='word_1_22' title='bbox 798 696 1043 762; x_wconf 90' lang='lat' dir='ltr'><strong>summi</strong></span> <span class='ocrx_word' id='word_1_23' title='bbox 1102 703 1247 776; x_wconf 79' lang='lat' dir='ltr'><strong>[pag.</strong></span> <span class='ocrx_word' id='word_1_24' title='bbox 1285 699 1394 775; x_wconf 82' lang='lat'><strong>45]</strong></span> <span class='ocrx_word' id='word_1_25' title='bbox 1450 695 1686 761; x_wconf 86' lang='lat' dir='ltr'><strong>iudicis</strong></span> <span class='ocrx_word' id='word_1_26' title='bbox 1741 697 2103 776; x_wconf 89' lang='lat' dir='ltr'><strong>sententia,</strong></span> <span class='ocrx_word' id='word_1_27' title='bbox 2159 718 2200 761; x_wconf 91' lang='lat' dir='ltr'><strong>a</strong></span> <span class='ocrx_word' id='word_1_28' title='bbox 2242 717 2373 779; x_wconf 88' lang='lat' dir='ltr'><strong>qua</strong></span> 
     </span>
     <span class='ocr_line' id='line_1_5' title="bbox 407 781 2369 866; baseline -0.001 -18"><span class='ocrx_word' id='word_1_29' title='bbox 407 802 771 866; x_wconf 86' lang='lat' dir='ltr'><strong>provocare</strong></span> <span class='ocrx_word' id='word_1_30' title='bbox 827 783 1011 847; x_wconf 82' lang='lat' dir='ltr'><strong>nefas</strong></span> <span class='ocrx_word' id='word_1_31' title='bbox 1066 789 1183 848; x_wconf 87' lang='lat' dir='ltr'><strong>est.</strong></span> <span class='ocrx_word' id='word_1_32' title='bbox 1274 781 1441 863; x_wconf 78' lang='lat' dir='ltr'><strong>Quis</strong></span> <span class='ocrx_word' id='word_1_33' title='bbox 1494 783 1672 848; x_wconf 90' lang='lat' dir='ltr'><strong>enim</strong></span> <span class='ocrx_word' id='word_1_34' title='bbox 1727 781 1891 847; x_wconf 88' lang='lat' dir='ltr'><strong>haec</strong></span> <span class='ocrx_word' id='word_1_35' title='bbox 1942 783 2165 847; x_wconf 90' lang='lat' dir='ltr'><strong>omnia</strong></span> <span class='ocrx_word' id='word_1_36' title='bbox 2217 804 2369 866; x_wconf 88' lang='lat' dir='ltr'><strong>pro·</strong></span> 
     </span>
     <span class='ocr_line' id='line_1_6' title="bbox 408 865 2368 952; baseline 0.001 -20"><span class='ocrx_word' id='word_1_37' title='bbox 408 867 793 936; x_wconf 73' lang='lat' dir='ltr'><strong>nunciavit?</strong></span> <span class='ocrx_word' id='word_1_38' title='bbox 884 866 1103 934; x_wconf 92' lang='lat' dir='ltr'><strong>Omne</strong></span> <span class='ocrx_word' id='word_1_39' title='bbox 1158 869 1551 952; x_wconf 88' lang='lat' dir='ltr'><strong>figmentum</strong></span> <span class='ocrx_word' id='word_1_40' title='bbox 1610 865 1825 933; x_wconf 90' lang='lat' dir='ltr'><strong>cordis</strong></span> <span class='ocrx_word' id='word_1_41' title='bbox 1888 866 2165 933; x_wconf 90' lang='lat' dir='ltr'><strong>humani</strong></span> <span class='ocrx_word' id='word_1_42' title='bbox 2221 877 2368 934; x_wconf 85' lang='lat' dir='ltr'><strong>tan-</strong></span> 
     </span>
     <span class='ocr_line' id='line_1_7' title="bbox 407 951 2368 1039; baseline 0 -22"><span class='ocrx_word' id='word_1_43' title='bbox 407 959 554 1018; x_wconf 86' lang='lat' dir='ltr'><strong>tum</strong></span> <span class='ocrx_word' id='word_1_44' title='bbox 596 952 790 1019; x_wconf 90' lang='lat' dir='ltr'><strong>modo</strong></span> <span class='ocrx_word' id='word_1_45' title='bbox 833 953 1085 1019; x_wconf 86' lang='lat' dir='ltr'><strong>malum</strong></span> <span class='ocrx_word' id='word_1_46' title='bbox 1127 961 1230 1019; x_wconf 90' lang='lat' dir='ltr'><strong>est</strong></span> <span class='ocrx_word' id='word_1_47' title='bbox 1272 973 1312 1017; x_wconf 90' lang='lat' dir='ltr'><strong>a</strong></span> <span class='ocrx_word' id='word_1_48' title='bbox 1353 953 1638 1039; x_wconf 90' lang='lat' dir='ltr'><strong>pueritia</strong></span> <span class='ocrx_word' id='word_1_49' title='bbox 1680 951 1881 1037; x_wconf 79' lang='lat' dir='ltr'><strong>(Gen.</strong></span> <span class='ocrx_word' id='word_1_50' title='bbox 1924 956 1982 1032; x_wconf 79' lang='lat'><strong>6,</strong></span> <span class='ocrx_word' id='word_1_51' title='bbox 2024 952 2112 1038; x_wconf 83' lang='lat'><strong>5).</strong></span> <span class='ocrx_word' id='word_1_52' title='bbox 2200 953 2368 1018; x_wconf 89' lang='lat' dir='ltr'><strong>Per-</strong></span> 
     </span>
     <span class='ocr_line' id='line_1_8' title="bbox 407 1038 2368 1122; baseline -0.001 -16"><span class='ocrx_word' id='word_1_53' title='bbox 407 1061 675 1106; x_wconf 79' lang='lat' dir='ltr'><strong>versum</strong></span> <span class='ocrx_word' id='word_1_54' title='bbox 719 1045 823 1105; x_wconf 89' lang='lat' dir='ltr'><strong>est</strong></span> <span class='ocrx_word' id='word_1_55' title='bbox 879 1060 991 1106; x_wconf 93' lang='lat' dir='ltr'><strong>cor</strong></span> <span class='ocrx_word' id='word_1_56' title='bbox 1033 1039 1349 1118; x_wconf 86' lang='lat' dir='ltr'><strong>hominis,</strong></span> <span class='ocrx_word' id='word_1_57' title='bbox 1402 1057 1561 1122; x_wconf 89' lang='lat' dir='ltr'><strong>prae</strong></span> <span class='ocrx_word' id='word_1_58' title='bbox 1605 1038 1783 1103; x_wconf 91' lang='lat' dir='ltr'><strong>omni</strong></span> <span class='ocrx_word' id='word_1_59' title='bbox 1825 1059 1927 1116; x_wconf 91' lang='lat' dir='ltr'><strong>re,</strong></span> <span class='ocrx_word' id='word_1_60' title='bbox 1985 1044 2054 1103; x_wconf 90' lang='lat' dir='ltr'><strong>et</strong></span> <span class='ocrx_word' id='word_1_61' title='bbox 2092 1038 2368 1104; x_wconf 85' lang='lat' dir='ltr'><strong>fraudu-</strong></span> 
     </span>
     <span class='ocr_line' id='line_1_9' title="bbox 405 1122 2365 1210; baseline -0.001 -21"><span class='ocrx_word' id='word_1_62' title='bbox 405 1124 664 1191; x_wconf 86' lang='lat' dir='ltr'><strong>lentum</strong></span> <span class='ocrx_word' id='word_1_63' title='bbox 731 1124 886 1209; x_wconf 90' lang='lat' dir='ltr'><strong>(Ier.</strong></span> <span class='ocrx_word' id='word_1_64' title='bbox 931 1129 1027 1204; x_wconf 87' lang='grc'><strong>17,</strong></span> <span class='ocrx_word' id='word_1_65' title='bbox 1068 1124 1156 1210; x_wconf 91' lang='grc'><strong>9).</strong></span> <span class='ocrx_word' id='word_1_66' title='bbox 1259 1122 1512 1190; x_wconf 90' lang='lat' dir='ltr'><strong>Omnes</strong></span> <span class='ocrx_word' id='word_1_67' title='bbox 1575 1122 2101 1203; x_wconf 86' lang='lat' dir='ltr'><strong>declinaverunt,</strong></span> <span class='ocrx_word' id='word_1_68' title='bbox 2167 1124 2365 1189; x_wconf 89' lang='lat' dir='ltr'><strong>simul</strong></span> 
     </span>
     <span class='ocr_line' id='line_1_10' title="bbox 406 1208 2367 1291; baseline 0 -16"><span class='ocrx_word' id='word_1_69' title='bbox 406 1210 678 1276; x_wconf 91' lang='lat' dir='ltr'><strong>inutiles</strong></span> <span class='ocrx_word' id='word_1_70' title='bbox 733 1210 890 1277; x_wconf 85' lang='lat' dir='ltr'><strong>facti</strong></span> <span class='ocrx_word' id='word_1_71' title='bbox 949 1217 1136 1290; x_wconf 90' lang='lat' dir='ltr'><strong>sunt,</strong></span> <span class='ocrx_word' id='word_1_72' title='bbox 1193 1230 1327 1274; x_wconf 89' lang='lat' dir='ltr'><strong>non</strong></span> <span class='ocrx_word' id='word_1_73' title='bbox 1382 1215 1484 1275; x_wconf 88' lang='lat' dir='ltr'><strong>est</strong></span> <span class='ocrx_word' id='word_1_74' title='bbox 1536 1209 1650 1291; x_wconf 91' lang='lat' dir='ltr'><strong>qui</strong></span> <span class='ocrx_word' id='word_1_75' title='bbox 1702 1209 1898 1275; x_wconf 85' lang='lat' dir='ltr'><strong>faciat</strong></span> <span class='ocrx_word' id='word_1_76' title='bbox 1945 1208 2224 1288; x_wconf 91' lang='lat' dir='ltr'><strong>bonum,</strong></span> <span class='ocrx_word' id='word_1_77' title='bbox 2280 1230 2367 1275; x_wconf 91' lang='lat' dir='ltr'><strong>ne</strong></span> 
     </span>
     <span class='ocr_line' id='line_1_11' title="bbox 406 1294 2365 1380; baseline -0.001 -18"><span class='ocrx_word' id='word_1_78' title='bbox 406 1318 583 1362; x_wconf 91' lang='lat' dir='ltr'><strong>unus</strong></span> <span class='ocrx_word' id='word_1_79' title='bbox 650 1296 918 1380; x_wconf 89' lang='lat' dir='ltr'><strong>quidem</strong></span> <span class='ocrx_word' id='word_1_80' title='bbox 984 1295 1188 1380; x_wconf 87' lang='lat' dir='ltr'><strong>(Psal.</strong></span> <span class='ocrx_word' id='word_1_81' title='bbox 1233 1300 1329 1374; x_wconf 87' lang='lat'><strong>14,</strong></span> <span class='ocrx_word' id='word_1_82' title='bbox 1382 1300 1418 1358; x_wconf 89' lang='lat'><strong>3</strong></span> <span class='ocrx_word' id='word_1_83' title='bbox 1430 1318 1449 1375; x_wconf 88' lang='lat'>;</span> <span class='ocrx_word' id='word_1_84' title='bbox 1498 1294 1692 1359; x_wconf 90' lang='lat' dir='ltr'><strong>Rom.</strong></span> <span class='ocrx_word' id='word_1_85' title='bbox 1745 1299 1802 1374; x_wconf 90' lang='lat'><strong>3,</strong></span> <span class='ocrx_word' id='word_1_86' title='bbox 1847 1295 1975 1378; x_wconf 87' lang='grc'><strong>12).</strong></span> <span class='ocrx_word' id='word_1_87' title='bbox 2063 1295 2365 1361; x_wconf 84' lang='lat' dir='ltr'><strong>Affectus</strong></span> 
     </span>
     <span class='ocr_line' id='line_1_12' title="bbox 405 1379 2368 1464; baseline -0.001 -18"><span class='ocrx_word' id='word_1_88' title='bbox 405 1382 625 1448; x_wconf 81' lang='lat' dir='ltr'><strong>carnis</strong></span> <span class='ocrx_word' id='word_1_89' title='bbox 670 1382 1017 1447; x_wconf 77' lang='lat' dir='ltr'><strong>inimicitia</strong></span> <span class='ocrx_word' id='word_1_90' title='bbox 1062 1391 1166 1446; x_wconf 89' lang='lat' dir='ltr'><strong>est</strong></span> <span class='ocrx_word' id='word_1_91' title='bbox 1208 1379 1526 1446; x_wconf 86' lang='lat' dir='ltr'><strong>adversus</strong></span> <span class='ocrx_word' id='word_1_92' title='bbox 1573 1380 1793 1445; x_wconf 91' lang='lat' dir='ltr'><strong>Deum</strong></span> <span class='ocrx_word' id='word_1_93' title='bbox 1803 1404 1823 1460; x_wconf 80' lang='lat'>3</span> <span class='ocrx_word' id='word_1_94' title='bbox 1882 1379 2015 1464; x_wconf 85' lang='lat' dir='ltr'><strong>legi</strong></span> <span class='ocrx_word' id='word_1_95' title='bbox 2054 1380 2187 1446; x_wconf 91' lang='lat' dir='ltr'><strong>Dei</strong></span> <span class='ocrx_word' id='word_1_96' title='bbox 2230 1401 2368 1446; x_wconf 90' lang='lat' dir='ltr'><strong>non</strong></span> 
     </span>
     <span class='ocr_line' id='line_1_13' title="bbox 369 1465 2365 1551; baseline -0.001 -18"><span class='ocrx_word' id='word_1_97' title='bbox 369 1522 373 1526; x_wconf 95' lang='lat'><em>.</em></span> <span class='ocrx_word' id='word_1_98' title='bbox 405 1466 770 1547; x_wconf 88' lang='lat' dir='ltr'><strong>subiicitur,</strong></span> <span class='ocrx_word' id='word_1_99' title='bbox 817 1487 1032 1550; x_wconf 91' lang='lat' dir='ltr'><strong>neque</strong></span> <span class='ocrx_word' id='word_1_100' title='bbox 1077 1467 1278 1532; x_wconf 89' lang='lat' dir='ltr'><strong>etiam</strong></span> <span class='ocrx_word' id='word_1_101' title='bbox 1321 1473 1539 1549; x_wconf 90' lang='lat' dir='ltr'><strong>potest</strong></span> <span class='ocrx_word' id='word_1_102' title='bbox 1583 1465 1806 1551; x_wconf 88' lang='lat' dir='ltr'><strong>(Rom.</strong></span> <span class='ocrx_word' id='word_1_103' title='bbox 1848 1469 1908 1546; x_wconf 88' lang='grc'><strong>8,</strong></span> <span class='ocrx_word' id='word_1_104' title='bbox 1950 1465 2038 1551; x_wconf 89' lang='grc'><strong>7).</strong></span> <span class='ocrx_word' id='word_1_105' title='bbox 2095 1467 2191 1531; x_wconf 87' lang='lat' dir='ltr'><strong>Et</strong></span> <span class='ocrx_word' id='word_1_106' title='bbox 2233 1465 2365 1531; x_wconf 89' lang='lat' dir='ltr'><strong>alia</strong></span> 
     </span>
     <span class='ocr_line' id='line_1_14' title="bbox 401 1551 2365 1636; baseline -0.002 -17"><span class='ocrx_word' id='word_1_107' title='bbox 401 1555 770 1619; x_wconf 88' lang='lat' dir='ltr'><strong>innumera.</strong></span> <span class='ocrx_word' id='word_1_108' title='bbox 860 1554 995 1619; x_wconf 84' lang='lat' dir='ltr'><strong>Eat</strong></span> <span class='ocrx_word' id='word_1_109' title='bbox 1053 1573 1233 1619; x_wconf 90' lang='lat' dir='ltr'><strong>nunc</strong></span> <span class='ocrx_word' id='word_1_110' title='bbox 1275 1551 1591 1636; x_wconf 80' lang='lat' dir='ltr'><strong>Pighius,</strong></span> <span class='ocrx_word' id='word_1_111' title='bbox 1650 1558 1717 1616; x_wconf 93' lang='lat' dir='ltr'><strong>et</strong></span> <span class='ocrx_word' id='word_1_112' title='bbox 1755 1558 1854 1616; x_wconf 90' lang='lat' dir='ltr'><strong>tot</strong></span> <span class='ocrx_word' id='word_1_113' title='bbox 1900 1558 2170 1634; x_wconf 87' lang='lat' dir='ltr'><strong>tamque</strong></span> <span class='ocrx_word' id='word_1_114' title='bbox 2213 1572 2365 1636; x_wconf 87' lang='lat' dir='ltr'><strong>gra-</strong></span> 
     </span>
     <span class='ocr_line' id='line_1_15' title="bbox 400 1636 2365 1718; baseline -0.002 -12"><span class='ocrx_word' id='word_1_115' title='bbox 400 1640 515 1706; x_wconf 81' lang='lat' dir='ltr'><strong>via</strong></span> <span class='ocrx_word' id='word_1_116' title='bbox 571 1639 700 1704; x_wconf 92' lang='lat' dir='ltr'><strong>Dei</strong></span> <span class='ocrx_word' id='word_1_117' title='bbox 753 1638 995 1705; x_wconf 91' lang='lat' dir='ltr'><strong>iudicia</strong></span> <span class='ocrx_word' id='word_1_118' title='bbox 1044 1659 1175 1704; x_wconf 91' lang='lat' dir='ltr'><strong>uno</strong></span> <span class='ocrx_word' id='word_1_119' title='bbox 1241 1637 1534 1704; x_wconf 83' lang='lat' dir='ltr'><strong>convicio</strong></span> <span class='ocrx_word' id='word_1_120' title='bbox 1596 1643 1924 1702; x_wconf 85' lang='lat' dir='ltr'><strong>retractet.</strong></span> <span class='ocrx_word' id='word_1_121' title='bbox 2017 1636 2365 1718; x_wconf 78' lang='lat' dir='ltr'><strong>Quantum</strong></span> 
     </span>
     <span class='ocr_line' id='line_1_16' title="bbox 401 1722 2364 1807; baseline -0.003 -15"><span class='ocrx_word' id='word_1_122' title='bbox 401 1724 490 1792; x_wconf 88' lang='lat' dir='ltr'><strong>ad</strong></span> <span class='ocrx_word' id='word_1_123' title='bbox 524 1731 786 1792; x_wconf 87' lang='lat' dir='ltr'><strong>sanctos</strong></span> <span class='ocrx_word' id='word_1_124' title='bbox 818 1724 1126 1807; x_wconf 83' lang='lat' dir='ltr'><strong>pertinet,</strong></span> <span class='ocrx_word' id='word_1_125' title='bbox 1170 1742 1308 1788; x_wconf 93' lang='lat' dir='ltr'><strong>non</strong></span> <span class='ocrx_word' id='word_1_126' title='bbox 1344 1723 1617 1789; x_wconf 88' lang='lat' dir='ltr'><strong>dubium</strong></span> <span class='ocrx_word' id='word_1_127' title='bbox 1691 1723 1812 1788; x_wconf 91' lang='lat' dir='ltr'><strong>uin</strong></span> <span class='ocrx_word' id='word_1_128' title='bbox 1846 1722 2117 1806; x_wconf 87' lang='lat' dir='ltr'><strong>spiritus</strong></span> <span class='ocrx_word' id='word_1_129' title='bbox 2151 1723 2364 1788; x_wconf 87' lang='lat' dir='ltr'><strong>sancti</strong></span> 
     </span>
     <span class='ocr_line' id='line_1_17' title="bbox 398 1809 2364 1897; baseline -0.002 -21"><span class='ocrx_word' id='word_1_130' title='bbox 398 1812 656 1897; x_wconf 88' lang='lat' dir='ltr'><strong>gratiae</strong></span> <span class='ocrx_word' id='word_1_131' title='bbox 698 1811 985 1889; x_wconf 85' lang='lat' dir='ltr'><strong>resistat,</strong></span> <span class='ocrx_word' id='word_1_132' title='bbox 1033 1809 1210 1893; x_wconf 91' lang='lat' dir='ltr'><strong>quod</strong></span> <span class='ocrx_word' id='word_1_133' title='bbox 1249 1809 1324 1874; x_wconf 91' lang='lat' dir='ltr'><strong>in</strong></span> <span class='ocrx_word' id='word_1_134' title='bbox 1362 1809 1494 1874; x_wconf 89' lang='lat' dir='ltr'><strong>illis</strong></span> <span class='ocrx_word' id='word_1_135' title='bbox 1535 1809 1666 1875; x_wconf 88' lang='lat' dir='ltr'><strong>resi</strong></span> <span class='ocrx_word' id='word_1_136' title='bbox 1709 1829 1871 1873; x_wconf 88' lang='lat' dir='ltr'><strong>uum</strong></span> <span class='ocrx_word' id='word_1_137' title='bbox 1916 1814 2018 1875; x_wconf 88' lang='lat' dir='ltr'><strong>est</strong></span> <span class='ocrx_word' id='word_1_138' title='bbox 2056 1810 2364 1892; x_wconf 87' lang='lat' dir='ltr'><strong>propriae</strong></span> 
     </span>
     <span class='ocr_line' id='line_1_18' title="bbox 396 1894 2362 1980; baseline -0.002 -18"><span class='ocrx_word' id='word_1_139' title='bbox 396 1904 699 1962; x_wconf 85' lang='lat' dir='ltr'><strong>nat-urae.</strong></span> <span class='ocrx_word' id='word_1_140' title='bbox 787 1896 1017 1980; x_wconf 86' lang='lat' dir='ltr'><strong>Neque</strong></span> <span class='ocrx_word' id='word_1_141' title='bbox 1070 1895 1252 1961; x_wconf 91' lang='lat' dir='ltr'><strong>enim</strong></span> <span class='ocrx_word' id='word_1_142' title='bbox 1305 1894 1699 1960; x_wconf 87' lang='lat' dir='ltr'><strong>humilitatis</strong></span> <span class='ocrx_word' id='word_1_143' title='bbox 1742 1894 1959 1979; x_wconf 88' lang='lat' dir='ltr'><strong>gratia</strong></span> <span class='ocrx_word' id='word_1_144' title='bbox 2001 1894 2362 1960; x_wconf 90' lang='lat' dir='ltr'><strong>mentieba-</strong></span> 
     </span>
     <span class='ocr_line' id='line_1_19' title="bbox 396 1978 2361 2064; baseline -0.002 -15"><span class='ocrx_word' id='word_1_145' title='bbox 396 1992 517 2048; x_wconf 88' lang='lat' dir='ltr'><strong>tur</strong></span> <span class='ocrx_word' id='word_1_146' title='bbox 558 1982 809 2048; x_wconf 90' lang='lat' dir='ltr'><strong>Paulus</strong></span> <span class='ocrx_word' id='word_1_147' title='bbox 823 2033 838 2064; x_wconf 91' lang='lat'>‚</span> <span class='ocrx_word' id='word_1_148' title='bbox 897 1980 1057 2047; x_wconf 89' lang='lat' dir='ltr'><strong>dum</strong></span> <span class='ocrx_word' id='word_1_149' title='bbox 1112 1978 1550 2047; x_wconf 89' lang='lat' dir='ltr'><strong>confitebatur</strong></span> <span class='ocrx_word' id='word_1_150' title='bbox 1603 1998 1736 2044; x_wconf 92' lang='lat' dir='ltr'><strong>non</strong></span> <span class='ocrx_word' id='word_1_151' title='bbox 1788 1978 2085 2046; x_wconf 87' lang='lat' dir='ltr'><strong>habitare</strong></span> <span class='ocrx_word' id='word_1_152' title='bbox 2140 1979 2215 2044; x_wconf 93' lang='lat' dir='ltr'><strong>in</strong></span> <span class='ocrx_word' id='word_1_153' title='bbox 2270 2000 2361 2058; x_wconf 86' lang='lat' dir='ltr'><strong>se,</strong></span> 
     </span>
     <span class='ocr_line' id='line_1_20' title="bbox 395 2062 2364 2150; baseline -0.002 -16"><span class='ocrx_word' id='word_1_154' title='bbox 395 2068 528 2135; x_wconf 89' lang='lat' dir='ltr'><strong>hoc</strong></span> <span class='ocrx_word' id='word_1_155' title='bbox 564 2074 667 2134; x_wconf 91' lang='lat' dir='ltr'><strong>est</strong></span> <span class='ocrx_word' id='word_1_156' title='bbox 699 2070 770 2132; x_wconf 89' lang='lat' dir='ltr'><strong>in</strong></span> <span class='ocrx_word' id='word_1_157' title='bbox 805 2088 1004 2134; x_wconf 87' lang='lat' dir='ltr'><strong>earne</strong></span> <span class='ocrx_word' id='word_1_158' title='bbox 1038 2087 1177 2144; x_wconf 88' lang='lat' dir='ltr'><strong>sua,</strong></span> <span class='ocrx_word' id='word_1_159' title='bbox 1222 2067 1469 2131; x_wconf 89' lang='lat' dir='ltr'><strong>bonum</strong></span> <span class='ocrx_word' id='word_1_160' title='bbox 1510 2065 1731 2149; x_wconf 87' lang='lat' dir='ltr'><strong>(Rom.</strong></span> <span class='ocrx_word' id='word_1_161' title='bbox 1774 2068 1832 2145; x_wconf 91' lang='lat'><strong>7,</strong></span> <span class='ocrx_word' id='word_1_162' title='bbox 1874 2065 2014 2150; x_wconf 84' lang='lat'><strong>18):</strong></span> <span class='ocrx_word' id='word_1_163' title='bbox 2060 2062 2176 2131; x_wconf 91' lang='lat' dir='ltr'><strong>sed</strong></span> <span class='ocrx_word' id='word_1_164' title='bbox 2211 2086 2364 2131; x_wconf 89' lang='lat' dir='ltr'><strong>cum</strong></span> 
     </span>
     <span class='ocr_line' id='line_1_21' title="bbox 392 2149 2361 2239; baseline -0.002 -19"><span class='ocrx_word' id='word_1_165' title='bbox 392 2155 654 2239; x_wconf 87' lang='lat' dir='ltr'><strong>gemitu</strong></span> <span class='ocrx_word' id='word_1_166' title='bbox 709 2175 844 2219; x_wconf 91' lang='lat' dir='ltr'><strong>non</strong></span> <span class='ocrx_word' id='word_1_167' title='bbox 898 2155 1050 2219; x_wconf 88' lang='lat' dir='ltr'><strong>ficto</strong></span> <span class='ocrx_word' id='word_1_168' title='bbox 1103 2151 1440 2222; x_wconf 88' lang='lat' dir='ltr'><strong>miseriam</strong></span> <span class='ocrx_word' id='word_1_169' title='bbox 1493 2171 1679 2215; x_wconf 89' lang='lat' dir='ltr'><strong>suam</strong></span> <span class='ocrx_word' id='word_1_170' title='bbox 1727 2149 2122 2234; x_wconf 80' lang='lat' dir='ltr'><strong>deplorabat.</strong></span> <span class='ocrx_word' id='word_1_171' title='bbox 2212 2149 2361 2216; x_wconf 88' lang='lat' dir='ltr'><strong>Illic</strong></span> 
     </span>
     <span class='ocr_line' id='line_1_22' title="bbox 392 2234 2364 2337; baseline -0.003 -32"><span class='ocrx_word' id='word_1_172' title='bbox 392 2247 615 2306; x_wconf 88' lang='lat' dir='ltr'><strong>totum</strong></span> <span class='ocrx_word' id='word_1_173' title='bbox 674 2240 890 2305; x_wconf 88' lang='lat' dir='ltr'><strong>carnis</strong></span> <span class='ocrx_word' id='word_1_174' title='bbox 942 2237 1288 2337; x_wconf 77' lang='lat' dir='ltr'><strong>ingenium</strong></span> <span class='ocrx_word' id='word_1_175' title='bbox 1340 2236 1689 2320; x_wconf 84' lang='lat' dir='ltr'><strong>pravitatis</strong></span> <span class='ocrx_word' id='word_1_176' title='bbox 1742 2234 2040 2301; x_wconf 86' lang='lat' dir='ltr'><strong>damnat:</strong></span> <span class='ocrx_word' id='word_1_177' title='bbox 2095 2256 2364 2302; x_wconf 89' lang='lat' dir='ltr'><strong>carnem</strong></span> 
     </span>
     <span class='ocr_line' id='line_1_23' title="bbox 391 2320 2361 2406; baseline -0.003 -14"><span class='ocrx_word' id='word_1_178' title='bbox 391 2345 561 2393; x_wconf 80' lang='lat' dir='ltr'><strong>vero</strong></span> <span class='ocrx_word' id='word_1_179' title='bbox 607 2325 869 2403; x_wconf 88' lang='lat' dir='ltr'><strong>definit,</strong></span> <span class='ocrx_word' id='word_1_180' title='bbox 927 2322 1244 2406; x_wconf 83' lang='lat' dir='ltr'><strong>quidquid</strong></span> <span class='ocrx_word' id='word_1_181' title='bbox 1288 2341 1328 2386; x_wconf 90' lang='lat' dir='ltr'><strong>a</strong></span> <span class='ocrx_word' id='word_1_182' title='bbox 1370 2342 1440 2388; x_wconf 90' lang='lat' dir='ltr'><strong>se</strong></span> <span class='ocrx_word' id='word_1_183' title='bbox 1481 2322 1625 2405; x_wconf 90' lang='lat' dir='ltr'><strong>ipso</strong></span> <span class='ocrx_word' id='word_1_184' title='bbox 1669 2320 1883 2385; x_wconf 86' lang='lat' dir='ltr'><strong>habet.</strong></span> <span class='ocrx_word' id='word_1_185' title='bbox 1974 2321 2159 2386; x_wconf 89' lang='lat' dir='ltr'><strong>Dum</strong></span> <span class='ocrx_word' id='word_1_186' title='bbox 2203 2341 2361 2405; x_wconf 90' lang='lat' dir='ltr'><strong>ergo</strong></span> 
     </span>
     <span class='ocr_line' id='line_1_24' title="bbox 388 2406 2362 2492; baseline -0.003 -16"><span class='ocrx_word' id='word_1_187' title='bbox 388 2412 620 2477; x_wconf 85' lang='lat' dir='ltr'><strong>carnis</strong></span> <span class='ocrx_word' id='word_1_188' title='bbox 664 2430 822 2476; x_wconf 90' lang='lat' dir='ltr'><strong>suae</strong></span> <span class='ocrx_word' id='word_1_189' title='bbox 865 2408 1176 2492; x_wconf 81' lang='lat' dir='ltr'><strong>reliquias</strong></span> <span class='ocrx_word' id='word_1_190' title='bbox 1219 2407 1527 2473; x_wconf 88' lang='lat' dir='ltr'><strong>resistere</strong></span> <span class='ocrx_word' id='word_1_191' title='bbox 1570 2406 1699 2471; x_wconf 90' lang='lat' dir='ltr'><strong>Dei</strong></span> <span class='ocrx_word' id='word_1_192' title='bbox 1743 2407 2033 2473; x_wconf 86' lang='lat' dir='ltr'><strong>iustitiae</strong></span> <span class='ocrx_word' id='word_1_193' title='bbox 2077 2427 2362 2490; x_wconf 90' lang='lat' dir='ltr'><strong>conque-</strong></span> 
     </span>
     <span class='ocr_line' id='line_1_25' title="bbox 385 2491 2359 2578; baseline -0.003 -16"><span class='ocrx_word' id='word_1_194' title='bbox 385 2497 601 2575; x_wconf 85' lang='lat' dir='ltr'><strong>ritur,</strong></span> <span class='ocrx_word' id='word_1_195' title='bbox 658 2496 816 2578; x_wconf 87' lang='lat' dir='ltr'><strong>quid</strong></span> <span class='ocrx_word' id='word_1_196' title='bbox 862 2493 1084 2560; x_wconf 86' lang='lat' dir='ltr'><strong>differt</strong></span> <span class='ocrx_word' id='word_1_197' title='bbox 1126 2513 1167 2558; x_wconf 88' lang='lat' dir='ltr'><strong>a</strong></span> <span class='ocrx_word' id='word_1_198' title='bbox 1208 2491 1555 2574; x_wconf 84' lang='lat' dir='ltr'><strong>Luthero?</strong></span> <span class='ocrx_word' id='word_1_199' title='bbox 1612 2492 1742 2557; x_wconf 91' lang='lat' dir='ltr'><strong>nisi</strong></span> <span class='ocrx_word' id='word_1_200' title='bbox 1797 2492 1972 2575; x_wconf 90' lang='lat' dir='ltr'><strong>quod</strong></span> <span class='ocrx_word' id='word_1_201' title='bbox 2015 2513 2157 2557; x_wconf 89' lang='lat' dir='ltr'><strong>rem</strong></span> <span class='ocrx_word' id='word_1_202' title='bbox 2202 2512 2359 2557; x_wconf 90' lang='lat' dir='ltr'><strong>ean·</strong></span> 
     </span>
     <span class='ocr_line' id='line_1_26' title="bbox 388 2577 2360 2664; baseline -0.002 -17"><span class='ocrx_word' id='word_1_203' title='bbox 388 2581 553 2648; x_wconf 81' lang='lat' dir='ltr'><strong>dem</strong></span> <span class='ocrx_word' id='word_1_204' title='bbox 599 2602 733 2646; x_wconf 92' lang='lat' dir='ltr'><strong>non</strong></span> <span class='ocrx_word' id='word_1_205' title='bbox 788 2580 1062 2645; x_wconf 90' lang='lat' dir='ltr'><strong>totidem</strong></span> <span class='ocrx_word' id='word_1_206' title='bbox 1118 2577 1390 2664; x_wconf 79' lang='lat' dir='ltr'><strong>syllabis</strong></span> <span class='ocrx_word' id='word_1_207' title='bbox 1447 2577 1774 2661; x_wconf 84' lang='lat' dir='ltr'><strong>exprimit.</strong></span> <span class='ocrx_word' id='word_1_208' title='bbox 1864 2579 2246 2643; x_wconf 86' lang='lat' dir='ltr'><strong>Exhorrere</strong></span> <span class='ocrx_word' id='word_1_209' title='bbox 2290 2599 2360 2643; x_wconf 89' lang='lat' dir='ltr'><strong>se</strong></span> 
     </span>
     <span class='ocr_line' id='line_1_27' title="bbox 383 2662 2360 2752; baseline -0.003 -17"><span class='ocrx_word' id='word_1_210' title='bbox 383 2665 683 2752; x_wconf 86' lang='lat' dir='ltr'><strong>Pighius</strong></span> <span class='ocrx_word' id='word_1_211' title='bbox 726 2665 811 2730; x_wconf 89' lang='lat' dir='ltr'><strong>ad</strong></span> <span class='ocrx_word' id='word_1_212' title='bbox 853 2665 1024 2732; x_wconf 87' lang='lat' dir='ltr'><strong>hanc</strong></span> <span class='ocrx_word' id='word_1_213' title='bbox 1059 2664 1346 2730; x_wconf 86' lang='lat' dir='ltr'><strong>Lutheri</strong></span> <span class='ocrx_word' id='word_1_214' title='bbox 1380 2685 1607 2730; x_wconf 83' lang='lat' dir='ltr'><strong>vocem</strong></span> <span class='ocrx_word' id='word_1_215' title='bbox 1653 2662 1829 2741; x_wconf 89' lang='lat' dir='ltr'><strong>dicit,</strong></span> <span class='ocrx_word' id='word_1_216' title='bbox 1875 2670 2183 2729; x_wconf 88' lang='lat' dir='ltr'><strong>naturam</strong></span> <span class='ocrx_word' id='word_1_217' title='bbox 2218 2684 2360 2729; x_wconf 88' lang='lat' dir='ltr'><strong>car-</strong></span> 
     </span>
     <span class='ocr_line' id='line_1_28' title="bbox 386 2748 2358 2833; baseline -0.003 -15"><span class='ocrx_word' id='word_1_218' title='bbox 386 2754 507 2818; x_wconf 88' lang='lat' dir='ltr'><strong>nis</strong></span> <span class='ocrx_word' id='word_1_219' title='bbox 551 2753 622 2817; x_wconf 90' lang='lat' dir='ltr'><strong>in</strong></span> <span class='ocrx_word' id='word_1_220' title='bbox 666 2750 912 2818; x_wconf 88' lang='lat' dir='ltr'><strong>sanctis</strong></span> <span class='ocrx_word' id='word_1_221' title='bbox 955 2769 1233 2833; x_wconf 89' lang='lat' dir='ltr'><strong>quoque,</strong></span> <span class='ocrx_word' id='word_1_222' title='bbox 1279 2750 1467 2816; x_wconf 81' lang='lat' dir='ltr'><strong>velut</strong></span> <span class='ocrx_word' id='word_1_223' title='bbox 1507 2750 1717 2814; x_wconf 89' lang='lat' dir='ltr'><strong>feram</strong></span> <span class='ocrx_word' id='word_1_224' title='bbox 1760 2748 2179 2828; x_wconf 88' lang='lat' dir='ltr'><strong>indomitam,</strong></span> <span class='ocrx_word' id='word_1_225' title='bbox 2226 2750 2358 2831; x_wconf 88' lang='lat' dir='ltr'><strong>spi-</strong></span> 
     </span>
     <span class='ocr_line' id='line_1_29' title="bbox 383 2833 2355 2918; baseline -0.004 -13"><span class='ocrx_word' id='word_1_226' title='bbox 383 2838 560 2905; x_wconf 74' lang='lat' dir='ltr'><strong>ritui</strong></span> <span class='ocrx_word' id='word_1_227' title='bbox 602 2845 829 2904; x_wconf 88' lang='lat' dir='ltr'><strong>sancto</strong></span> <span class='ocrx_word' id='word_1_228' title='bbox 874 2836 1199 2902; x_wconf 87' lang='lat' dir='ltr'><strong>reluctari.</strong></span> <span class='ocrx_word' id='word_1_229' title='bbox 1291 2833 1545 2902; x_wconf 87' lang='lat' dir='ltr'><strong>Omitto</strong></span> <span class='ocrx_word' id='word_1_230' title='bbox 1590 2856 1765 2900; x_wconf 91' lang='lat' dir='ltr'><strong>nunc</strong></span> <span class='ocrx_word' id='word_1_231' title='bbox 1807 2833 2132 2900; x_wconf 89' lang='lat' dir='ltr'><strong>Paulum:</strong></span> <span class='ocrx_word' id='word_1_232' title='bbox 2181 2833 2355 2918; x_wconf 89' lang='lat' dir='ltr'><strong>quid,</strong></span> 
     </span>
     <span class='ocr_line' id='line_1_30' title="bbox 382 2919 2356 3009; baseline -0.003 -19"><span class='ocrx_word' id='word_1_233' title='bbox 382 2944 587 3009; x_wconf 81' lang='lat' dir='ltr'><strong>roge,</strong></span> <span class='ocrx_word' id='word_1_234' title='bbox 644 2922 768 2989; x_wconf 91' lang='lat' dir='ltr'><strong>sibi</strong></span> <span class='ocrx_word' id='word_1_235' title='bbox 819 2922 1054 2988; x_wconf 85' lang='lat' dir='ltr'><strong>volunt</strong></span> <span class='ocrx_word' id='word_1_236' title='bbox 1106 2921 1269 2987; x_wconf 89' lang='lat' dir='ltr'><strong>haec</strong></span> <span class='ocrx_word' id='word_1_237' title='bbox 1324 2920 1691 3005; x_wconf 80' lang='lat' dir='ltr'><strong>Augustini</strong></span> <span class='ocrx_word' id='word_1_238' title='bbox 1719 2920 1769 3005; x_wconf 88' lang='lat'><strong>¹)</strong></span> <span class='ocrx_word' id='word_1_239' title='bbox 1826 2919 2072 2987; x_wconf 80' lang='lat' dir='ltr'><strong>verba?</strong></span> <span class='ocrx_word' id='word_1_240' title='bbox 2162 2920 2356 3000; x_wconf 88' lang='lat' dir='ltr'><strong>Item,</strong></span> 
     </span>
     <span class='ocr_line' id='line_1_31' title="bbox 384 3005 2357 3093; baseline -0.003 -17"><span class='ocrx_word' id='word_1_241' title='bbox 384 3030 591 3077; x_wconf 90' lang='lat' dir='ltr'><strong>nemo</strong></span> <span class='ocrx_word' id='word_1_242' title='bbox 627 3029 700 3074; x_wconf 92' lang='lat' dir='ltr'><strong>se</strong></span> <span class='ocrx_word' id='word_1_243' title='bbox 732 3007 987 3092; x_wconf 83' lang='lat' dir='ltr'><strong>palpet:</strong></span> <span class='ocrx_word' id='word_1_244' title='bbox 1008 3008 1066 3093; x_wconf 82' lang='lat'><strong>²)</strong></span> <span class='ocrx_word' id='word_1_245' title='bbox 1107 3005 1192 3073; x_wconf 91' lang='lat' dir='ltr'><strong>de</strong></span> <span class='ocrx_word' id='word_1_246' title='bbox 1238 3028 1356 3072; x_wconf 88' lang='lat' dir='ltr'><strong>suo</strong></span> <span class='ocrx_word' id='word_1_247' title='bbox 1392 3005 1679 3073; x_wconf 81' lang='lat' dir='ltr'><strong>Satanas</strong></span> <span class='ocrx_word' id='word_1_248' title='bbox 1723 3015 1841 3071; x_wconf 89' lang='lat' dir='ltr'><strong>est.</strong></span> <span class='ocrx_word' id='word_1_249' title='bbox 1903 3005 2126 3071; x_wconf 80' lang='lat' dir='ltr'><strong>&#39;Pollat</strong></span> <span class='ocrx_word' id='word_1_250' title='bbox 2159 3005 2357 3071; x_wconf 92' lang='lat' dir='ltr'><strong>homo</strong></span> 
     </span>
     <span class='ocr_line' id='line_1_32' title="bbox 516 3091 2355 3177; baseline -0.004 -15"><span class='ocrx_word' id='word_1_251' title='bbox 516 3101 742 3162; x_wconf 91' lang='lat' dir='ltr'><strong>catum</strong></span> <span class='ocrx_word' id='word_1_252' title='bbox 785 3093 958 3177; x_wconf 90' lang='lat' dir='ltr'><strong>quod</strong></span> <span class='ocrx_word' id='word_1_253' title='bbox 1003 3113 1199 3159; x_wconf 91' lang='lat' dir='ltr'><strong>suum</strong></span> <span class='ocrx_word' id='word_1_254' title='bbox 1253 3100 1380 3158; x_wconf 88' lang='lat' dir='ltr'><strong>est:</strong></span> <span class='ocrx_word' id='word_1_255' title='bbox 1440 3093 1583 3158; x_wconf 92' lang='lat' dir='ltr'><strong>Deo</strong></span> <span class='ocrx_word' id='word_1_256' title='bbox 1633 3092 1953 3156; x_wconf 89' lang='lat' dir='ltr'><strong>iustitiam</strong></span> <span class='ocrx_word' id='word_1_257' title='bbox 2005 3091 2355 3174; x_wconf 89' lang='lat' dir='ltr'><strong>relinquat.</strong></span> 
     </span>
    </p>

    <p class='ocr_par' dir='ltr' id='par_1_3' title="bbox 365 3176 2359 4980">
     <span class='ocr_line' id='line_1_33' title="bbox 447 3176 2359 3260; baseline -0.003 -14"><span class='ocrx_word' id='word_1_258' title='bbox 447 3183 472 3246; x_wconf 94' lang='lat' dir='ltr'><strong>i</strong></span> <span class='ocrx_word' id='word_1_259' title='bbox 511 3181 680 3248; x_wconf 88' lang='lat' dir='ltr'><strong>haec</strong></span> <span class='ocrx_word' id='word_1_260' title='bbox 724 3202 765 3245; x_wconf 92' lang='lat' dir='ltr'><strong>a</strong></span> <span class='ocrx_word' id='word_1_261' title='bbox 805 3178 1107 3246; x_wconf 86' lang='lat' dir='ltr'><strong>Luthero</strong></span> <span class='ocrx_word' id='word_1_262' title='bbox 1151 3177 1552 3256; x_wconf 74' lang='lat' dir='ltr'><strong>dicerentur,</strong></span> <span class='ocrx_word' id='word_1_263' title='bbox 1610 3197 1772 3260; x_wconf 89' lang='lat' dir='ltr'><strong>quos</strong></span> <span class='ocrx_word' id='word_1_264' title='bbox 1815 3197 1991 3242; x_wconf 88' lang='lat' dir='ltr'><strong>nunc</strong></span> <span class='ocrx_word' id='word_1_265' title='bbox 2032 3176 2359 3242; x_wconf 90' lang='lat' dir='ltr'><strong>tumultus</strong></span> 
     </span>
     <span class='ocr_line' id='line_1_34' title="bbox 383 3262 2353 3352; baseline -0.004 -18"><span class='ocrx_word' id='word_1_266' title='bbox 383 3266 682 3352; x_wconf 86' lang='lat' dir='ltr'><strong>Pighius</strong></span> <span class='ocrx_word' id='word_1_267' title='bbox 719 3264 1065 3332; x_wconf 81' lang='lat' dir='ltr'><strong>misceret?</strong></span> <span class='ocrx_word' id='word_1_268' title='bbox 1132 3265 1239 3331; x_wconf 90' lang='lat' dir='ltr'><strong>De</strong></span> <span class='ocrx_word' id='word_1_269' title='bbox 1282 3263 1527 3330; x_wconf 89' lang='lat' dir='ltr'><strong>sanctis</strong></span> <span class='ocrx_word' id='word_1_270' title='bbox 1573 3263 1861 3345; x_wconf 89' lang='lat' dir='ltr'><strong>loquitur</strong></span> <span class='ocrx_word' id='word_1_271' title='bbox 1902 3262 2353 3346; x_wconf 74' lang='lat' dir='ltr'><strong>Augustinus:</strong></span> 
     </span>
     <span class='ocr_line' id='line_1_35' title="bbox 384 3349 2355 3438; baseline -0.003 -19"><span class='ocrx_word' id='word_1_272' title='bbox 384 3350 714 3438; x_wconf 89' lang='lat' dir='ltr'><strong>quidquid</strong></span> <span class='ocrx_word' id='word_1_273' title='bbox 757 3357 914 3417; x_wconf 87' lang='lat' dir='ltr'><strong>sunt</strong></span> <span class='ocrx_word' id='word_1_274' title='bbox 955 3350 1063 3416; x_wconf 83' lang='lat' dir='ltr'><strong>vel</strong></span> <span class='ocrx_word' id='word_1_275' title='bbox 1103 3349 1351 3416; x_wconf 89' lang='lat' dir='ltr'><strong>habent</strong></span> <span class='ocrx_word' id='word_1_276' title='bbox 1395 3371 1435 3414; x_wconf 90' lang='lat' dir='ltr'><strong>a</strong></span> <span class='ocrx_word' id='word_1_277' title='bbox 1476 3356 1734 3427; x_wconf 86' lang='lat' dir='ltr'><strong>natura,</strong></span> <span class='ocrx_word' id='word_1_278' title='bbox 1778 3349 2172 3431; x_wconf 86' lang='lat' dir='ltr'><strong>pronunciat</strong></span> <span class='ocrx_word' id='word_1_279' title='bbox 2213 3369 2355 3413; x_wconf 90' lang='lat' dir='ltr'><strong>esse</strong></span> 
     </span>
     <span class='ocr_line' id='line_1_36' title="bbox 381 3433 2353 3523; baseline -0.005 -17"><span class='ocrx_word' id='word_1_280' title='bbox 381 3445 769 3523; x_wconf 87' lang='lat' dir='ltr'><strong>peccatum:</strong></span> <span class='ocrx_word' id='word_1_281' title='bbox 829 3445 953 3503; x_wconf 87' lang='lat' dir='ltr'><strong>nec</strong></span> <span class='ocrx_word' id='word_1_282' title='bbox 995 3457 1071 3502; x_wconf 91' lang='lat' dir='ltr'><strong>eo</strong></span> <span class='ocrx_word' id='word_1_283' title='bbox 1125 3441 1501 3513; x_wconf 87' lang='lat' dir='ltr'><strong>contentus,</strong></span> <span class='ocrx_word' id='word_1_284' title='bbox 1558 3433 1717 3500; x_wconf 90' lang='lat' dir='ltr'><strong>dicit</strong></span> <span class='ocrx_word' id='word_1_285' title='bbox 1767 3435 2061 3518; x_wconf 89' lang='lat' dir='ltr'><strong>ipsorum</strong></span> <span class='ocrx_word' id='word_1_286' title='bbox 2114 3454 2353 3499; x_wconf 91' lang='lat' dir='ltr'><strong>unum-</strong></span> 
     </span>
     <span class='ocr_line' id='line_1_37' title="bbox 384 3518 2356 3692; baseline -0.003 -17"><span class='ocrx_word' id='word_1_287' title='bbox 384 3544 725 3676; x_wconf 50' lang='lat' dir='ltr'><strong>quemssqgg</strong></span> <span class='ocrx_word' id='word_1_288' title='bbox 767 3522 1036 3692; x_wconf 56' lang='lat' dir='ltr'><strong>ggidggi</strong></span> <span class='ocrx_word' id='word_1_289' title='bbox 1058 3542 1200 3672; x_wconf 60' lang='grc' dir='ltr'>6181ῗὲ</span> <span class='ocrx_word' id='word_1_290' title='bbox 1241 3518 1688 3673; x_wconf 46' lang='lat' dir='ltr'><strong>{gffinilnndano</strong></span> <span class='ocrx_word' id='word_1_291' title='bbox 1740 3604 1865 3672; x_wconf 89' lang='lat' dir='ltr'><strong>hoc</strong></span> <span class='ocrx_word' id='word_1_292' title='bbox 1905 3589 2132 3687; x_wconf 75' lang='lat' dir='ltr'><strong>&#39;capite</strong></span> <span class='ocrx_word' id='word_1_293' title='bbox 2185 3604 2356 3669; x_wconf 91' lang='lat' dir='ltr'><strong>nihil</strong></span> 
     </span>
     <span class='ocr_line' id='line_1_38' title="bbox 379 3690 2353 3782; baseline -0.006 -18"><span class='ocrx_word' id='word_1_294' title='bbox 379 3696 717 3782; x_wconf 87' lang='lat' dir='ltr'><strong>proficere</strong></span> <span class='ocrx_word' id='word_1_295' title='bbox 730 3745 748 3775; x_wconf 88' lang='lat'><strong>,</strong></span> <span class='ocrx_word' id='word_1_296' title='bbox 809 3695 922 3778; x_wconf 90' lang='lat' dir='ltr'><strong>qui</strong></span> <span class='ocrx_word' id='word_1_297' title='bbox 977 3693 1132 3760; x_wconf 88' lang='lat' dir='ltr'><strong>ullis</strong></span> <span class='ocrx_word' id='word_1_298' title='bbox 1185 3692 1532 3776; x_wconf 89' lang='lat' dir='ltr'><strong>scripturis</strong></span> <span class='ocrx_word' id='word_1_299' title='bbox 1572 3690 1977 3758; x_wconf 89' lang='lat' dir='ltr'><strong>crediturum</strong></span> <span class='ocrx_word' id='word_1_300' title='bbox 2020 3711 2090 3755; x_wconf 89' lang='lat' dir='ltr'><strong>se</strong></span> <span class='ocrx_word' id='word_1_301' title='bbox 2133 3697 2353 3774; x_wconf 85' lang='lat' dir='ltr'><strong>negat,</strong></span> 
     </span>
     <span class='ocr_line' id='line_1_39' title="bbox 382 3776 2355 3867; baseline -0.004 -19"><span class='ocrx_word' id='word_1_302' title='bbox 382 3802 570 3867; x_wconf 89' lang='lat' dir='ltr'><strong>quae</strong></span> <span class='ocrx_word' id='word_1_303' title='bbox 610 3801 799 3848; x_wconf 89' lang='lat' dir='ltr'><strong>secus</strong></span> <span class='ocrx_word' id='word_1_304' title='bbox 842 3779 1149 3859; x_wconf 89' lang='lat' dir='ltr'><strong>doceant,</strong></span> <span class='ocrx_word' id='word_1_305' title='bbox 1207 3799 1403 3862; x_wconf 90' lang='lat' dir='ltr'><strong>quam</strong></span> <span class='ocrx_word' id='word_1_306' title='bbox 1455 3778 1597 3861; x_wconf 89' lang='lat' dir='ltr'><strong>ipse</strong></span> <span class='ocrx_word' id='word_1_307' title='bbox 1651 3777 1783 3842; x_wconf 86' lang='lat' dir='ltr'><strong>iam</strong></span> <span class='ocrx_word' id='word_1_308' title='bbox 1830 3777 1958 3843; x_wconf 90' lang='lat' dir='ltr'><strong>sibi</strong></span> <span class='ocrx_word' id='word_1_309' title='bbox 2001 3776 2355 3859; x_wconf 88' lang='lat' dir='ltr'><strong>persuasit:</strong></span> 
     </span>
     <span class='ocr_line' id='line_1_40' title="bbox 381 3859 2358 3952; baseline -0.004 -18"><span class='ocrx_word' id='word_1_310' title='bbox 381 3868 559 3952; x_wconf 88' lang='lat' dir='ltr'><strong>quin</strong></span> <span class='ocrx_word' id='word_1_311' title='bbox 612 3867 815 3932; x_wconf 90' lang='lat' dir='ltr'><strong>etiam</strong></span> <span class='ocrx_word' id='word_1_312' title='bbox 867 3865 1037 3931; x_wconf 88' lang='lat' dir='ltr'><strong>elato</strong></span> <span class='ocrx_word' id='word_1_313' title='bbox 1092 3863 1438 3947; x_wconf 89' lang='lat' dir='ltr'><strong>supercilio</strong></span> <span class='ocrx_word' id='word_1_314' title='bbox 1489 3863 1727 3943; x_wconf 89' lang='lat' dir='ltr'><strong>iactat,</strong></span> <span class='ocrx_word' id='word_1_315' title='bbox 1787 3883 1923 3928; x_wconf 93' lang='lat' dir='ltr'><strong>non</strong></span> <span class='ocrx_word' id='word_1_316' title='bbox 1976 3859 2358 3927; x_wconf 85' lang='lat' dir='ltr'><strong>dubitanter</strong></span> 
     </span>
     <span class='ocr_line' id='line_1_41' title="bbox 378 3948 2356 4033; baseline -0.003 -13"><span class='ocrx_word' id='word_1_317' title='bbox 378 3975 462 4021; x_wconf 87' lang='lat' dir='ltr'><strong>se</strong></span> <span class='ocrx_word' id='word_1_318' title='bbox 527 3952 889 4031; x_wconf 87' lang='lat' dir='ltr'><strong>dicturum,</strong></span> <span class='ocrx_word' id='word_1_319' title='bbox 947 3972 988 4015; x_wconf 92' lang='lat' dir='ltr'><strong>a</strong></span> <span class='ocrx_word' id='word_1_320' title='bbox 1044 3950 1303 4016; x_wconf 89' lang='lat' dir='ltr'><strong>diabolo</strong></span> <span class='ocrx_word' id='word_1_321' title='bbox 1356 3949 1571 4015; x_wconf 90' lang='lat' dir='ltr'><strong>omnis</strong></span> <span class='ocrx_word' id='word_1_322' title='bbox 1627 3948 2076 4033; x_wconf 87' lang='lat' dir='ltr'><strong>blasphemiae</strong></span> <span class='ocrx_word' id='word_1_323' title='bbox 2127 3954 2356 4014; x_wconf 89' lang='lat' dir='ltr'><strong>autore</strong></span> 
     </span>
     <span class='ocr_line' id='line_1_42' title="bbox 377 4033 2356 4124; baseline -0.004 -19"><span class='ocrx_word' id='word_1_324' title='bbox 377 4038 746 4124; x_wconf 86' lang='lat' dir='ltr'><strong>prodiisse,</strong></span> <span class='ocrx_word' id='word_1_325' title='bbox 815 4037 873 4103; x_wconf 90' lang='lat' dir='ltr'><strong>si</strong></span> <span class='ocrx_word' id='word_1_326' title='bbox 929 4058 1098 4120; x_wconf 88' lang='lat' dir='ltr'><strong>quae</strong></span> <span class='ocrx_word' id='word_1_327' title='bbox 1155 4035 1322 4102; x_wconf 86' lang='lat' dir='ltr'><strong>tales</strong></span> <span class='ocrx_word' id='word_1_328' title='bbox 1384 4036 1820 4119; x_wconf 87' lang='lat' dir='ltr'><strong>proferantur.</strong></span> <span class='ocrx_word' id='word_1_329' title='bbox 1912 4033 2095 4115; x_wconf 76' lang='lat' dir='ltr'><strong>Quid</strong></span> <span class='ocrx_word' id='word_1_330' title='bbox 2155 4033 2356 4099; x_wconf 87' lang='lat' dir='ltr'><strong>facias</strong></span> 
     </span>
     <span class='ocr_line' id='line_1_43' title="bbox 377 4119 2357 4205; baseline -0.005 -12"><span class='ocrx_word' id='word_1_331' title='bbox 377 4147 550 4193; x_wconf 90' lang='lat' dir='ltr'><strong>cum</strong></span> <span class='ocrx_word' id='word_1_332' title='bbox 595 4123 713 4189; x_wconf 90' lang='lat' dir='ltr'><strong>tali</strong></span> <span class='ocrx_word' id='word_1_333' title='bbox 756 4122 973 4188; x_wconf 78' lang='lat' dir='ltr'><strong>furia?</strong></span> <span class='ocrx_word' id='word_1_334' title='bbox 1064 4119 1205 4190; x_wconf 80' lang='lat' dir='ltr'><strong>Sua</strong></span> <span class='ocrx_word' id='word_1_335' title='bbox 1259 4141 1331 4187; x_wconf 89' lang='lat' dir='ltr'><strong>se</strong></span> <span class='ocrx_word' id='word_1_336' title='bbox 1384 4121 1854 4205; x_wconf 84' lang='lat' dir='ltr'><strong>imaginatione</strong></span> <span class='ocrx_word' id='word_1_337' title='bbox 1906 4125 2053 4201; x_wconf 79' lang='lat' dir='ltr'><strong>[pag.</strong></span> <span class='ocrx_word' id='word_1_338' title='bbox 2092 4123 2201 4198; x_wconf 81' lang='lat'><strong>46]</strong></span> <span class='ocrx_word' id='word_1_339' title='bbox 2262 4119 2357 4185; x_wconf 91' lang='lat' dir='ltr'><strong>sic</strong></span> 
     </span>
     <span class='ocr_line' id='line_1_44' title="bbox 375 4206 2354 4307; baseline -0.003 -31"><span class='ocrx_word' id='word_1_340' title='bbox 375 4209 771 4289; x_wconf 80' lang='lat' dir='ltr'><strong>inebriavit,</strong></span> <span class='ocrx_word' id='word_1_341' title='bbox 816 4208 925 4274; x_wconf 85' lang='lat' dir='ltr'><strong>vel</strong></span> <span class='ocrx_word' id='word_1_342' title='bbox 966 4207 1317 4274; x_wconf 82' lang='lat' dir='ltr'><strong>fascinavit</strong></span> <span class='ocrx_word' id='word_1_343' title='bbox 1359 4209 1604 4290; x_wconf 90' lang='lat' dir='ltr'><strong>potius,</strong></span> <span class='ocrx_word' id='word_1_344' title='bbox 1660 4214 1738 4307; x_wconf 76' lang='lat' dir='ltr'><strong>ut</strong></span> <span class='ocrx_word' id='word_1_345' title='bbox 1779 4228 1824 4272; x_wconf 92' lang='lat' dir='ltr'><strong>n</strong></span> <span class='ocrx_word' id='word_1_346' title='bbox 1863 4292 1876 4306; x_wconf 32' lang='grc' dir='ltr'>ι</span> <span class='ocrx_word' id='word_1_347' title='bbox 1907 4229 1991 4307; x_wconf 78' lang='lat' dir='ltr'><strong>ue</strong></span> <span class='ocrx_word' id='word_1_348' title='bbox 2034 4206 2354 4286; x_wconf 87' lang='lat' dir='ltr'><strong>homines,</strong></span> 
     </span>
     <span class='ocr_line' id='line_1_45' title="bbox 375 4291 2353 4462; baseline -0.011 -13"><span class='ocrx_word' id='word_1_349' title='bbox 375 4294 970 4450; x_wconf 49' lang='lat' dir='ltr'><strong>tssuzffii’ss’</strong></span> <span class='ocrx_word' id='word_1_350' title='bbox 1022 4292 1881 4462; x_wconf 50' lang='lat' dir='ltr'><strong>affzffltaffssffi</strong></span> <span class='ocrx_word' id='word_1_351' title='bbox 1899 4291 2353 4448; x_wconf 44' lang='lat' dir='ltr'><strong>:izi-&amp;3³:22</strong></span> 
     </span>
     <span class='ocr_line' id='line_1_46' title="bbox 374 4463 2355 4548; baseline -0.004 -13"><span class='ocrx_word' id='word_1_352' title='bbox 374 4469 492 4535; x_wconf 88' lang='lat' dir='ltr'><strong>bis</strong></span> <span class='ocrx_word' id='word_1_353' title='bbox 555 4467 827 4534; x_wconf 81' lang='lat' dir='ltr'><strong>evomit:</strong></span> <span class='ocrx_word' id='word_1_354' title='bbox 886 4464 966 4533; x_wconf 82' lang='lat' dir='ltr'><strong>Si</strong></span> <span class='ocrx_word' id='word_1_355' title='bbox 1018 4486 1184 4548; x_wconf 81' lang='lat' dir='ltr'><strong>quae</strong></span> <span class='ocrx_word' id='word_1_356' title='bbox 1239 4466 1602 4548; x_wconf 86' lang='lat' dir='ltr'><strong>scripturae</strong></span> <span class='ocrx_word' id='word_1_357' title='bbox 1644 4463 1934 4530; x_wconf 87' lang='lat' dir='ltr'><strong>Lutheri</strong></span> <span class='ocrx_word' id='word_1_358' title='bbox 1990 4463 2355 4530; x_wconf 83' lang='lat' dir='ltr'><strong>doctrinam</strong></span> 
     </span>
     <span class='ocr_line' id='line_1_47' title="bbox 372 4548 2353 4633; baseline -0.004 -12"><span class='ocrx_word' id='word_1_359' title='bbox 372 4554 848 4631; x_wconf 84' lang='lat' dir='ltr'><strong>adstruerent,</strong></span> <span class='ocrx_word' id='word_1_360' title='bbox 906 4572 948 4616; x_wconf 89' lang='lat' dir='ltr'><strong>a</strong></span> <span class='ocrx_word' id='word_1_361' title='bbox 987 4551 1299 4617; x_wconf 87' lang='lat' dir='ltr'><strong>Lucifero</strong></span> <span class='ocrx_word' id='word_1_362' title='bbox 1359 4550 1573 4615; x_wconf 88' lang='lat' dir='ltr'><strong>omnis</strong></span> <span class='ocrx_word' id='word_1_363' title='bbox 1630 4548 2077 4633; x_wconf 87' lang='lat' dir='ltr'><strong>blasphemiae</strong></span> <span class='ocrx_word' id='word_1_364' title='bbox 2121 4556 2191 4614; x_wconf 92' lang='lat' dir='ltr'><strong>et</strong></span> <span class='ocrx_word' id='word_1_365' title='bbox 2230 4550 2353 4614; x_wconf 92' lang='lat' dir='ltr'><strong>im-</strong></span> 
     </span>
     <span class='ocr_line' id='line_1_48' title="bbox 371 4634 2354 4725; baseline -0.003 -20"><span class='ocrx_word' id='word_1_366' title='bbox 371 4639 665 4725; x_wconf 83' lang='lat' dir='ltr'><strong>pietatis</strong></span> <span class='ocrx_word' id='word_1_367' title='bbox 709 4644 937 4703; x_wconf 88' lang='lat' dir='ltr'><strong>autore</strong></span> <span class='ocrx_word' id='word_1_368' title='bbox 981 4636 1182 4703; x_wconf 78' lang='lat' dir='ltr'><strong>fuisse</strong></span> <span class='ocrx_word' id='word_1_369' title='bbox 1240 4636 1545 4714; x_wconf 88' lang='lat' dir='ltr'><strong>dictatas,</strong></span> <span class='ocrx_word' id='word_1_370' title='bbox 1603 4635 1775 4699; x_wconf 90' lang='lat' dir='ltr'><strong>nihil</strong></span> <span class='ocrx_word' id='word_1_371' title='bbox 1832 4634 2201 4701; x_wconf 90' lang='lat' dir='ltr'><strong>dubitarem</strong></span> <span class='ocrx_word' id='word_1_372' title='bbox 2255 4634 2354 4699; x_wconf 91' lang='lat' dir='ltr'><strong>di-</strong></span> 
     </span>
     <span class='ocr_line' id='line_1_49' title="bbox 373 4719 2356 4804; baseline -0.005 -10"><span class='ocrx_word' id='word_1_373' title='bbox 373 4746 566 4794; x_wconf 87' lang='lat' dir='ltr'><strong>cere.</strong></span> <span class='ocrx_word' id='word_1_374' title='bbox 634 4724 808 4789; x_wconf 89' lang='lat' dir='ltr'><strong>Item</strong></span> <span class='ocrx_word' id='word_1_375' title='bbox 853 4722 1040 4789; x_wconf 89' lang='lat' dir='ltr'><strong>alibi:</strong></span> <span class='ocrx_word' id='word_1_376' title='bbox 1087 4721 1267 4789; x_wconf 80' lang='lat' dir='ltr'><strong>Sunt</strong></span> <span class='ocrx_word' id='word_1_377' title='bbox 1306 4720 1625 4788; x_wconf 89' lang='lat' dir='ltr'><strong>eiusmodi</strong></span> <span class='ocrx_word' id='word_1_378' title='bbox 1659 4721 1982 4804; x_wconf 86' lang='lat' dir='ltr'><strong>dogmata,</strong></span> <span class='ocrx_word' id='word_1_379' title='bbox 2029 4728 2107 4786; x_wconf 88' lang='lat' dir='ltr'><strong>ut</strong></span> <span class='ocrx_word' id='word_1_380' title='bbox 2141 4719 2356 4787; x_wconf 90' lang='lat' dir='ltr'><strong>dicere</strong></span> 
     </span>
     <span class='ocr_line' id='line_1_50' title="bbox 369 4806 2354 4892; baseline -0.005 -13"><span class='ocrx_word' id='word_1_381' title='bbox 369 4833 534 4879; x_wconf 86' lang='lat' dir='ltr'><strong>non</strong></span> <span class='ocrx_word' id='word_1_382' title='bbox 582 4809 893 4888; x_wconf 90' lang='lat' dir='ltr'><strong>dubitem,</strong></span> <span class='ocrx_word' id='word_1_383' title='bbox 938 4808 1111 4874; x_wconf 91' lang='lat' dir='ltr'><strong>nulli</strong></span> <span class='ocrx_word' id='word_1_384' title='bbox 1154 4807 1515 4892; x_wconf 79' lang='lat' dir='ltr'><strong>evangelio,</strong></span> <span class='ocrx_word' id='word_1_385' title='bbox 1561 4806 1762 4872; x_wconf 88' lang='lat' dir='ltr'><strong>nullis</strong></span> <span class='ocrx_word' id='word_1_386' title='bbox 1794 4807 2159 4890; x_wconf 89' lang='lat' dir='ltr'><strong>scripturis,</strong></span> <span class='ocrx_word' id='word_1_387' title='bbox 2205 4806 2354 4870; x_wconf 91' lang='lat' dir='ltr'><strong>nul-</strong></span> 
     </span>
     <span class='ocr_line' id='line_1_51' title="bbox 365 4892 2354 4980; baseline -0.004 -17"><span class='ocrx_word' id='word_1_388' title='bbox 365 4899 468 4964; x_wconf 87' lang='lat' dir='ltr'><strong>lis</strong></span> <span class='ocrx_word' id='word_1_389' title='bbox 522 4895 857 4980; x_wconf 85' lang='lat' dir='ltr'><strong>apostolis,</strong></span> <span class='ocrx_word' id='word_1_390' title='bbox 902 4893 1018 4961; x_wconf 86' lang='lat' dir='ltr'><strong>sed</strong></span> <span class='ocrx_word' id='word_1_391' title='bbox 1060 4914 1185 4960; x_wconf 89' lang='lat' dir='ltr'><strong>nec</strong></span> <span class='ocrx_word' id='word_1_392' title='bbox 1223 4893 1478 4979; x_wconf 86' lang='lat' dir='ltr'><strong>angelis</strong></span> <span class='ocrx_word' id='word_1_393' title='bbox 1522 4893 1605 4959; x_wconf 91' lang='lat' dir='ltr'><strong>de</strong></span> <span class='ocrx_word' id='word_1_394' title='bbox 1648 4892 1826 4958; x_wconf 90' lang='lat' dir='ltr'><strong>coelo</strong></span> <span class='ocrx_word' id='word_1_395' title='bbox 1868 4892 2170 4958; x_wconf 88' lang='lat' dir='ltr'><strong>omnibus</strong></span> <span class='ocrx_word' id='word_1_396' title='bbox 2214 4910 2354 4956; x_wconf 89' lang='lat' dir='ltr'><strong>ore-</strong></span> 
     </span>
    </p>
   </div>
   <div class='ocr_carea' id='block_1_3' title="bbox 367 5072 658 5083">
    <p class='ocr_par' dir='ltr' id='par_1_4' title="bbox 367 5072 658 5083">
     <span class='ocr_line' id='line_1_52' title="bbox 367 5072 658 5083; baseline 0 909"><span class='ocrx_word' id='word_1_397' title='bbox 367 5072 658 5083; x_wconf 95' lang='lat' dir='ltr'><strong> </strong></span> 
     </span>
    </p>
   </div>
   <div class='ocr_carea' id='block_1_4' title="bbox 533 5182 2044 5324">
    <p class='ocr_par' dir='ltr' id='par_1_5' title="bbox 533 5182 2044 5324">
     <span class='ocr_line' id='line_1_53' title="bbox 535 5182 1358 5253; baseline -0.002 -13"><span class='ocrx_word' id='word_1_398' title='bbox 535 5187 596 5253; x_wconf 88' lang='lat'><strong>1)</strong></span> <span class='ocrx_word' id='word_1_399' title='bbox 635 5185 831 5240; x_wconf 85' lang='lat' dir='ltr'><strong>Homil.</strong></span> <span class='ocrx_word' id='word_1_400' title='bbox 867 5182 953 5240; x_wconf 78' lang='grc'><strong>49.</strong></span> <span class='ocrx_word' id='word_1_401' title='bbox 987 5184 1050 5238; x_wconf 93' lang='lat' dir='ltr'><strong>In</strong></span> <span class='ocrx_word' id='word_1_402' title='bbox 1084 5184 1358 5239; x_wconf 84' lang='lat' dir='ltr'><strong>Ioannem.</strong></span> 
     </span>
     <span class='ocr_line' id='line_1_54' title="bbox 533 5248 2044 5324; baseline -0.002 -16"><span class='ocrx_word' id='word_1_403' title='bbox 533 5254 598 5323; x_wconf 82' lang='grc'><strong>2)</strong></span> <span class='ocrx_word' id='word_1_404' title='bbox 635 5254 810 5310; x_wconf 79' lang='lat' dir='ltr'><strong>Nemo</strong></span> <span class='ocrx_word' id='word_1_405' title='bbox 849 5269 908 5309; x_wconf 81' lang='lat' dir='ltr'><strong>se</strong></span> <span class='ocrx_word' id='word_1_406' title='bbox 943 5253 1136 5324; x_wconf 83' lang='lat' dir='ltr'><strong>palpet</strong></span> <span class='ocrx_word' id='word_1_407' title='bbox 1171 5253 1426 5318; x_wconf 51' lang='lat' dir='ltr'><strong>(omnmo.-</strong></span> <span class='ocrx_word' id='word_1_408' title='bbox 1459 5254 1634 5323; x_wconf 83' lang='lat' dir='ltr'><strong>item),</strong></span> <span class='ocrx_word' id='word_1_409' title='bbox 1672 5248 1809 5304; x_wconf 80' lang='lat'>1576</span> <span class='ocrx_word' id='word_1_410' title='bbox 1832 5265 1974 5320; x_wconf 70' lang='lat' dir='ltr'><strong>seqq.</strong></span> <span class='ocrx_word' id='word_1_411' title='bbox 2037 5271 2044 5278; x_wconf 63' lang='grc'>’</span> 
     </span>
    </p>
   </div>
   <div class='ocr_carea' id='block_1_5' title="bbox 1900 336 2948 407">
    <p class='ocr_par' dir='ltr' id='par_1_6' title="bbox 1900 336 2948 407">
     <span class='ocr_line' id='line_1_55' title="bbox 1900 336 2948 407; baseline 0.004 -5"><span class='ocrx_word' id='word_1_412' title='bbox 1900 336 2030 402; x_wconf 83' lang='lat' dir='ltr'><strong>DE</strong></span> <span class='ocrx_word' id='word_1_413' title='bbox 2070 337 2428 406; x_wconf 85' lang='lat' dir='ltr'>LIBERO</span> <span class='ocrx_word' id='word_1_414' title='bbox 2472 338 2948 407; x_wconf 80' lang='lat' dir='ltr'><strong>ARBI&#39;I&#39;RIO.</strong></span> 
     </span>
    </p>
   </div>
   <div class='ocr_carea' id='block_1_6' title="bbox 2398 529 2438 5287">
    <p class='ocr_par' dir='ltr' id='par_1_7' title="bbox 2398 529 2438 5287">
     <span class='ocr_line' id='line_1_56' title="bbox 2398 529 2438 5287; baseline 0 0"><span class='ocrx_word' id='word_1_415' title='bbox 2398 529 2438 5287; x_wconf 95' lang='lat' dir='ltr'><strong> </strong></span> 
     </span>
    </p>
   </div>
   <div class='ocr_carea' id='block_1_7' title="bbox 4308 349 4436 414">
    <p class='ocr_par' dir='ltr' id='par_1_8' title="bbox 4308 349 4436 414">
     <span class='ocr_line' id='line_1_57' title="bbox 4308 349 4436 414; baseline 0.016 -2"><span class='ocrx_word' id='word_1_416' title='bbox 4308 349 4436 414; x_wconf 81' lang='lat'><strong>266</strong></span> 
     </span>
    </p>
   </div>
   <div class='ocr_carea' id='block_1_8' title="bbox 2462 527 4439 3171">
    <p class='ocr_par' dir='ltr' id='par_1_9' title="bbox 2462 527 4439 3171">
     <span class='ocr_line' id='line_1_58' title="bbox 2479 527 4439 617; baseline 0.005 -26"><span class='ocrx_word' id='word_1_417' title='bbox 2479 527 2774 593; x_wconf 87' lang='lat' dir='ltr'><strong>diturum</strong></span> <span class='ocrx_word' id='word_1_418' title='bbox 2813 550 2940 607; x_wconf 92' lang='lat' dir='ltr'><strong>me,</strong></span> <span class='ocrx_word' id='word_1_419' title='bbox 2984 528 3044 592; x_wconf 88' lang='lat' dir='ltr'><strong>si</strong></span> <span class='ocrx_word' id='word_1_420' title='bbox 3087 549 3166 594; x_wconf 92' lang='lat' dir='ltr'><strong>ea</strong></span> <span class='ocrx_word' id='word_1_421' title='bbox 3201 537 3588 596; x_wconf 89' lang='lat' dir='ltr'><strong>assererent.</strong></span> <span class='ocrx_word' id='word_1_422' title='bbox 3654 530 3855 598; x_wconf 89' lang='lat' dir='ltr'><strong>Dicet</strong></span> <span class='ocrx_word' id='word_1_423' title='bbox 3889 532 4251 615; x_wconf 83' lang='lat' dir='ltr'><strong>quispiam,&#39;</strong></span> <span class='ocrx_word' id='word_1_424' title='bbox 4279 533 4439 617; x_wconf 87' lang='lat' dir='ltr'><strong>quid</strong></span> 
     </span>
     <span class='ocr_line' id='line_1_59' title="bbox 2475 612 4434 701; baseline 0.004 -25"><span class='ocrx_word' id='word_1_425' title='bbox 2475 612 2683 697; x_wconf 82' lang='lat' dir='ltr'><strong>igitur</strong></span> <span class='ocrx_word' id='word_1_426' title='bbox 2738 635 2888 680; x_wconf 88' lang='lat' dir='ltr'><strong>cum</strong></span> <span class='ocrx_word' id='word_1_427' title='bbox 2944 621 3085 679; x_wconf 88' lang='lat' dir='ltr'><strong>tam</strong></span> <span class='ocrx_word' id='word_1_428' title='bbox 3150 613 3483 696; x_wconf 82' lang='lat' dir='ltr'><strong>deplorato</strong></span> <span class='ocrx_word' id='word_1_429' title='bbox 3550 616 3818 682; x_wconf 90' lang='lat' dir='ltr'><strong>homine</strong></span> <span class='ocrx_word' id='word_1_430' title='bbox 3882 617 4057 684; x_wconf 91' lang='lat' dir='ltr'><strong>ludis</strong></span> <span class='ocrx_word' id='word_1_431' title='bbox 4121 618 4434 701; x_wconf 86' lang='lat' dir='ltr'><strong>operam?</strong></span> 
     </span>
     <span class='ocr_line' id='line_1_60' title="bbox 2474 699 4432 784; baseline 0.003 -21"><span class='ocrx_word' id='word_1_432' title='bbox 2474 699 2624 783; x_wconf 85' lang='lat' dir='ltr'><strong>Ego</strong></span> <span class='ocrx_word' id='word_1_433' title='bbox 2668 720 2826 765; x_wconf 80' lang='lat' dir='ltr'><strong>vero</strong></span> <span class='ocrx_word' id='word_1_434' title='bbox 2883 721 2967 764; x_wconf 93' lang='lat' dir='ltr'><strong>ne</strong></span> <span class='ocrx_word' id='word_1_435' title='bbox 3021 699 3304 765; x_wconf 83' lang='lat' dir='ltr'><strong>verbum</strong></span> <span class='ocrx_word' id='word_1_436' title='bbox 3359 701 3621 784; x_wconf 90' lang='lat' dir='ltr'><strong>quidem</strong></span> <span class='ocrx_word' id='word_1_437' title='bbox 3676 702 3962 768; x_wconf 86' lang='lat' dir='ltr'><strong>facerem</strong></span> <span class='ocrx_word' id='word_1_438' title='bbox 4021 704 4163 769; x_wconf 90' lang='lat' dir='ltr'><strong>eius</strong></span> <span class='ocrx_word' id='word_1_439' title='bbox 4218 725 4432 769; x_wconf 89' lang='lat' dir='ltr'><strong>causa.</strong></span> 
     </span>
     <span class='ocr_line' id='line_1_61' title="bbox 2476 781 4435 872; baseline 0.002 -22"><span class='ocrx_word' id='word_1_440' title='bbox 2476 781 2614 850; x_wconf 79' lang='lat' dir='ltr'><strong>Sed</strong></span> <span class='ocrx_word' id='word_1_441' title='bbox 2668 805 2937 868; x_wconf 89' lang='lat' dir='ltr'><strong>operam</strong></span> <span class='ocrx_word' id='word_1_442' title='bbox 2992 785 3165 852; x_wconf 89' lang='lat' dir='ltr'><strong>hanc</strong></span> <span class='ocrx_word' id='word_1_443' title='bbox 3221 784 3366 852; x_wconf 89' lang='lat' dir='ltr'><strong>aliis</strong></span> <span class='ocrx_word' id='word_1_444' title='bbox 3420 784 3757 870; x_wconf 89' lang='lat' dir='ltr'><strong>impendo,</strong></span> <span class='ocrx_word' id='word_1_445' title='bbox 3825 789 3938 872; x_wconf 92' lang='lat' dir='ltr'><strong>qui</strong></span> <span class='ocrx_word' id='word_1_446' title='bbox 3992 789 4101 856; x_wconf 80' lang='lat' dir='ltr'><strong>vel</strong></span> <span class='ocrx_word' id='word_1_447' title='bbox 4158 788 4242 854; x_wconf 90' lang='lat' dir='ltr'><strong>ad</strong></span> <span class='ocrx_word' id='word_1_448' title='bbox 4294 809 4435 854; x_wconf 89' lang='lat' dir='ltr'><strong>am-</strong></span> 
     </span>
     <span class='ocr_line' id='line_1_62' title="bbox 2471 868 4436 958; baseline 0.005 -25"><span class='ocrx_word' id='word_1_449' title='bbox 2471 868 2875 952; x_wconf 84' lang='lat' dir='ltr'><strong>plexandam</strong></span> <span class='ocrx_word' id='word_1_450' title='bbox 2918 871 3266 936; x_wconf 81' lang='lat' dir='ltr'><strong>veritatem</strong></span> <span class='ocrx_word' id='word_1_451' title='bbox 3313 874 3548 956; x_wconf 81' lang='lat' dir='ltr'><strong>sponte</strong></span> <span class='ocrx_word' id='word_1_452' title='bbox 3589 872 3905 958; x_wconf 87' lang='lat' dir='ltr'><strong>pr&#39;opensi</strong></span> <span class='ocrx_word' id='word_1_453' title='bbox 3948 880 4132 940; x_wconf 89' lang='lat' dir='ltr'><strong>sunt:</strong></span> <span class='ocrx_word' id='word_1_454' title='bbox 4188 874 4298 941; x_wconf 79' lang='lat' dir='ltr'><strong>vel</strong></span> <span class='ocrx_word' id='word_1_455' title='bbox 4340 876 4436 942; x_wconf 90' lang='lat' dir='ltr'><strong>sio</strong></span> 
     </span>
     <span class='ocr_line' id='line_1_63' title="bbox 2472 955 4438 1037; baseline 0.004 -19"><span class='ocrx_word' id='word_1_456' title='bbox 2472 955 2548 1018; x_wconf 89' lang='lat' dir='ltr'><strong>in</strong></span> <span class='ocrx_word' id='word_1_457' title='bbox 2593 976 2813 1020; x_wconf 88' lang='lat' dir='ltr'><strong>errore</strong></span> <span class='ocrx_word' id='word_1_458' title='bbox 2858 955 3264 1037; x_wconf 88' lang='lat' dir='ltr'><strong>detinentur,</strong></span> <span class='ocrx_word' id='word_1_459' title='bbox 3325 965 3401 1022; x_wconf 90' lang='lat' dir='ltr'><strong>ut</strong></span> <span class='ocrx_word' id='word_1_460' title='bbox 3454 958 3594 1024; x_wconf 92' lang='lat' dir='ltr'><strong>sint</strong></span> <span class='ocrx_word' id='word_1_461' title='bbox 3644 966 3869 1025; x_wconf 90' lang='lat' dir='ltr'><strong>tamen</strong></span> <span class='ocrx_word' id='word_1_462' title='bbox 3924 958 4278 1026; x_wconf 89' lang='lat' dir='ltr'><strong>sanabiles:</strong></span> <span class='ocrx_word' id='word_1_463' title='bbox 4325 959 4438 1026; x_wconf 86' lang='lat' dir='ltr'><strong>vel</strong></span> 
     </span>
     <span class='ocr_line' id='line_1_64' title="bbox 2472 1033 4436 1128; baseline 0.003 -23"><span class='ocrx_word' id='word_1_464' title='bbox 2472 1040 2709 1105; x_wconf 90' lang='lat' dir='ltr'><strong>saltem</strong></span> <span class='ocrx_word' id='word_1_465' title='bbox 2751 1062 2885 1106; x_wconf 93' lang='lat' dir='ltr'><strong>non</strong></span> <span class='ocrx_word' id='word_1_466' title='bbox 2921 1042 3013 1106; x_wconf 89' lang='lat' dir='ltr'><strong>ita</strong></span> <span class='ocrx_word' id='word_1_467' title='bbox 3048 1049 3205 1106; x_wconf 91' lang='lat' dir='ltr'><strong>sunt</strong></span> <span class='ocrx_word' id='word_1_468' title='bbox 3237 1033 3689 1126; x_wconf 81' lang='lat' dir='ltr'><strong>obstupefacti,</strong></span> <span class='ocrx_word' id='word_1_469' title='bbox 3736 1047 3892 1127; x_wconf 90' lang='lat' dir='ltr'><strong>quin</strong></span> <span class='ocrx_word' id='word_1_470' title='bbox 3938 1046 4231 1111; x_wconf 84' lang='lat' dir='ltr'><strong>sentiant</strong></span> <span class='ocrx_word' id='word_1_471' title='bbox 4263 1044 4436 1128; x_wconf 92' lang='lat' dir='ltr'><strong>quod</strong></span> 
     </span>
     <span class='ocr_line' id='line_1_65' title="bbox 2472 1124 4435 1216; baseline 0.005 -27"><span class='ocrx_word' id='word_1_472' title='bbox 2472 1124 2732 1190; x_wconf 87' lang='lat' dir='ltr'><strong>dicitur.</strong></span> <span class='ocrx_word' id='word_1_473' title='bbox 2821 1126 2915 1190; x_wconf 90' lang='lat' dir='ltr'><strong>At</strong></span> <span class='ocrx_word' id='word_1_474' title='bbox 2971 1128 3173 1193; x_wconf 86' lang='lat' dir='ltr'><strong>sacris</strong></span> <span class='ocrx_word' id='word_1_475' title='bbox 3227 1127 3359 1192; x_wconf 88' lang='lat' dir='ltr'><strong>Dei</strong></span> <span class='ocrx_word' id='word_1_476' title='bbox 3415 1130 3694 1195; x_wconf 86' lang='lat' dir='ltr'><strong>oraculis</strong></span> <span class='ocrx_word' id='word_1_477' title='bbox 3759 1129 3928 1194; x_wconf 88' lang='lat' dir='ltr'><strong>nihil</strong></span> <span class='ocrx_word' id='word_1_478' title='bbox 3994 1129 4309 1216; x_wconf 84' lang='lat' dir='ltr'><strong>derogare</strong></span> <span class='ocrx_word' id='word_1_479' title='bbox 4363 1152 4435 1198; x_wconf 90' lang='lat' dir='ltr'><strong>se</strong></span> 
     </span>
     <span class='ocr_line' id='line_1_66' title="bbox 2469 1212 4436 1303; baseline 0.003 -27"><span class='ocrx_word' id='word_1_480' title='bbox 2469 1218 2680 1294; x_wconf 88' lang='lat' dir='ltr'><strong>putat,</strong></span> <span class='ocrx_word' id='word_1_481' title='bbox 2725 1212 2879 1294; x_wconf 90' lang='lat' dir='ltr'><strong>quia</strong></span> <span class='ocrx_word' id='word_1_482' title='bbox 2919 1213 3228 1294; x_wconf 88' lang='lat' dir='ltr'><strong>possibile</strong></span> <span class='ocrx_word' id='word_1_483' title='bbox 3269 1234 3406 1278; x_wconf 90' lang='lat' dir='ltr'><strong>non</strong></span> <span class='ocrx_word' id='word_1_484' title='bbox 3458 1215 3574 1294; x_wconf 90' lang='lat' dir='ltr'><strong>sit,</strong></span> <span class='ocrx_word' id='word_1_485' title='bbox 3637 1236 3714 1281; x_wconf 91' lang='lat' dir='ltr'><strong>ea</strong></span> <span class='ocrx_word' id='word_1_486' title='bbox 3768 1223 3888 1281; x_wconf 88' lang='lat' dir='ltr'><strong>aut</strong></span> <span class='ocrx_word' id='word_1_487' title='bbox 3923 1216 4261 1303; x_wconf 65' lang='lat' dir='ltr'><strong>liuthero,</strong></span> <span class='ocrx_word' id='word_1_488' title='bbox 4319 1225 4436 1282; x_wconf 92' lang='lat' dir='ltr'><strong>aut</strong></span> 
     </span>
     <span class='ocr_line' id='line_1_67' title="bbox 2470 1294 4435 1385; baseline 0.004 -25"><span class='ocrx_word' id='word_1_489' title='bbox 2470 1294 2659 1362; x_wconf 90' lang='lat' dir='ltr'><strong>nobis</strong></span> <span class='ocrx_word' id='word_1_490' title='bbox 2703 1297 3073 1381; x_wconf 86' lang='lat' dir='ltr'><strong>suffragari.</strong></span> <span class='ocrx_word' id='word_1_491' title='bbox 3163 1298 3310 1381; x_wconf 90' lang='lat' dir='ltr'><strong>Ego</strong></span> <span class='ocrx_word' id='word_1_492' title='bbox 3355 1320 3511 1364; x_wconf 84' lang='lat' dir='ltr'><strong>vero</strong></span> <span class='ocrx_word' id='word_1_493' title='bbox 3555 1300 3816 1365; x_wconf 84' lang='lat' dir='ltr'><strong>nullum</strong></span> <span class='ocrx_word' id='word_1_494' title='bbox 3860 1308 4277 1385; x_wconf 84' lang='lat' dir='ltr'><strong>praetextum</strong></span> <span class='ocrx_word' id='word_1_495' title='bbox 4320 1301 4435 1367; x_wconf 89' lang='lat' dir='ltr'><strong>ob·</strong></span> 
     </span>
     <span class='ocr_line' id='line_1_68' title="bbox 2470 1378 4436 1467; baseline 0.003 -20"><span class='ocrx_word' id='word_1_496' title='bbox 2470 1378 2652 1447; x_wconf 89' lang='lat' dir='ltr'><strong>tendi</strong></span> <span class='ocrx_word' id='word_1_497' title='bbox 2708 1403 2898 1464; x_wconf 89' lang='lat' dir='ltr'><strong>posse</strong></span> <span class='ocrx_word' id='word_1_498' title='bbox 2953 1382 3278 1448; x_wconf 89' lang='lat' dir='ltr'><strong>contendo</strong></span> <span class='ocrx_word' id='word_1_499' title='bbox 3293 1434 3311 1463; x_wconf 89' lang='lat'><strong>,</strong></span> <span class='ocrx_word' id='word_1_500' title='bbox 3371 1385 3534 1467; x_wconf 91' lang='lat' dir='ltr'><strong>quin</strong></span> <span class='ocrx_word' id='word_1_501' title='bbox 3586 1387 3752 1451; x_wconf 89' lang='lat' dir='ltr'><strong>istae</strong></span> <span class='ocrx_word' id='word_1_502' title='bbox 3805 1407 3999 1453; x_wconf 82' lang='lat' dir='ltr'><strong>voees</strong></span> <span class='ocrx_word' id='word_1_503' title='bbox 4054 1387 4314 1453; x_wconf 89' lang='lat' dir='ltr'><strong>illustre</strong></span> <span class='ocrx_word' id='word_1_504' title='bbox 4368 1394 4436 1452; x_wconf 90' lang='lat' dir='ltr'><strong>et</strong></span> 
     </span>
     <span class='ocr_line' id='line_1_69' title="bbox 2470 1466 4432 1556; baseline 0.003 -23"><span class='ocrx_word' id='word_1_505' title='bbox 2470 1468 2927 1550; x_wconf 89' lang='lat' dir='ltr'><strong>consignatum</strong></span> <span class='ocrx_word' id='word_1_506' title='bbox 2975 1466 3061 1533; x_wconf 88' lang='lat' dir='ltr'><strong>ad</strong></span> <span class='ocrx_word' id='word_1_507' title='bbox 3099 1475 3396 1553; x_wconf 86' lang='lat' dir='ltr'><strong>posteros</strong></span> <span class='ocrx_word' id='word_1_508' title='bbox 3439 1470 3897 1536; x_wconf 90' lang='lat' dir='ltr'><strong>testimonium</strong></span> <span class='ocrx_word' id='word_1_509' title='bbox 3941 1470 4253 1553; x_wconf 79' lang='lat' dir='ltr'><strong>reddant,</strong></span> <span class='ocrx_word' id='word_1_510' title='bbox 4300 1473 4432 1556; x_wconf 90' lang='lat' dir='ltr'><strong>spi-</strong></span> 
     </span>
     <span class='ocr_line' id='line_1_70' title="bbox 2468 1554 4433 1639; baseline 0.003 -22"><span class='ocrx_word' id='word_1_511' title='bbox 2468 1554 2631 1618; x_wconf 88' lang='lat' dir='ltr'><strong>ritui</strong></span> <span class='ocrx_word' id='word_1_512' title='bbox 2687 1560 2912 1619; x_wconf 87' lang='lat' dir='ltr'><strong>sancto</strong></span> <span class='ocrx_word' id='word_1_513' title='bbox 2964 1555 3037 1618; x_wconf 91' lang='lat' dir='ltr'><strong>in</strong></span> <span class='ocrx_word' id='word_1_514' title='bbox 3091 1555 3435 1638; x_wconf 89' lang='lat' dir='ltr'><strong>scripturis</strong></span> <span class='ocrx_word' id='word_1_515' title='bbox 3489 1555 3815 1639; x_wconf 87' lang='lat' dir='ltr'><strong>loquenti,</strong></span> <span class='ocrx_word' id='word_1_516' title='bbox 3873 1564 3940 1622; x_wconf 91' lang='lat' dir='ltr'><strong>et</strong></span> <span class='ocrx_word' id='word_1_517' title='bbox 3991 1566 4260 1624; x_wconf 88' lang='lat' dir='ltr'><strong>aeterna</strong></span> <span class='ocrx_word' id='word_1_518' title='bbox 4300 1559 4433 1623; x_wconf 89' lang='lat' dir='ltr'><strong>Dei</strong></span> 
     </span>
     <span class='ocr_line' id='line_1_71' title="bbox 2468 1637 4432 1724; baseline 0.004 -22"><span class='ocrx_word' id='word_1_519' title='bbox 2468 1637 2718 1721; x_wconf 86' lang='lat' dir='ltr'><strong>placita</strong></span> <span class='ocrx_word' id='word_1_520' title='bbox 2760 1639 3256 1721; x_wconf 87' lang='lat' dir='ltr'><strong>pronuncianti,</strong></span> <span class='ocrx_word' id='word_1_521' title='bbox 3312 1639 3521 1705; x_wconf 83' lang='lat' dir='ltr'><strong>nihilo</strong></span> <span class='ocrx_word' id='word_1_522' title='bbox 3576 1642 3724 1724; x_wconf 86' lang='lat' dir='ltr'><strong>plus</strong></span> <span class='ocrx_word' id='word_1_523' title='bbox 3778 1644 4190 1710; x_wconf 84' lang='lat' dir='ltr'><strong>reverentiae</strong></span> <span class='ocrx_word' id='word_1_524' title='bbox 4242 1643 4432 1710; x_wconf 86' lang='lat' dir='ltr'><strong>detu-</strong></span> 
     </span>
     <span class='ocr_line' id='line_1_72' title="bbox 2467 1722 4432 1812; baseline 0.004 -25"><span class='ocrx_word' id='word_1_525' title='bbox 2467 1722 2625 1789; x_wconf 90' lang='lat' dir='ltr'><strong>lisse</strong></span> <span class='ocrx_word' id='word_1_526' title='bbox 2668 1724 3004 1807; x_wconf 90' lang='lat' dir='ltr'><strong>Pighium,</strong></span> <span class='ocrx_word' id='word_1_527' title='bbox 3050 1745 3244 1807; x_wconf 91' lang='lat' dir='ltr'><strong>quam</strong></span> <span class='ocrx_word' id='word_1_528' title='bbox 3278 1726 3545 1792; x_wconf 87' lang='lat' dir='ltr'><strong>Platoni</strong></span> <span class='ocrx_word' id='word_1_529' title='bbox 3590 1747 3674 1792; x_wconf 87' lang='lat' dir='ltr'><strong>ex</strong></span> <span class='ocrx_word' id='word_1_530' title='bbox 3715 1728 3985 1810; x_wconf 88' lang='lat' dir='ltr'><strong>proprio</strong></span> <span class='ocrx_word' id='word_1_531' title='bbox 4029 1728 4239 1812; x_wconf 89' lang='lat' dir='ltr'><strong>capite</strong></span> <span class='ocrx_word' id='word_1_532' title='bbox 4279 1729 4432 1812; x_wconf 84' lang='lat' dir='ltr'><strong>phi-</strong></span> 
     </span>
     <span class='ocr_line' id='line_1_73' title="bbox 2468 1808 4429 1893; baseline 0.003 -20"><span class='ocrx_word' id='word_1_533' title='bbox 2468 1808 2860 1893; x_wconf 89' lang='lat' dir='ltr'><strong>losophanti.</strong></span> <span class='ocrx_word' id='word_1_534' title='bbox 2972 1808 3142 1891; x_wconf 81' lang='lat' dir='ltr'><strong>Quis</strong></span> <span class='ocrx_word' id='word_1_535' title='bbox 3214 1813 3423 1892; x_wconf 91' lang='lat' dir='ltr'><strong>enim,</strong></span> <span class='ocrx_word' id='word_1_536' title='bbox 3505 1813 3697 1878; x_wconf 92' lang='lat' dir='ltr'><strong>modo</strong></span> <span class='ocrx_word' id='word_1_537' title='bbox 3773 1813 4133 1879; x_wconf 89' lang='lat' dir='ltr'><strong>scintillam</strong></span> <span class='ocrx_word' id='word_1_538' title='bbox 4206 1835 4429 1893; x_wconf 89' lang='lat' dir='ltr'><strong>unam,</strong></span> 
     </span>
     <span class='ocr_line' id='line_1_74' title="bbox 2467 1894 4432 1979; baseline 0.003 -20"><span class='ocrx_word' id='word_1_539' title='bbox 2467 1894 2834 1977; x_wconf 88' lang='lat' dir='ltr'><strong>quamlibet</strong></span> <span class='ocrx_word' id='word_1_540' title='bbox 2877 1896 3187 1979; x_wconf 88' lang='lat' dir='ltr'><strong>exiguam</strong></span> <span class='ocrx_word' id='word_1_541' title='bbox 3204 1948 3221 1976; x_wconf 93' lang='lat'><strong>,</strong></span> <span class='ocrx_word' id='word_1_542' title='bbox 3267 1898 3524 1964; x_wconf 89' lang='lat' dir='ltr'><strong>timoris</strong></span> <span class='ocrx_word' id='word_1_543' title='bbox 3567 1899 3697 1963; x_wconf 91' lang='lat' dir='ltr'><strong>Dei</strong></span> <span class='ocrx_word' id='word_1_544' title='bbox 3740 1896 4077 1964; x_wconf 88' lang='lat' dir='ltr'><strong>residuam</strong></span> <span class='ocrx_word' id='word_1_545' title='bbox 4120 1899 4191 1963; x_wconf 92' lang='lat' dir='ltr'><strong>in</strong></span> <span class='ocrx_word' id='word_1_546' title='bbox 4238 1899 4432 1965; x_wconf 90' lang='lat' dir='ltr'><strong>corde</strong></span> 
     </span>
     <span class='ocr_line' id='line_1_75' title="bbox 2466 1978 4430 2068; baseline 0.003 -23"><span class='ocrx_word' id='word_1_547' title='bbox 2466 1978 2740 2059; x_wconf 86' lang='lat' dir='ltr'><strong>habeat,</strong></span> <span class='ocrx_word' id='word_1_548' title='bbox 2792 1981 2886 2046; x_wconf 88' lang='lat' dir='ltr'><strong>sic</strong></span> <span class='ocrx_word' id='word_1_549' title='bbox 2928 1980 3107 2064; x_wconf 92' lang='lat' dir='ltr'><strong>loqui</strong></span> <span class='ocrx_word' id='word_1_550' title='bbox 3152 1981 3368 2047; x_wconf 80' lang='lat' dir='ltr'><strong>ausit?</strong></span> <span class='ocrx_word' id='word_1_551' title='bbox 3459 1984 3795 2068; x_wconf 84' lang='lat' dir='ltr'><strong>Angelum</strong></span> <span class='ocrx_word' id='word_1_552' title='bbox 3840 1984 4106 2068; x_wconf 89' lang='lat' dir='ltr'><strong>quidem</strong></span> <span class='ocrx_word' id='word_1_553' title='bbox 4150 2005 4186 2050; x_wconf 93' lang='lat' dir='ltr'><strong>e</strong></span> <span class='ocrx_word' id='word_1_554' title='bbox 4231 1984 4430 2064; x_wconf 91' lang='lat' dir='ltr'><strong>coelo,</strong></span> 
     </span>
     <span class='ocr_line' id='line_1_76' title="bbox 2468 2065 4431 2151; baseline 0.005 -20"><span class='ocrx_word' id='word_1_555' title='bbox 2468 2065 2525 2131; x_wconf 89' lang='lat' dir='ltr'><strong>si</strong></span> <span class='ocrx_word' id='word_1_556' title='bbox 2579 2065 2757 2130; x_wconf 88' lang='lat' dir='ltr'><strong>aliud</strong></span> <span class='ocrx_word' id='word_1_557' title='bbox 2813 2065 3231 2150; x_wconf 88' lang='lat' dir='ltr'><strong>evangelium</strong></span> <span class='ocrx_word' id='word_1_558' title='bbox 3281 2066 3611 2148; x_wconf 88' lang='lat' dir='ltr'><strong>attulerit,</strong></span> <span class='ocrx_word' id='word_1_559' title='bbox 3665 2089 3785 2151; x_wconf 91' lang='lat' dir='ltr'><strong>pro</strong></span> <span class='ocrx_word' id='word_1_560' title='bbox 3838 2070 4256 2136; x_wconf 86' lang='lat' dir='ltr'><strong>anathemate</strong></span> <span class='ocrx_word' id='word_1_561' title='bbox 4311 2070 4431 2140; x_wconf 85' lang='lat' dir='ltr'><strong>ha-</strong></span> 
     </span>
     <span class='ocr_line' id='line_1_77' title="bbox 2465 2150 4430 2239; baseline 0.002 -23"><span class='ocrx_word' id='word_1_562' title='bbox 2465 2150 2611 2216; x_wconf 90' lang='lat' dir='ltr'><strong>beri</strong></span> <span class='ocrx_word' id='word_1_563' title='bbox 2664 2150 2847 2216; x_wconf 92' lang='lat' dir='ltr'><strong>iubet</strong></span> <span class='ocrx_word' id='word_1_564' title='bbox 2897 2151 3151 2216; x_wconf 90' lang='lat' dir='ltr'><strong>Paulus</strong></span> <span class='ocrx_word' id='word_1_565' title='bbox 3206 2150 3386 2236; x_wconf 80' lang='lat' dir='ltr'><strong>(Gal.</strong></span> <span class='ocrx_word' id='word_1_566' title='bbox 3432 2158 3485 2231; x_wconf 94' lang='lat'><strong>1,</strong></span> <span class='ocrx_word' id='word_1_567' title='bbox 3525 2153 3614 2237; x_wconf 88' lang='grc'><strong>8).</strong></span> <span class='ocrx_word' id='word_1_568' title='bbox 3706 2154 3992 2237; x_wconf 90' lang='lat' dir='ltr'><strong>Nempe,</strong></span> <span class='ocrx_word' id='word_1_569' title='bbox 4051 2176 4258 2239; x_wconf 90' lang='lat' dir='ltr'><strong>quum</strong></span> <span class='ocrx_word' id='word_1_570' title='bbox 4310 2176 4430 2220; x_wconf 91' lang='lat' dir='ltr'><strong>an-</strong></span> 
     </span>
     <span class='ocr_line' id='line_1_78' title="bbox 2466 2235 4428 2323; baseline 0.003 -23"><span class='ocrx_word' id='word_1_571' title='bbox 2466 2236 2657 2321; x_wconf 88' lang='lat' dir='ltr'><strong>gelos</strong></span> <span class='ocrx_word' id='word_1_572' title='bbox 2693 2257 2822 2320; x_wconf 92' lang='lat' dir='ltr'><strong>quo</strong></span> <span class='ocrx_word' id='word_1_573' title='bbox 2865 2257 2950 2301; x_wconf 92' lang='lat' dir='ltr'><strong>ue</strong></span> <span class='ocrx_word' id='word_1_574' title='bbox 2994 2235 3224 2303; x_wconf 89' lang='lat' dir='ltr'><strong>subiici</strong></span> <span class='ocrx_word' id='word_1_575' title='bbox 3268 2246 3337 2303; x_wconf 91' lang='lat' dir='ltr'><strong>et</strong></span> <span class='ocrx_word' id='word_1_576' title='bbox 3379 2236 3643 2303; x_wconf 92' lang='lat' dir='ltr'><strong>obedire</strong></span> <span class='ocrx_word' id='word_1_577' title='bbox 3686 2240 3890 2306; x_wconf 80' lang='lat' dir='ltr'><strong>verbo</strong></span> <span class='ocrx_word' id='word_1_578' title='bbox 3935 2240 4066 2305; x_wconf 93' lang='lat' dir='ltr'><strong>Dei</strong></span> <span class='ocrx_word' id='word_1_579' title='bbox 4111 2247 4428 2323; x_wconf 85' lang='lat' dir='ltr'><strong>oporteat,</strong></span> 
     </span>
     <span class='ocr_line' id='line_1_79' title="bbox 2465 2319 4428 2407; baseline 0.002 -21"><span class='ocrx_word' id='word_1_580' title='bbox 2465 2322 2701 2388; x_wconf 88' lang='lat' dir='ltr'><strong>merito</strong></span> <span class='ocrx_word' id='word_1_581' title='bbox 2719 2346 2727 2355; x_wconf 94' lang='lat'>·</span> <span class='ocrx_word' id='word_1_582' title='bbox 2745 2343 2816 2387; x_wconf 91' lang='lat' dir='ltr'><strong>re</strong></span> <span class='ocrx_word' id='word_1_583' title='bbox 2868 2323 3136 2407; x_wconf 84' lang='lat' dir='ltr'><strong>‘guntur</strong></span> <span class='ocrx_word' id='word_1_584' title='bbox 3175 2323 3248 2388; x_wconf 92' lang='lat' dir='ltr'><strong>in</strong></span> <span class='ocrx_word' id='word_1_585' title='bbox 3291 2322 3468 2388; x_wconf 86' lang='lat' dir='ltr'><strong>hunc</strong></span> <span class='ocrx_word' id='word_1_586' title='bbox 3511 2319 3829 2404; x_wconf 88' lang='lat' dir='ltr'><strong>ordinem,</strong></span> <span class='ocrx_word' id='word_1_587' title='bbox 3877 2331 3951 2388; x_wconf 89' lang='lat' dir='ltr'><strong>ut</strong></span> <span class='ocrx_word' id='word_1_588' title='bbox 3994 2325 4052 2390; x_wconf 89' lang='lat' dir='ltr'><strong>si</strong></span> <span class='ocrx_word' id='word_1_589' title='bbox 4094 2324 4288 2390; x_wconf 89' lang='lat' dir='ltr'><strong>aliter</strong></span> <span class='ocrx_word' id='word_1_590' title='bbox 4330 2326 4428 2391; x_wconf 88' lang='lat' dir='ltr'><strong>fa-</strong></span> 
     </span>
     <span class='ocr_line' id='line_1_80' title="bbox 2465 2407 4428 2493; baseline 0.003 -22"><span class='ocrx_word' id='word_1_591' title='bbox 2465 2408 2664 2488; x_wconf 87' lang='lat' dir='ltr'><strong>ciant,</strong></span> <span class='ocrx_word' id='word_1_592' title='bbox 2709 2407 3062 2473; x_wconf 89' lang='lat' dir='ltr'><strong>daemones</strong></span> <span class='ocrx_word' id='word_1_593' title='bbox 3106 2415 3514 2474; x_wconf 87' lang='lat' dir='ltr'><strong>censeantur.</strong></span> <span class='ocrx_word' id='word_1_594' title='bbox 3607 2408 4004 2493; x_wconf 78' lang='lat' dir='ltr'><strong>Quanquam</strong></span> <span class='ocrx_word' id='word_1_595' title='bbox 4056 2417 4274 2475; x_wconf 88' lang='lat' dir='ltr'><strong>autem</strong></span> <span class='ocrx_word' id='word_1_596' title='bbox 4321 2431 4428 2477; x_wconf 89' lang='lat' dir='ltr'><strong>ac-</strong></span> 
     </span>
     <span class='ocr_line' id='line_1_81' title="bbox 2466 2492 4428 2580; baseline 0.001 -21"><span class='ocrx_word' id='word_1_597' title='bbox 2466 2492 2683 2559; x_wconf 91' lang='lat' dir='ltr'><strong>cidere</strong></span> <span class='ocrx_word' id='word_1_598' title='bbox 2726 2493 2797 2558; x_wconf 91' lang='lat' dir='ltr'><strong>id</strong></span> <span class='ocrx_word' id='word_1_599' title='bbox 2840 2514 2980 2558; x_wconf 88' lang='lat' dir='ltr'><strong>non</strong></span> <span class='ocrx_word' id='word_1_600' title='bbox 3020 2501 3252 2577; x_wconf 88' lang='lat' dir='ltr'><strong>potest,</strong></span> <span class='ocrx_word' id='word_1_601' title='bbox 3297 2495 3463 2559; x_wconf 85' lang='lat' dir='ltr'><strong>tanti</strong></span> <span class='ocrx_word' id='word_1_602' title='bbox 3510 2503 3613 2560; x_wconf 91' lang='lat' dir='ltr'><strong>est</strong></span> <span class='ocrx_word' id='word_1_603' title='bbox 3653 2505 3876 2560; x_wconf 89' lang='lat' dir='ltr'><strong>tamen</strong></span> <span class='ocrx_word' id='word_1_604' title='bbox 3921 2495 4247 2580; x_wconf 79' lang='lat' dir='ltr'><strong>evangelii</strong></span> <span class='ocrx_word' id='word_1_605' title='bbox 4286 2516 4428 2560; x_wconf 89' lang='lat' dir='ltr'><strong>ma-</strong></span> 
     </span>
     <span class='ocr_line' id='line_1_82' title="bbox 2464 2577 4428 2658; baseline 0.003 -17"><span class='ocrx_word' id='word_1_606' title='bbox 2464 2577 2695 2658; x_wconf 74' lang='lat' dir='ltr'><strong>iestaS,</strong></span> <span class='ocrx_word' id='word_1_607' title='bbox 2752 2585 2832 2644; x_wconf 91' lang='lat' dir='ltr'><strong>ut</strong></span> <span class='ocrx_word' id='word_1_608' title='bbox 2883 2578 2968 2644; x_wconf 88' lang='lat' dir='ltr'><strong>ad</strong></span> <span class='ocrx_word' id='word_1_609' title='bbox 3018 2598 3164 2644; x_wconf 83' lang='lat' dir='ltr'><strong>eam</strong></span> <span class='ocrx_word' id='word_1_610' title='bbox 3206 2579 3673 2645; x_wconf 86' lang='lat' dir='ltr'><strong>vindicandam</strong></span> <span class='ocrx_word' id='word_1_611' title='bbox 3728 2601 3814 2644; x_wconf 88' lang='lat' dir='ltr'><strong>an</strong></span> <span class='ocrx_word' id='word_1_612' title='bbox 3862 2579 4116 2646; x_wconf 91' lang='lat' dir='ltr'><strong>elorum</strong></span> <span class='ocrx_word' id='word_1_613' title='bbox 4160 2583 4428 2647; x_wconf 91' lang='lat' dir='ltr'><strong>nomine</strong></span> 
     </span>
     <span class='ocr_line' id='line_1_83' title="bbox 2464 2661 4427 2750; baseline 0.002 -21"><span class='ocrx_word' id='word_1_614' title='bbox 2464 2662 2940 2746; x_wconf 89' lang='lat' dir='ltr'><strong>quodammodo</strong></span> <span class='ocrx_word' id='word_1_615' title='bbox 2985 2661 3168 2730; x_wconf 90' lang='lat' dir='ltr'><strong>abuti</strong></span> <span class='ocrx_word' id='word_1_616' title='bbox 3218 2666 3403 2731; x_wconf 89' lang='lat' dir='ltr'><strong>nefas</strong></span> <span class='ocrx_word' id='word_1_617' title='bbox 3446 2687 3581 2731; x_wconf 93' lang='lat' dir='ltr'><strong>non</strong></span> <span class='ocrx_word' id='word_1_618' title='bbox 3626 2666 3728 2731; x_wconf 91' lang='lat' dir='ltr'><strong>sit.</strong></span> <span class='ocrx_word' id='word_1_619' title='bbox 3854 2667 3959 2750; x_wconf 90' lang='lat' dir='ltr'><strong>psi</strong></span> <span class='ocrx_word' id='word_1_620' title='bbox 4014 2670 4237 2731; x_wconf 89' lang='lat' dir='ltr'><strong>autem</strong></span> <span class='ocrx_word' id='word_1_621' title='bbox 4282 2665 4427 2732; x_wconf 92' lang='lat' dir='ltr'><strong>Deo</strong></span> 
     </span>
     <span class='ocr_line' id='line_1_84' title="bbox 2463 2749 4427 2836; baseline 0.003 -23"><span class='ocrx_word' id='word_1_622' title='bbox 2463 2750 2821 2815; x_wconf 86' lang='lat' dir='ltr'><strong>anathema</strong></span> <span class='ocrx_word' id='word_1_623' title='bbox 2862 2751 3179 2834; x_wconf 87' lang='lat' dir='ltr'><strong>irrogare,</strong></span> <span class='ocrx_word' id='word_1_624' title='bbox 3225 2751 3415 2834; x_wconf 88' lang='lat' dir='ltr'><strong>quale</strong></span> <span class='ocrx_word' id='word_1_625' title='bbox 3460 2751 3837 2836; x_wconf 88' lang='lat' dir='ltr'><strong>exemplum</strong></span> <span class='ocrx_word' id='word_1_626' title='bbox 3881 2749 4023 2817; x_wconf 79' lang='lat' dir='ltr'><strong>est?</strong></span> <span class='ocrx_word' id='word_1_627' title='bbox 4090 2750 4314 2817; x_wconf 88' lang='lat' dir='ltr'><strong>Deum</strong></span> <span class='ocrx_word' id='word_1_628' title='bbox 4352 2752 4427 2818; x_wconf 90' lang='lat' dir='ltr'><strong>in</strong></span> 
     </span>
     <span class='ocr_line' id='line_1_85' title="bbox 2462 2835 4425 2920; baseline 0.001 -19"><span class='ocrx_word' id='word_1_629' title='bbox 2462 2835 2810 2919; x_wconf 86' lang='lat' dir='ltr'><strong>scripturis</strong></span> <span class='ocrx_word' id='word_1_630' title='bbox 2854 2837 3099 2902; x_wconf 85' lang='lat' dir='ltr'><strong>sanctis</strong></span> <span class='ocrx_word' id='word_1_631' title='bbox 3134 2835 3328 2919; x_wconf 89' lang='lat' dir='ltr'><strong>loqui,</strong></span> <span class='ocrx_word' id='word_1_632' title='bbox 3375 2858 3567 2902; x_wconf 89' lang='lat' dir='ltr'><strong>nemo</strong></span> <span class='ocrx_word' id='word_1_633' title='bbox 3606 2838 3867 2920; x_wconf 88' lang='lat' dir='ltr'><strong>piorum</strong></span> <span class='ocrx_word' id='word_1_634' title='bbox 3906 2836 4177 2902; x_wconf 90' lang='lat' dir='ltr'><strong>dubitat.</strong></span> <span class='ocrx_word' id='word_1_635' title='bbox 4248 2837 4425 2919; x_wconf 79' lang='lat' dir='ltr'><strong>Quid</strong></span> 
     </span>
     <span class='ocr_line' id='line_1_86' title="bbox 2464 2920 4427 3008; baseline 0.002 -23"><span class='ocrx_word' id='word_1_636' title='bbox 2464 2940 2623 3005; x_wconf 88' lang='lat' dir='ltr'><strong>ergo</strong></span> <span class='ocrx_word' id='word_1_637' title='bbox 2680 2920 2863 2987; x_wconf 90' lang='lat' dir='ltr'><strong>aliud</strong></span> <span class='ocrx_word' id='word_1_638' title='bbox 2919 2921 3044 2988; x_wconf 93' lang='lat' dir='ltr'><strong>sibi</strong></span> <span class='ocrx_word' id='word_1_639' title='bbox 3105 2922 3320 2987; x_wconf 79' lang='lat' dir='ltr'><strong>voluit</strong></span> <span class='ocrx_word' id='word_1_640' title='bbox 3381 2922 3517 2988; x_wconf 89' lang='lat' dir='ltr'><strong>illis</strong></span> <span class='ocrx_word' id='word_1_641' title='bbox 3572 2921 3795 2988; x_wconf 86' lang='lat' dir='ltr'><strong>verbis</strong></span> <span class='ocrx_word' id='word_1_642' title='bbox 3850 2922 4160 3008; x_wconf 74' lang='lat' dir='ltr'><strong>PighiuS,</strong></span> <span class='ocrx_word' id='word_1_643' title='bbox 4228 2944 4427 3007; x_wconf 90' lang='lat' dir='ltr'><strong>quam</strong></span> 
     </span>
     <span class='ocr_line' id='line_1_87' title="bbox 2463 3006 4427 3087; baseline 0 -14"><span class='ocrx_word' id='word_1_644' title='bbox 2463 3014 2646 3073; x_wconf 88' lang='lat' dir='ltr'><strong>certa</strong></span> <span class='ocrx_word' id='word_1_645' title='bbox 2700 3008 2829 3071; x_wconf 92' lang='lat' dir='ltr'><strong>Dei</strong></span> <span class='ocrx_word' id='word_1_646' title='bbox 2884 3006 3147 3073; x_wconf 89' lang='lat' dir='ltr'><strong>oracula</strong></span> <span class='ocrx_word' id='word_1_647' title='bbox 3201 3012 3350 3087; x_wconf 77' lang='lat' dir='ltr'><strong>[pag.</strong></span> <span class='ocrx_word' id='word_1_648' title='bbox 3404 3013 3513 3087; x_wconf 80' lang='lat'><strong>47]</strong></span> <span class='ocrx_word' id='word_1_649' title='bbox 3571 3029 3642 3073; x_wconf 89' lang='lat' dir='ltr'><strong>se</strong></span> <span class='ocrx_word' id='word_1_650' title='bbox 3695 3008 4023 3074; x_wconf 89' lang='lat' dir='ltr'><strong>dicturum</strong></span> <span class='ocrx_word' id='word_1_651' title='bbox 4079 3028 4119 3073; x_wconf 90' lang='lat' dir='ltr'><strong>a</strong></span> <span class='ocrx_word' id='word_1_652' title='bbox 4172 3008 4427 3074; x_wconf 88' lang='lat' dir='ltr'><strong>diabolo</strong></span> 
     </span>
     <span class='ocr_line' id='line_1_88' title="bbox 2463 3092 4423 3171; baseline 0 -14"><span class='ocrx_word' id='word_1_653' title='bbox 2463 3092 2642 3157; x_wconf 89' lang='lat' dir='ltr'><strong>edita</strong></span> <span class='ocrx_word' id='word_1_654' title='bbox 2694 3093 2932 3171; x_wconf 87' lang='lat' dir='ltr'><strong>fuisse,</strong></span> <span class='ocrx_word' id='word_1_655' title='bbox 2988 3096 3045 3159; x_wconf 98' lang='lat' dir='ltr'><strong>si</strong></span> <span class='ocrx_word' id='word_1_656' title='bbox 3098 3093 3380 3158; x_wconf 89' lang='lat' dir='ltr'><strong>liberum</strong></span> <span class='ocrx_word' id='word_1_657' title='bbox 3437 3092 3691 3159; x_wconf 90' lang='lat' dir='ltr'><strong>homini</strong></span> <span class='ocrx_word' id='word_1_658' title='bbox 3747 3094 4090 3159; x_wconf 88' lang='lat' dir='ltr'><strong>arbitrium</strong></span> <span class='ocrx_word' id='word_1_659' title='bbox 4146 3092 4423 3159; x_wconf 75' lang='lat' dir='ltr'><strong>tollant?</strong></span> 
     </span>
    </p>
   </div>
   <div class='ocr_carea' id='block_1_9' title="bbox 2413 3177 4423 3262">
    <p class='ocr_par' dir='ltr' id='par_1_10' title="bbox 2413 3177 4423 3262">
     <span class='ocr_line' id='line_1_89' title="bbox 2413 3177 4423 3262; baseline 0.001 -20"><span class='ocrx_word' id='word_1_660' title='bbox 2413 3197 2419 3212; x_wconf 67' lang='lat'><em>*</em></span> <span class='ocrx_word' id='word_1_661' title='bbox 2462 3177 2650 3244; x_wconf 88' lang='lat' dir='ltr'><strong>Haec</strong></span> <span class='ocrx_word' id='word_1_662' title='bbox 2694 3179 3064 3262; x_wconf 90' lang='lat' dir='ltr'><strong>quicunque</strong></span> <span class='ocrx_word' id='word_1_663' title='bbox 3107 3180 3256 3261; x_wconf 90' lang='lat' dir='ltr'><strong>pius</strong></span> <span class='ocrx_word' id='word_1_664' title='bbox 3300 3177 3501 3258; x_wconf 91' lang='lat' dir='ltr'><strong>audit,</strong></span> <span class='ocrx_word' id='word_1_665' title='bbox 3546 3198 3767 3243; x_wconf 91' lang='lat' dir='ltr'><strong>nonne</strong></span> <span class='ocrx_word' id='word_1_666' title='bbox 3802 3178 4168 3244; x_wconf 82' lang='lat' dir='ltr'><strong>Cerberum</strong></span> <span class='ocrx_word' id='word_1_667' title='bbox 4203 3181 4423 3262; x_wconf 88' lang='lat' dir='ltr'><strong>potius</strong></span> 
     </span>
    </p>
   </div>
   <div class='ocr_carea' id='block_1_10' title="bbox 2457 3262 4425 5316">
    <p class='ocr_par' dir='ltr' id='par_1_11' title="bbox 2462 3262 4164 3347">
     <span class='ocr_line' id='line_1_90' title="bbox 2462 3262 4164 3347; baseline -0.001 -20"><span class='ocrx_word' id='word_1_668' title='bbox 2462 3262 2751 3347; x_wconf 89' lang='lat' dir='ltr'><strong>aliquem</strong></span> <span class='ocrx_word' id='word_1_669' title='bbox 2788 3263 3036 3329; x_wconf 86' lang='lat' dir='ltr'><strong>latrare</strong></span> <span class='ocrx_word' id='word_1_670' title='bbox 3081 3263 3273 3343; x_wconf 89' lang='lat' dir='ltr'><strong>dicat,</strong></span> <span class='ocrx_word' id='word_1_671' title='bbox 3319 3285 3515 3347; x_wconf 87' lang='lat' dir='ltr'><strong>quam</strong></span> <span class='ocrx_word' id='word_1_672' title='bbox 3555 3264 3891 3329; x_wconf 86' lang='lat' dir='ltr'><strong>hominem</strong></span> <span class='ocrx_word' id='word_1_673' title='bbox 3936 3262 4164 3347; x_wconf 82' lang='lat' dir='ltr'><strong>loqui?</strong></span> 
     </span>
    </p>

    <p class='ocr_par' dir='ltr' id='par_1_12' title="bbox 2457 3349 4425 5316">
     <span class='ocr_line' id='line_1_91' title="bbox 2633 3349 4425 3433; baseline 0.001 -20"><span class='ocrx_word' id='word_1_674' title='bbox 2633 3349 2781 3414; x_wconf 87' lang='lat' dir='ltr'><strong>Iam</strong></span> <span class='ocrx_word' id='word_1_675' title='bbox 2824 3358 2897 3414; x_wconf 90' lang='lat' dir='ltr'><strong>ut</strong></span> <span class='ocrx_word' id='word_1_676' title='bbox 2935 3350 3297 3433; x_wconf 88' lang='lat' dir='ltr'><strong>scripturas</strong></span> <span class='ocrx_word' id='word_1_677' title='bbox 3340 3350 3516 3432; x_wconf 89' lang='lat' dir='ltr'><strong>ipsas</strong></span> <span class='ocrx_word' id='word_1_678' title='bbox 3561 3349 3750 3415; x_wconf 88' lang='lat' dir='ltr'><strong>nobis</strong></span> <span class='ocrx_word' id='word_1_679' title='bbox 3793 3350 4103 3428; x_wconf 84' lang='lat' dir='ltr'><strong>excutiat,</strong></span> <span class='ocrx_word' id='word_1_680' title='bbox 4149 3349 4276 3413; x_wconf 88' lang='lat' dir='ltr'><strong>hoc</strong></span> <span class='ocrx_word' id='word_1_681' title='bbox 4318 3368 4425 3414; x_wconf 88' lang='lat' dir='ltr'><strong>ar-</strong></span> 
     </span>
     <span class='ocr_line' id='line_1_92' title="bbox 2461 3432 4423 3518; baseline 0.001 -20"><span class='ocrx_word' id='word_1_682' title='bbox 2461 3440 2775 3518; x_wconf 87' lang='lat' dir='ltr'><strong>gumento</strong></span> <span class='ocrx_word' id='word_1_683' title='bbox 2830 3434 3069 3499; x_wconf 90' lang='lat' dir='ltr'><strong>utitur:</strong></span> <span class='ocrx_word' id='word_1_684' title='bbox 3136 3434 3374 3518; x_wconf 83' lang='lat' dir='ltr'><strong>legisse</strong></span> <span class='ocrx_word' id='word_1_685' title='bbox 3430 3455 3541 3498; x_wconf 90' lang='lat' dir='ltr'><strong>eas</strong></span> <span class='ocrx_word' id='word_1_686' title='bbox 3592 3440 3817 3518; x_wconf 89' lang='lat' dir='ltr'><strong>patres</strong></span> <span class='ocrx_word' id='word_1_687' title='bbox 3872 3454 4128 3513; x_wconf 89' lang='lat' dir='ltr'><strong>omnes,</strong></span> <span class='ocrx_word' id='word_1_688' title='bbox 4197 3432 4423 3499; x_wconf 89' lang='lat' dir='ltr'><strong>ortho-</strong></span> 
     </span>
     <span class='ocr_line' id='line_1_93' title="bbox 2462 3519 4423 3598; baseline -0.001 -14"><span class='ocrx_word' id='word_1_689' title='bbox 2462 3519 2667 3585; x_wconf 91' lang='lat' dir='ltr'><strong>doxos</strong></span> <span class='ocrx_word' id='word_1_690' title='bbox 2712 3526 2777 3584; x_wconf 93' lang='lat' dir='ltr'><strong>et</strong></span> <span class='ocrx_word' id='word_1_691' title='bbox 2830 3526 3091 3585; x_wconf 87' lang='lat' dir='ltr'><strong>sanctos</strong></span> <span class='ocrx_word' id='word_1_692' title='bbox 3143 3519 3475 3598; x_wconf 88' lang='lat' dir='ltr'><strong>homines,</strong></span> <span class='ocrx_word' id='word_1_693' title='bbox 3532 3520 3865 3584; x_wconf 90' lang='lat' dir='ltr'><strong>neminem</strong></span> <span class='ocrx_word' id='word_1_694' title='bbox 3918 3524 4141 3584; x_wconf 87' lang='lat' dir='ltr'><strong>tamen</strong></span> <span class='ocrx_word' id='word_1_695' title='bbox 4194 3539 4423 3584; x_wconf 88' lang='lat' dir='ltr'><strong>eorum</strong></span> 
     </span>
     <span class='ocr_line' id='line_1_94' title="bbox 2460 3603 4422 3688; baseline 0 -19"><span class='ocrx_word' id='word_1_696' title='bbox 2460 3604 2895 3684; x_wconf 82' lang='lat' dir='ltr'><strong>intellexisse,</strong></span> <span class='ocrx_word' id='word_1_697' title='bbox 2963 3603 3327 3672; x_wconf 85' lang='lat' dir='ltr'><strong>inevitabili</strong></span> <span class='ocrx_word' id='word_1_698' title='bbox 3392 3604 3782 3670; x_wconf 85' lang='lat' dir='ltr'><strong>necessitate</strong></span> <span class='ocrx_word' id='word_1_699' title='bbox 3831 3603 4020 3670; x_wconf 92' lang='lat' dir='ltr'><strong>nobis</strong></span> <span class='ocrx_word' id='word_1_700' title='bbox 4073 3606 4422 3688; x_wconf 78' lang='lat' dir='ltr'><strong>provenire</strong></span> 
     </span>
     <span class='ocr_line' id='line_1_95' title="bbox 2459 3687 4421 3774; baseline 0 -18"><span class='ocrx_word' id='word_1_701' title='bbox 2459 3691 2710 3771; x_wconf 88' lang='lat' dir='ltr'><strong>omnia;</strong></span> <span class='ocrx_word' id='word_1_702' title='bbox 2762 3691 3094 3756; x_wconf 91' lang='lat' dir='ltr'><strong>neminem</strong></span> <span class='ocrx_word' id='word_1_703' title='bbox 3152 3689 3425 3772; x_wconf 81' lang='lat' dir='ltr'><strong>dixisse,</strong></span> <span class='ocrx_word' id='word_1_704' title='bbox 3480 3687 3909 3774; x_wconf 88' lang='lat' dir='ltr'><strong>impossibilia</strong></span> <span class='ocrx_word' id='word_1_705' title='bbox 3961 3690 4150 3757; x_wconf 90' lang='lat' dir='ltr'><strong>nobis</strong></span> <span class='ocrx_word' id='word_1_706' title='bbox 4195 3710 4235 3754; x_wconf 90' lang='lat' dir='ltr'><strong>a</strong></span> <span class='ocrx_word' id='word_1_707' title='bbox 4277 3690 4421 3756; x_wconf 90' lang='lat' dir='ltr'><strong>Deo</strong></span> 
     </span>
     <span class='ocr_line' id='line_1_96' title="bbox 2458 3774 4419 3860; baseline -0.002 -18"><span class='ocrx_word' id='word_1_708' title='bbox 2458 3777 2776 3860; x_wconf 89' lang='lat' dir='ltr'><strong>praecipi,</strong></span> <span class='ocrx_word' id='word_1_709' title='bbox 2838 3784 2953 3842; x_wconf 88' lang='lat' dir='ltr'><strong>aut</strong></span> <span class='ocrx_word' id='word_1_710' title='bbox 3003 3798 3122 3860; x_wconf 87' lang='lat' dir='ltr'><strong>pro</strong></span> <span class='ocrx_word' id='word_1_711' title='bbox 3175 3776 3259 3842; x_wconf 89' lang='lat' dir='ltr'><strong>iis</strong></span> <span class='ocrx_word' id='word_1_712' title='bbox 3309 3774 3608 3841; x_wconf 89' lang='lat' dir='ltr'><strong>damnari</strong></span> <span class='ocrx_word' id='word_1_713' title='bbox 3664 3775 3999 3855; x_wconf 89' lang='lat' dir='ltr'><strong>homines,</strong></span> <span class='ocrx_word' id='word_1_714' title='bbox 4057 3795 4224 3858; x_wconf 87' lang='lat' dir='ltr'><strong>quae</strong></span> <span class='ocrx_word' id='word_1_715' title='bbox 4282 3795 4419 3840; x_wconf 92' lang='lat' dir='ltr'><strong>non</strong></span> 
     </span>
     <span class='ocr_line' id='line_1_97' title="bbox 2458 3860 4420 3944; baseline -0.002 -17"><span class='ocrx_word' id='word_1_716' title='bbox 2458 3861 2666 3927; x_wconf 91' lang='lat' dir='ltr'><strong>libera</strong></span> <span class='ocrx_word' id='word_1_717' title='bbox 2718 3862 3061 3928; x_wconf 82' lang='lat' dir='ltr'><strong>voluntate</strong></span> <span class='ocrx_word' id='word_1_718' title='bbox 3075 3914 3093 3943; x_wconf 91' lang='lat'><strong>,</strong></span> <span class='ocrx_word' id='word_1_719' title='bbox 3149 3860 3264 3928; x_wconf 91' lang='lat' dir='ltr'><strong>sed</strong></span> <span class='ocrx_word' id='word_1_720' title='bbox 3321 3862 3508 3927; x_wconf 88' lang='lat' dir='ltr'><strong>fatali</strong></span> <span class='ocrx_word' id='word_1_721' title='bbox 3562 3861 3951 3926; x_wconf 87' lang='lat' dir='ltr'><strong>necessitate</strong></span> <span class='ocrx_word' id='word_1_722' title='bbox 4001 3860 4271 3944; x_wconf 89' lang='lat' dir='ltr'><strong>impulsi</strong></span> <span class='ocrx_word' id='word_1_723' title='bbox 4323 3862 4420 3924; x_wconf 86' lang='lat' dir='ltr'><strong>fa-</strong></span> 
     </span>
     <span class='ocr_line' id='line_1_98' title="bbox 2459 3947 4419 4028; baseline -0.001 -15"><span class='ocrx_word' id='word_1_724' title='bbox 2459 3949 2671 4028; x_wconf 83' lang='lat' dir='ltr'><strong>ciunt3</strong></span> <span class='ocrx_word' id='word_1_725' title='bbox 2728 3949 3089 4027; x_wconf 91' lang='lat' dir='ltr'><strong>neminem,</strong></span> <span class='ocrx_word' id='word_1_726' title='bbox 3144 3949 3371 4014; x_wconf 91' lang='lat' dir='ltr'><strong>Deum</strong></span> <span class='ocrx_word' id='word_1_727' title='bbox 3413 3947 3821 4013; x_wconf 86' lang='lat' dir='ltr'><strong>existimasse</strong></span> <span class='ocrx_word' id='word_1_728' title='bbox 3862 3947 4110 4011; x_wconf 89' lang='lat' dir='ltr'><strong>fontem</strong></span> <span class='ocrx_word' id='word_1_729' title='bbox 4156 3966 4233 4011; x_wconf 93' lang='lat' dir='ltr'><strong>ac</strong></span> <span class='ocrx_word' id='word_1_730' title='bbox 4278 3964 4419 4011; x_wconf 90' lang='lat' dir='ltr'><strong>soa-</strong></span> 
     </span>
     <span class='ocr_line' id='line_1_99' title="bbox 2460 4030 4419 4118; baseline -0.002 -20"><span class='ocrx_word' id='word_1_731' title='bbox 2460 4034 2819 4118; x_wconf 85' lang='lat' dir='ltr'><strong>turiginem</strong></span> <span class='ocrx_word' id='word_1_732' title='bbox 2885 4033 3209 4099; x_wconf 89' lang='lat' dir='ltr'><strong>scelerum</strong></span> <span class='ocrx_word' id='word_1_733' title='bbox 3274 4040 3344 4098; x_wconf 89' lang='lat' dir='ltr'><strong>et</strong></span> <span class='ocrx_word' id='word_1_734' title='bbox 3402 4033 3803 4118; x_wconf 87' lang='lat' dir='ltr'><strong>flagitiorum</strong></span> <span class='ocrx_word' id='word_1_735' title='bbox 3861 4031 4179 4096; x_wconf 90' lang='lat' dir='ltr'><strong>omnium.</strong></span> <span class='ocrx_word' id='word_1_736' title='bbox 4268 4030 4419 4095; x_wconf 88' lang='lat' dir='ltr'><strong>Pri-</strong></span> 
     </span>
     <span class='ocr_line' id='line_1_100' title="bbox 2457 4115 4420 4204; baseline -0.002 -20"><span class='ocrx_word' id='word_1_737' title='bbox 2457 4140 2643 4184; x_wconf 88' lang='lat' dir='ltr'><strong>mum</strong></span> <span class='ocrx_word' id='word_1_738' title='bbox 2687 4118 3076 4202; x_wconf 78' lang='lat' dir='ltr'><strong>responden,</strong></span> <span class='ocrx_word' id='word_1_739' title='bbox 3132 4123 3355 4204; x_wconf 89' lang='lat' dir='ltr'><strong>patres</strong></span> <span class='ocrx_word' id='word_1_740' title='bbox 3398 4118 3615 4183; x_wconf 86' lang='lat' dir='ltr'><strong>nihilo</strong></span> <span class='ocrx_word' id='word_1_741' title='bbox 3652 4117 3866 4201; x_wconf 89' lang='lat' dir='ltr'><strong>magis</strong></span> <span class='ocrx_word' id='word_1_742' title='bbox 3911 4136 4109 4199; x_wconf 88' lang='lat' dir='ltr'><strong>quam</strong></span> <span class='ocrx_word' id='word_1_743' title='bbox 4152 4137 4273 4181; x_wconf 90' lang='lat' dir='ltr'><strong>nos</strong></span> <span class='ocrx_word' id='word_1_744' title='bbox 4314 4115 4420 4181; x_wconf 82' lang='lat' dir='ltr'><strong>vi-</strong></span> 
     </span>
     <span class='ocr_line' id='line_1_101' title="bbox 2459 4199 4419 4288; baseline -0.002 -17"><span class='ocrx_word' id='word_1_745' title='bbox 2459 4213 2600 4271; x_wconf 91' lang='lat' dir='ltr'><strong>tam</strong></span> <span class='ocrx_word' id='word_1_746' title='bbox 2640 4225 2875 4288; x_wconf 88' lang='lat' dir='ltr'><strong>resque</strong></span> <span class='ocrx_word' id='word_1_747' title='bbox 2918 4204 3263 4270; x_wconf 89' lang='lat' dir='ltr'><strong>hominum</strong></span> <span class='ocrx_word' id='word_1_748' title='bbox 3303 4205 3607 4270; x_wconf 86' lang='lat' dir='ltr'><strong>fortunae</strong></span> <span class='ocrx_word' id='word_1_749' title='bbox 3651 4202 3991 4280; x_wconf 89' lang='lat' dir='ltr'><strong>subiicere,</strong></span> <span class='ocrx_word' id='word_1_750' title='bbox 4039 4199 4156 4265; x_wconf 89' lang='lat' dir='ltr'><strong>sed</strong></span> <span class='ocrx_word' id='word_1_751' title='bbox 4197 4200 4419 4284; x_wconf 84' lang='lat' dir='ltr'><strong>provi-</strong></span> 
     </span>
     <span class='ocr_line' id='line_1_102' title="bbox 2459 4289 4422 4375; baseline -0.003 -19"><span class='ocrx_word' id='word_1_752' title='bbox 2459 4289 2755 4356; x_wconf 90' lang='lat' dir='ltr'><strong>dentiam</strong></span> <span class='ocrx_word' id='word_1_753' title='bbox 2809 4289 2941 4355; x_wconf 88' lang='lat' dir='ltr'><strong>Dei</strong></span> <span class='ocrx_word' id='word_1_754' title='bbox 2997 4311 3351 4375; x_wconf 88' lang='lat' dir='ltr'><strong>agnoscere</strong></span> <span class='ocrx_word' id='word_1_755' title='bbox 3408 4296 3476 4354; x_wconf 93' lang='lat' dir='ltr'><strong>et</strong></span> <span class='ocrx_word' id='word_1_756' title='bbox 3531 4289 3929 4354; x_wconf 88' lang='lat' dir='ltr'><strong>constituere</strong></span> <span class='ocrx_word' id='word_1_757' title='bbox 3982 4306 4309 4351; x_wconf 89' lang='lat' dir='ltr'><strong>summam</strong></span> <span class='ocrx_word' id='word_1_758' title='bbox 4354 4292 4422 4351; x_wconf 93' lang='lat' dir='ltr'><strong>et</strong></span> 
     </span>
     <span class='ocr_line' id='line_1_103' title="bbox 2457 4371 4419 4461; baseline -0.004 -19"><span class='ocrx_word' id='word_1_759' title='bbox 2457 4378 2721 4443; x_wconf 87' lang='lat' dir='ltr'><strong>unicam</strong></span> <span class='ocrx_word' id='word_1_760' title='bbox 2764 4375 3315 4461; x_wconf 86' lang='lat' dir='ltr'><strong>gubernatricem,</strong></span> <span class='ocrx_word' id='word_1_761' title='bbox 3367 4395 3532 4459; x_wconf 86' lang='lat' dir='ltr'><strong>quae</strong></span> <span class='ocrx_word' id='word_1_762' title='bbox 3576 4374 3826 4457; x_wconf 88' lang='lat' dir='ltr'><strong>praesit</strong></span> <span class='ocrx_word' id='word_1_763' title='bbox 3868 4371 4159 4437; x_wconf 89' lang='lat' dir='ltr'><strong>consiliis</strong></span> <span class='ocrx_word' id='word_1_764' title='bbox 4203 4371 4419 4436; x_wconf 87' lang='lat' dir='ltr'><strong>homi-</strong></span> 
     </span>
     <span class='ocr_line' id='line_1_104' title="bbox 2458 4456 4418 4542; baseline -0.003 -15"><span class='ocrx_word' id='word_1_765' title='bbox 2458 4483 2622 4527; x_wconf 92' lang='lat' dir='ltr'><strong>num</strong></span> <span class='ocrx_word' id='word_1_766' title='bbox 2638 4514 2653 4542; x_wconf 94' lang='lat'><strong>,</strong></span> <span class='ocrx_word' id='word_1_767' title='bbox 2718 4461 3099 4527; x_wconf 81' lang='lat' dir='ltr'><strong>voluntates</strong></span> <span class='ocrx_word' id='word_1_768' title='bbox 3164 4462 3417 4538; x_wconf 90' lang='lat' dir='ltr'><strong>flectat,</strong></span> <span class='ocrx_word' id='word_1_769' title='bbox 3485 4466 3759 4526; x_wconf 84' lang='lat' dir='ltr'><strong>eventus</strong></span> <span class='ocrx_word' id='word_1_770' title='bbox 3822 4456 4202 4523; x_wconf 90' lang='lat' dir='ltr'><strong>moderetur</strong></span> <span class='ocrx_word' id='word_1_771' title='bbox 4213 4479 4231 4536; x_wconf 89' lang='lat'>;</span> <span class='ocrx_word' id='word_1_772' title='bbox 4295 4478 4418 4523; x_wconf 92' lang='lat' dir='ltr'><strong>nee</strong></span> 
     </span>
     <span class='ocr_line' id='line_1_105' title="bbox 2457 4542 4418 4633; baseline -0.002 -22"><span class='ocrx_word' id='word_1_773' title='bbox 2457 4548 2946 4633; x_wconf 83' lang='lat' dir='ltr'><strong>providentiam</strong></span> <span class='ocrx_word' id='word_1_774' title='bbox 2988 4568 3099 4613; x_wconf 88' lang='lat' dir='ltr'><strong>eos</strong></span> <span class='ocrx_word' id='word_1_775' title='bbox 3147 4545 3526 4630; x_wconf 88' lang='lat' dir='ltr'><strong>imaginari,</strong></span> <span class='ocrx_word' id='word_1_776' title='bbox 3586 4563 3753 4627; x_wconf 87' lang='lat' dir='ltr'><strong>quae</strong></span> <span class='ocrx_word' id='word_1_777' title='bbox 3811 4542 4059 4608; x_wconf 91' lang='lat' dir='ltr'><strong>subitos</strong></span> <span class='ocrx_word' id='word_1_778' title='bbox 4112 4549 4230 4607; x_wconf 89' lang='lat' dir='ltr'><strong>aut</strong></span> <span class='ocrx_word' id='word_1_779' title='bbox 4271 4562 4418 4609; x_wconf 88' lang='lat' dir='ltr'><strong>cae-</strong></span> 
     </span>
     <span class='ocr_line' id='line_1_106' title="bbox 2460 4628 4416 4711; baseline -0.004 -11"><span class='ocrx_word' id='word_1_780' title='bbox 2460 4654 2569 4700; x_wconf 90' lang='lat' dir='ltr'><strong>cos</strong></span> <span class='ocrx_word' id='word_1_781' title='bbox 2621 4631 2863 4698; x_wconf 88' lang='lat' dir='ltr'><strong>habeat</strong></span> <span class='ocrx_word' id='word_1_782' title='bbox 2918 4639 3163 4710; x_wconf 91' lang='lat' dir='ltr'><strong>motus,</strong></span> <span class='ocrx_word' id='word_1_783' title='bbox 3217 4631 3324 4698; x_wconf 84' lang='lat' dir='ltr'><strong>vel</strong></span> <span class='ocrx_word' id='word_1_784' title='bbox 3382 4631 3464 4696; x_wconf 90' lang='lat' dir='ltr'><strong>ab</strong></span> <span class='ocrx_word' id='word_1_785' title='bbox 3517 4628 3935 4695; x_wconf 84' lang='lat' dir='ltr'><strong>inferioribus</strong></span> <span class='ocrx_word' id='word_1_786' title='bbox 3990 4629 4201 4693; x_wconf 89' lang='lat' dir='ltr'><strong>causis</strong></span> <span class='ocrx_word' id='word_1_787' title='bbox 4255 4649 4416 4711; x_wconf 88' lang='lat' dir='ltr'><strong>pen·</strong></span> 
     </span>
     <span class='ocr_line' id='line_1_107' title="bbox 2459 4712 4415 4798; baseline -0.003 -15"><span class='ocrx_word' id='word_1_788' title='bbox 2459 4719 2640 4798; x_wconf 89' lang='lat' dir='ltr'><strong>deat,</strong></span> <span class='ocrx_word' id='word_1_789' title='bbox 2683 4718 2790 4784; x_wconf 80' lang='lat' dir='ltr'><strong>vel</strong></span> <span class='ocrx_word' id='word_1_790' title='bbox 2842 4724 3032 4783; x_wconf 88' lang='lat' dir='ltr'><strong>nutet</strong></span> <span class='ocrx_word' id='word_1_791' title='bbox 3071 4717 3260 4783; x_wconf 82' lang='lat' dir='ltr'><strong>varia</strong></span> <span class='ocrx_word' id='word_1_792' title='bbox 3308 4723 3378 4782; x_wconf 92' lang='lat' dir='ltr'><strong>et</strong></span> <span class='ocrx_word' id='word_1_793' title='bbox 3423 4715 3676 4780; x_wconf 88' lang='lat' dir='ltr'><strong>incerta</strong></span> <span class='ocrx_word' id='word_1_794' title='bbox 3718 4712 3803 4779; x_wconf 88' lang='lat' dir='ltr'><strong>ad</strong></span> <span class='ocrx_word' id='word_1_795' title='bbox 3844 4713 4153 4778; x_wconf 86' lang='lat' dir='ltr'><strong>fortuitos</strong></span> <span class='ocrx_word' id='word_1_796' title='bbox 4206 4733 4415 4793; x_wconf 88' lang='lat' dir='ltr'><strong>casus,</strong></span> 
     </span>
     <span class='ocr_line' id='line_1_108' title="bbox 2460 4798 4416 4887; baseline -0.003 -17"><span class='ocrx_word' id='word_1_797' title='bbox 2460 4802 2577 4870; x_wconf 91' lang='lat' dir='ltr'><strong>sed</strong></span> <span class='ocrx_word' id='word_1_798' title='bbox 2611 4824 2779 4887; x_wconf 91' lang='lat' dir='ltr'><strong>quae</strong></span> <span class='ocrx_word' id='word_1_799' title='bbox 2821 4804 3032 4882; x_wconf 87' lang='lat' dir='ltr'><strong>firmo,</strong></span> <span class='ocrx_word' id='word_1_800' title='bbox 3077 4801 3314 4881; x_wconf 88' lang='lat' dir='ltr'><strong>stabili,</strong></span> <span class='ocrx_word' id='word_1_801' title='bbox 3358 4807 3801 4884; x_wconf 89' lang='lat' dir='ltr'><strong>perpetuoque</strong></span> <span class='ocrx_word' id='word_1_802' title='bbox 3842 4805 4069 4865; x_wconf 88' lang='lat' dir='ltr'><strong>tenore</strong></span> <span class='ocrx_word' id='word_1_803' title='bbox 4104 4798 4228 4864; x_wconf 91' lang='lat' dir='ltr'><strong>sibi</strong></span> <span class='ocrx_word' id='word_1_804' title='bbox 4262 4820 4416 4865; x_wconf 90' lang='lat' dir='ltr'><strong>con-</strong></span> 
     </span>
     <span class='ocr_line' id='line_1_109' title="bbox 2459 4884 4413 4972; baseline -0.003 -17"><span class='ocrx_word' id='word_1_805' title='bbox 2459 4896 2606 4956; x_wconf 88' lang='lat' dir='ltr'><strong>stet.</strong></span> <span class='ocrx_word' id='word_1_806' title='bbox 2672 4887 2780 4954; x_wconf 88' lang='lat' dir='ltr'><strong>De</strong></span> <span class='ocrx_word' id='word_1_807' title='bbox 2822 4887 3114 4972; x_wconf 88' lang='lat' dir='ltr'><strong>possibili</strong></span> <span class='ocrx_word' id='word_1_808' title='bbox 3157 4895 3271 4953; x_wconf 91' lang='lat' dir='ltr'><strong>aut</strong></span> <span class='ocrx_word' id='word_1_809' title='bbox 3311 4885 3698 4970; x_wconf 89' lang='lat' dir='ltr'><strong>impossibili</strong></span> <span class='ocrx_word' id='word_1_810' title='bbox 3737 4885 3903 4970; x_wconf 83' lang='lat' dir='ltr'><strong>legis</strong></span> <span class='ocrx_word' id='word_1_811' title='bbox 3939 4884 4413 4964; x_wconf 85' lang='lat' dir='ltr'><strong>observatione,</strong></span> 
     </span>
     <span class='ocr_line' id='line_1_110' title="bbox 2458 4968 4415 5057; baseline -0.004 -17"><span class='ocrx_word' id='word_1_812' title='bbox 2458 4997 2597 5041; x_wconf 93' lang='lat' dir='ltr'><strong>non</strong></span> <span class='ocrx_word' id='word_1_813' title='bbox 2651 4981 2753 5039; x_wconf 90' lang='lat' dir='ltr'><strong>est</strong></span> <span class='ocrx_word' id='word_1_814' title='bbox 2798 4973 2971 5057; x_wconf 89' lang='lat' dir='ltr'><strong>quod</strong></span> <span class='ocrx_word' id='word_1_815' title='bbox 3030 4993 3150 5039; x_wconf 92' lang='lat' dir='ltr'><strong>nos</strong></span> <span class='ocrx_word' id='word_1_816' title='bbox 3200 4973 3270 5038; x_wconf 94' lang='lat' dir='ltr'><strong>in</strong></span> <span class='ocrx_word' id='word_1_817' title='bbox 3324 4979 3658 5039; x_wconf 87' lang='lat' dir='ltr'><strong>certamen</strong></span> <span class='ocrx_word' id='word_1_818' title='bbox 3701 4992 3851 5037; x_wconf 88' lang='lat' dir='ltr'><strong>cum</strong></span> <span class='ocrx_word' id='word_1_819' title='bbox 3893 4968 4193 5055; x_wconf 88' lang='lat' dir='ltr'><strong>patribus</strong></span> <span class='ocrx_word' id='word_1_820' title='bbox 4236 4988 4415 5035; x_wconf 88' lang='lat' dir='ltr'><strong>com·</strong></span> 
     </span>
     <span class='ocr_line' id='line_1_111' title="bbox 2458 5053 4414 5142; baseline -0.003 -17"><span class='ocrx_word' id='word_1_821' title='bbox 2458 5060 2699 5125; x_wconf 86' lang='lat' dir='ltr'><strong>mittat.</strong></span> <span class='ocrx_word' id='word_1_822' title='bbox 2776 5059 2952 5125; x_wconf 89' lang='lat' dir='ltr'><strong>Nam</strong></span> <span class='ocrx_word' id='word_1_823' title='bbox 2995 5079 3198 5142; x_wconf 88' lang='lat' dir='ltr'><strong>quum</strong></span> <span class='ocrx_word' id='word_1_824' title='bbox 3241 5057 3764 5124; x_wconf 83' lang='lat' dir='ltr'><strong>observationem</strong></span> <span class='ocrx_word' id='word_1_825' title='bbox 3807 5056 3973 5140; x_wconf 89' lang='lat' dir='ltr'><strong>legis</strong></span> <span class='ocrx_word' id='word_1_826' title='bbox 4015 5053 4266 5120; x_wconf 90' lang='lat' dir='ltr'><strong>homini</strong></span> <span class='ocrx_word' id='word_1_827' title='bbox 4309 5075 4414 5120; x_wconf 88' lang='lat' dir='ltr'><strong>as-</strong></span> 
     </span>
     <span class='ocr_line' id='line_1_112' title="bbox 2460 5137 4409 5228; baseline -0.006 -15"><span class='ocrx_word' id='word_1_828' title='bbox 2460 5146 2744 5213; x_wconf 89' lang='lat' dir='ltr'><strong>serimus</strong></span> <span class='ocrx_word' id='word_1_829' title='bbox 2806 5166 2950 5211; x_wconf 88' lang='lat' dir='ltr'><strong>esse</strong></span> <span class='ocrx_word' id='word_1_830' title='bbox 3012 5144 3501 5228; x_wconf 88' lang='lat' dir='ltr'><strong>impossibilem,</strong></span> <span class='ocrx_word' id='word_1_831' title='bbox 3568 5141 3699 5208; x_wconf 91' lang='lat' dir='ltr'><strong>duo</strong></span> <span class='ocrx_word' id='word_1_832' title='bbox 3763 5137 4409 5226; x_wconf 87' lang='lat' dir='ltr'><strong>comprehendimus:</strong></span> 
     </span>
     <span class='ocr_line' id='line_1_113' title="bbox 2457 5227 4412 5316; baseline -0.006 -19"><span class='ocrx_word' id='word_1_833' title='bbox 2457 5231 2957 5316; x_wconf 87' lang='lat' dir='ltr'><strong>perfectionem,</strong></span> <span class='ocrx_word' id='word_1_834' title='bbox 3013 5251 3179 5313; x_wconf 89' lang='lat' dir='ltr'><strong>quae</strong></span> <span class='ocrx_word' id='word_1_835' title='bbox 3234 5229 3369 5295; x_wconf 90' lang='lat' dir='ltr'><strong>illic</strong></span> <span class='ocrx_word' id='word_1_836' title='bbox 3423 5251 3464 5295; x_wconf 91' lang='lat' dir='ltr'><strong>a</strong></span> <span class='ocrx_word' id='word_1_837' title='bbox 3519 5228 3709 5294; x_wconf 90' lang='lat' dir='ltr'><strong>nobis</strong></span> <span class='ocrx_word' id='word_1_838' title='bbox 3760 5227 4076 5309; x_wconf 84' lang='lat' dir='ltr'><strong>exigitur,</strong></span> <span class='ocrx_word' id='word_1_839' title='bbox 4138 5230 4412 5288; x_wconf 87' lang='lat' dir='ltr'><strong>naturae</strong></span> 
     </span>
    </p>
   </div>
  </div>
 </body>
</html>
