4967 5992
393 367 523 432 473
1748 360 2472 429 REFORMANDAE
2514 358 3059 430 EOOLESIAE.
4291 372 4420 434 474

395 562 550 622 rent
564 606 582 633 ,
653 552 982 638 pecudum
1034 572 1217 618 more
1271 550 1572 616 homines
1639 570 1758 633 per
1811 570 2006 616 omne
2052 570 2353 615 errorum

397 662 609 727 genus
671 639 745 705 in
809 639 1088 704 exitium
1153 636 1577 703 ducerentur:
1658 635 1926 701 emersit
1987 635 2351 716 Lutherus,

397 728 800 793 exstiterunt
840 723 1076 790 deinde
1118 724 1249 803 alii,
1295 723 1409 806 (101
1450 721 1816 787 0001000110
1851 721 2103 801 01οᾱ110,
2150 722 2353 804 10110-

396 834 518 879 000
538 812 809 894 viasque
885 811 1284 888 uaes'erunt,
1316 808 1554 890 quibus
1571 808 1914 891 repurgari
1931 828 1971 872 a
1994 813 2094 871 tot
2129 807 2348 890 inqui·

393 896 729 964 namentis
778 832 900 961 reli
951 896 1008 960 ‘o
1022 946 1038 974 ,
1099 894 1366 978 pietatis
1405 893 1706 959 doctrina
1746 893 2008 957 restitui
2049 892 2122 956 in
2166 912 2356 957 suam

394 984 768 1068 puritatem,
806 1002 916 1047 ecc
943 982 1079 1048 esia
1113 1002 1195 1045 ex
1225 984 1415 1045 tanta
1447 979 1818 1045 calamitate
1851 978 1926 1043 in
1947 976 2355 1043 tolerabilem

397 1070 683 1152 aliquem
726 1073 974 1132 statum
1017 1065 1239 1150 colligi
1278 1071 1514 1148 posset.
1600 1064 1685 1129 In
1729 1064 1855 1130 hoc
1893 1085 2096 1130 cursu
2140 1062 2354 1129 adhuc

393 1154 590 1221 hodie
633 1152 990 1237 pergimus.

568 1241 663 1306 Et
702 1238 1010 1321 quoniam
1054 1236 1136 1303 de
1178 1235 1488 1302 remediis
1504 1283 1521 1314 ‚
1556 1256 1723 1319 quae
1768 1234 1852 1301 ad
1895 1234 2176 1300 istorum
2213 1255 2354 1299 ma-

394 1325 616 1391 lorum
654 1324 1123 1391 correctionem
1166 1322 1590 1389 adhibuimus
1645 1320 1974 1388 dicturum
2014 1340 2123 1385 me
2165 1341 2355 1403 prae—

393 1411 572 1477 fatus
617 1431 763 1477 sum
781 1460 797 1488 ,
855 1407 937 1474 de
980 1429 1059 1474 ea
1100 1429 1174 1474 re
1216 1428 1395 1473 nunc
1438 1406 1767 1472 tractandi
1809 1407 1992 1471 locus
2035 1413 2163 1472 est:
2221 1427 2355 1470 non

394 1503 475 1562 ut
539 1495 806 1561 modum
823 1544 841 1573 ,
909 1513 1041 1578 quo
1104 1514 1223 1577 pro
1270 1493 1435 1558 ressi
1488 1514 1743 1571 sumus,
1810 1491 2175 1559 describam
2243 1491 2272 1565 (
2275 1490 2355 1557 de

397 1581 525 1647 hoc
583 1583 760 1646 enim
817 1587 1042 1664 postea
1083 1576 1235 1645 vide
1279 1579 1470 1662 itur):
1517 1577 1632 1644 sed
1685 1585 1761 1643 ut
1816 1583 2159 1661 appareat,
2218 1597 2354 1642 non

398 1667 530 1733 alio
572 1674 903 1750 spectasse
947 1673 1175 1730 nostra
1214 1662 1458 1744 studia,
1502 1664 1633 1728 nisi
1677 1671 1751 1728 ut
1791 1669 2002 1730 status
2045 1662 2355 1730 ecclesiae

395 1773 483 1818 01
533 1752 819 1835 pessimo
877 1750 1111 1816 saltem
1157 1749 1492 1832 aliquanto
1547 1748 1782 1814 melior
1827 1750 2032 1814 fieret.
2122 1748 2357 1813 Multis

396 1848 468 1903 et
499 1837 830 1904 atrocibus
861 1835 1225 1901 multorum
1271 1834 1618 1902 calumniis
1663 1834 1965 1918 impetita
1998 1840 2100 1899 est
2131 1841 2358 1899 nostra

396 1923 710 2002 doctrina,
757 1929 824 1988 et
862 1920 1148 2006 quotidie
1191 1922 1548 2005 impetitur.
1637 1920 1779 1985 Alii
1820 1921 2081 1985 fortiter
2121 1918 2354 1984 adver-

396 2031 510 2075 sus
573 2028 721 2073 eam
797 2007 1225 2074 declamitant
1287 2008 1358 2071 in
1433 2004 1869 2072 concionibus.
1958 2004 2096 2069 Alii
2168 2003 2354 2070 libris

395 2093 591 2159 editis
632 2114 779 2159 eam
832 2099 1084 2160 vexant
1117 2114 1195 2159 00
1247 2091 1620 2157 traducunt.
1706 2089 1815 2156 Ab
1856 2092 2152 2172 utrisque
2206 2088 2354 2171 plu-

396 2179 570 2245 rima
622 2201 746 2245 con
830 2187 1101 2256 runtur,
1172 2176 1410 2259 quibus
1481 2182 1630 2255 [pag.
1685 2182 1793 2254 31]
1848 2196 1994 2240 eam
2045 2175 2354 2241 infamari

394 2285 589 2349 posse
628 2286 701 2331 cr
784 2271 907 2329 unt
948 2261 1125 2345 apud
1168 2262 1522 2344 imperitos.
1596 2260 1733 2327 Sed
1776 2268 1994 2327 exstat
2025 2262 2095 2325 in
2139 2260 2351 2326 homi·-

394 2371 558 2418 num
591 2349 898 2415 manibus
930 2347 1083 2412 fidei
1120 2354 1385 2412 nostrae
1423 2347 1754 2428 confessio,
1793 2366 1990 2430 quam
2024 2347 2354 2412 maiestati

393 2444 554 2501 tuae
596 2433 953 2500 obtulimus
972 2484 986 2510 ,
1053 2433 1482 2498 invictissime
1526 2431 1803 2499 Caesar:
1850 2452 2015 2515 quae
2056 2431 2350 2498 luculen-

394 2529 544 2587 tum
587 2519 776 2585 nobis
833 2517 1281 2583 testimonium
1327 2517 1572 2595 reddit,
1631 2539 1828 2602 quam
1879 2518 2211 2582 immerito
2253 2523 2355 2582 tot

393 2606 640 2671 odiosis
675 2601 1240 2669 criminationibus
1283 2624 1620 2668 vexemur.
1691 2604 1784 2669 Et
1816 2603 2137 2669 hactenus
2180 2623 2351 2668 sem-

393 2712 518 2775 per
573 2688 657 2755 ad
710 2687 1112 2754 reddendam
1163 2688 1499 2754 doctrinae
1552 2696 1818 2755 nostrae
1860 2688 2179 2755 rationem
2222 2688 2352 2753 fui-

391 2796 550 2840 mus
601 2775 842 2859 parati:
917 2783 991 2839 ut
1041 2772 1239 2839 hodie
1296 2794 1551 2856 quoque
1604 2796 1847 2840 sumus.
1935 2773 2039 2839 Ne
2092 2772 2350 2839 multis:

393 2859 564 2926 nihil
599 2858 863 2924 auditur
897 2859 968 2923 in
1009 2859 1297 2924 ecclesiis
1341 2861 1583 2924 nostris
1615 2859 1964 2938 doctrinae,
2010 2860 2186 2943 quod
2217 2880 2351 2924 non

391 2946 614 3030 palam
672 2946 1114 3029 profiteamur.
1207 2942 1398 3024 Quae
1462 2944 1707 3028 aliquid
1775 2946 2028 3012 habent
2091 2951 2351 3011 contro-

394 3031 650 3098 versiae
665 3082 682 3110 ,
752 3050 832 3094 ea
879 3029 1226 3114 perspicue
1279 3036 1348 3095 et
1398 3029 1572 3095 bona
1626 3030 1757 3097 fide
1812 3032 1884 3095 in
1950 3031 2352 3097 confessione

393 3117 835 3200 explicantur:
880 3122 948 3181 et
986 3114 1152 3179 nihil
1189 3121 1290 3180 est
1331 3136 1578 3194 eorum,
1623 3116 1797 3199 quod
1833 3137 1967 3181 non
2003 3117 2091 3181 sit
2124 3138 2165 3181 a
2198 3136 2352 3180 nos-

391 3203 519 3269 tris
562 3201 935 3268 hominibus
974 3201 1227 3283 copiose
1269 3207 1641 3282 tractatum,
1685 3209 1752 3267 et
1786 3201 2159 3285 expositum
2202 3200 2352 3266 dili·

392 3295 644 3374 genter.
733 3286 901 3352 Inde
943 3293 1247 3352 constare
1281 3285 1606 3353 iudicibus
1650 3308 1786 3352 000
1828 3287 2072 3370 101ςο10
2114 3293 2349 3368 potest,

389 3394 594 3458 quam
634 3372 860 3458 procul
902 3372 982 3438 ab
1028 3371 1210 3436 omni
1243 3372 1579 3454 impietate
1615 3373 1924 3438 absimus.
1990 3372 2139 3438 Hoc
2175 3379 2351 3438 certe

391 3458 626 3542 aequis
678 3460 872 3523 iuxta
915 3479 990 3524 ac
1043 3457 1284 3541 iniquis
1340 3464 1623 3536 constat,
1677 3459 1751 3522 in
1804 3479 1880 3523 eo
1926 3479 2060 3524 non
2115 3479 2351 3540 parum

390 3545 704 3612 ecclesiae
736 3543 1056 3628 profuisse
1081 3550 1342 3608 nostros
1378 3542 1698 3622 homines,
1733 3543 1903 3628 quod
1929 3550 1995 3610 et
2024 3542 2351 3609 mundum

390 3631 584 3716 quasi
626 3651 712 3695 ex
763 3627 1105 3712 profundis
1161 3629 1573 3712 ignorantiae
1631 3630 1918 3696 tenebris
1974 3630 2353 3695 excitarunt

389 3717 478 3783 ad
526 3717 887 3798 scripturae
925 3713 1273 3780 lectionem
1287 3765 1302 3794 ,
1360 3722 1426 3780 et
1469 3712 1554 3779 ad
1596 3716 2020 3781 sinceriorem
2063 3715 2203 3781 eius
2244 3716 2350 3778 in-

387 3801 828 3886 telligentiam
879 3800 1164 3864 multum
1235 3799 1659 3865 contulerunt
1713 3821 1977 3884 operae,
2045 3807 2115 3866 et
2174 3800 2351 3867 10000

386 3887 729 3954 doctrinae
771 3885 1168 3951 christianae
1210 3884 1528 3969 quosdam
1571 3887 1771 3953 utiles
1814 3886 2079 3971 cognitu
2123 3885 2353 3969 impri-

386 3975 522 4040 mis
566 3971 842 4037 feliciter
883 3970 1318 4037 illustrarunt.
1390 3970 1475 4036 In
1519 3973 1939 4038 concionibus
1981 3973 2150 4038 nihil
2193 3973 2349 4052 fere,

385 4065 657 4143 praeter
714 4055 919 4121 aniles
972 4057 1256 4137 fabulas,
1325 4067 1441 4123 aut
1503 4066 1876 4124 commenta
1936 4079 2073 4124 non
2126 4059 2348 4124 minus

388 4145 633 4227 inepta,
679 4142 1084 4209 audiebatur.
1173 4140 1456 4209 Scholae
1492 4146 1947 4226 quaestionum
1992 4144 2156 4209 rixis
2199 4165 2349 4228 per-

389 4228 792 4314 strepebant.
882 4226 1270 4315 Scripturae
1323 4228 1458 4293 illic
1514 4251 1668 4295 rara
1706 4231 1971 4295 mentio.
2063 4228 2200 4311 Qui
2244 4251 2349 4296 ec-

389 4316 629 4382 clesiae
673 4313 1122 4398 gubernacula
1178 4312 1516 4393 tenebant,
1575 4314 1698 4381 1100
1752 4337 1963 4381 unum
2015 4314 2352 4382 habebant

389 4422 608 4481 curae,
651 4421 739 4466 ne
776 4399 937 4483 quid
978 4400 1280 4483 quaestui
1323 4397 1680 4466 decederet.
1753 4401 1991 4484 Itaque
2033 4400 2350 4484 quidquid

391 4494 538 4553 erat
591 4484 677 4552 ad
728 4487 1009 4563 farinas,
1079 4505 1214 4550 non
1280 4482 1633 4551 difficulter
1695 4488 2129 4569 patiebantur.
2218 4487 2348 4553 His

389 4571 658 4657 quidem
698 4570 896 4636 malis
941 4591 1078 4635 non
1119 4569 1288 4635 nihil
1333 4569 1810 4637 emendationis
1855 4573 2154 4639 attulisse
2196 4595 2347 4639 000-

387 4666 531 4724 1100
566 4657 886 4735 homines,
925 4657 1126 4721 etiam
1159 4655 1555 4739 iniquissimi
1575 4657 1971 4724 concedunt:
2013 4665 2349 4742 utcunque

388 4755 686 4810 nostram
729 4742 1093 4808 doctrinam
1137 4741 1364 4807 multis
1418 4749 1646 4824 postea
1699 4747 1845 4822 [pag.
1885 4746 1994 4823 32]
2040 4745 2348 4810 crimina-

385 4829 677 4896 tionibus
717 4828 1057 4893 infament.

564 4915 819 4981 Verum
870 4913 1041 4979 nihil
1096 4914 1222 4980 hoc
1274 4912 1500 4980 valere
1542 4912 1627 4978 ad
1679 4912 1940 4996 culpam
1995 4912 2346 4980 sublevan-

385 5001 546 5067 dam
582 4999 810 5079 vem‚
865 4998 1041 5083 quod
1083 4999 1369 5066 multum
1410 4999 1717 5064 utilitatis
1759 5020 1843 5064 ex
1888 4999 2130 5065 nostris
2168 4998 2347 5066 labo-

263 5111 270 5116 ·
386 5088 574 5154 ribus
618 5087 986 5170 perceperit
1036 5086 1307 5152 ecclesia
1323 5136 1342 5165 ,
1397 5085 1455 5150 si
1492 5083 1652 5169 quid
1696 5084 1827 5150 alia
1869 5104 1952 5149 01
1995 5090 2185 5168 parte
2228 5106 2347 5151 no-

386 5172 744 5242 cuerimus.
832 5170 1233 5237 Excutiatur
1286 5191 1445 5255 ergo
1511 5177 1653 5236 tota
1727 5177 1957 5237 nostra
2031 5168 2344 5251 doctrina,

385 5280 535 5325 mos
573 5260 643 5323 in
689 5256 1227 5323 administrandis
1269 5257 1698 5323 sacramentis
1739 5263 1992 5337 noster,
2038 5256 2348 5324 ecclesiae

2456 548 2927 634 gubernandae
3016 552 3199 616 ratio.
3289 551 3475 618 Nihil
3557 553 3627 618 in
3713 553 3820 619 his
3901 552 4113 619 tribus
4189 552 4423 638 dopm-

2457 635 2828 702 hendemur
2900 634 3178 704 novasse
3254 658 3338 702 ex
3413 638 3623 704 veteri
3702 639 3941 718 forma,
4037 638 4213 722 quod
4284 661 4422 705 non

2457 720 2542 787 ad
2618 733 2863 787 rectam
2944 723 3129 789 verbi
3204 724 3337 788 Dei
3403 745 3704 789 normam
3779 725 4128 790 restituere
4203 726 4423 791 conati

2458 806 2682 872 simus.
2771 808 2994 890 Atque
3058 817 3134 873 ut
3199 809 3546 875 redeamus
3604 808 3688 875 ad
3749 810 3935 876 illam
4000 817 4153 875 ante
4208 832 4249 875 a
4299 831 4421 876 no-

2457 892 2560 957 bis
2636 893 2916 975 positam
2981 893 3404 961 divisionem:
3485 917 3743 977 omnes,
3826 917 3993 980 quae
4048 898 4228 961 inter
4300 918 4421 963 nos

2459 986 2619 1042 sunt
2663 976 2745 1042 de
2791 978 3092 1046 doctrina
3143 981 3658 1061 controversiae,
3726 980 3834 1047 vel
3904 981 3988 1046 ad
4049 980 4422 1066 legitimum

2459 1063 2589 1128 Dei
2644 1063 2924 1145 cultum,
2994 1065 3103 1131 vel
3172 1064 3256 1131 ad
3320 1074 3573 1131 certam
3638 1067 3870 1132 salutis
3925 1074 4192 1132 nostrae
4247 1066 4420 1133 fidu-

2458 1148 2630 1214 ciam
2696 1149 3047 1231 pertinent.
3138 1150 3337 1217 Oerte
3401 1152 3486 1217 ad
3561 1151 3910 1220 colendum
3972 1153 4191 1219 Deum
4206 1204 4223 1233 ,
4301 1174 4418 1218 ne-

2459 1254 2587 1317 que
2670 1233 2925 1318 frigide,
2971 1258 3184 1319 neque
3228 1238 3647 1322 negligenter
3694 1238 4038 1304 hortamur
4082 1238 4413 1305 homines:

2459 1328 2528 1384 et
2547 1320 2621 1383 in
2642 1318 3014 1385 definiendo
3048 1321 3262 1403 mode,
3306 1344 3521 1407 neque
3543 1346 3584 1389 a
3626 1344 3819 1407 scopo
3840 1324 4243 1402 aberramus,
4291 1345 4413 1390 nec

2461 1403 2817 1488 quidquam
2859 1406 3254 1487 omittimus,
3312 1409 3488 1491 quod
3531 1408 3615 1474 ad
3658 1430 3803 1475 rem
3844 1409 4060 1475 faciat.
4147 1409 4422 1475 Praedi-

2463 1509 2690 1556 camus
2725 1490 2856 1557 Dei
2900 1492 3183 1576 gloriam
3224 1494 3436 1558 multo
3479 1495 4033 1579 magnificentius,
4077 1515 4274 1577 quam
4318 1516 4423 1561 so-

2460 1574 2583 1639 lita
2623 1576 2824 1642 fuerit
2879 1584 3033 1643 ante
3087 1601 3209 1644 nos
3251 1577 3647 1663 praedicari:
3704 1581 4013 1660 virtutes,
4068 1581 4140 1645 in
4183 1580 4419 1663 quibus

2462 1680 2541 1726 ea
2573 1662 2840 1741 relucet,
2885 1669 2965 1727 ut
2985 1665 3200 1748 magis
3244 1685 3319 1731 ac
3362 1666 3576 1750 magis
3618 1666 4053 1743 innotescant,
4102 1665 4276 1731 serio
4320 1666 4418 1731 la·

2462 1746 2789 1813 boramus.
2877 1747 3101 1831 Ipsius
3147 1770 3307 1834 erga
3346 1772 3466 1816 nos
3508 1752 3858 1830 beneficia,
3913 1751 4147 1833 quibus
4190 1772 4419 1835 possu-

2457 1852 2609 1899 mus
2661 1833 2918 1917 elogiis,
2976 1835 3371 1902 extollimus.
3458 1836 3628 1902 Inde
3684 1838 4058 1902 excitantur
4115 1835 4415 1903 homines

2457 1923 2602 1982 tum
2646 1918 2732 1982 ad
2765 1919 3245 2002 suspiciendam
3282 1923 3422 1987 eius
3457 1924 3887 2001 maiestatem,
3932 1928 4078 1986 tum
4113 1919 4198 1987 ad
4230 1922 4420 1986 exhi-

2456 2002 2745 2070 bendam
2794 2003 2893 2069 illi
2949 2027 3071 2071 sua
3122 2005 3578 2091 magnitudine
3633 2007 3906 2092 dignam
3960 2006 4421 2089 reverentiam,

2457 2096 2604 2154 tum
2640 2087 2724 2153 ad
2757 2111 2986 2156 veram
3020 2091 3228 2157 animi
3383 2090 3752 2167 titudinem,
3798 2104 3945 2156 tum
3981 2091 4067 2156 ad
4101 2094 4414 2159 confiten-

2459 2174 2576 2240 das
2630 2175 2771 2240 eius
2826 2175 3071 2242 laudes.
3163 2177 3250 2242 In
3296 2198 3334 2242 e
3385 2177 3460 2242 in
3495 2177 3793 2260 ipsorum
3852 2177 4156 2243 cordibus
4201 2178 4420 2277 gigni-

2457 2267 2571 2325 tur
2610 2260 2819 2326 solida
2859 2262 2933 2325 in
2973 2263 3115 2345 ipso
3158 2262 3414 2338 fiducia,
3456 2283 3624 2348 quae
3665 2267 3895 2345 postea
3937 2263 4422 2330 invocationem

2454 2347 2647 2430 parit.
2736 2345 2904 2412 Inde
2959 2349 3159 2413 etiam
3212 2348 3513 2414 eruditur
3568 2347 4018 2431 unusquisque
4062 2348 4146 2413 ad
4190 2369 4419 2416 veram

2457 2433 2565 2498 sui
2604 2432 3137 2516 abnegationem:
3183 2442 3287 2513 ut,
3340 2433 3702 2517 composita
3743 2433 3817 2496 10
3859 2433 4244 2516 obsequium
4287 2433 4419 2499 Dei

2457 2517 2795 2584 voluntate
2809 2569 2826 2596 ,
2902 2519 3186 2602 propriis
3255 2517 3598 2585 desideriis
3660 2518 4006 2584 valedicat.
4095 2519 4419 2602 Denique,

2460 2608 2610 2684 [pag.
2665 2607 2773 2682 33]
2843 2605 3013 2670 01001
3077 2605 3404 2689 spirituali
3460 2603 3655 2669 modo
3722 2625 3763 2669 a
3825 2605 4016 2670 nobis
4081 2603 4208 2669 coli
4270 2604 4421 2671 vult

2456 2688 2647 2755 Deus
2662 2740 2679 2767 ,
2735 2689 2829 2752 ita
2884 2690 2959 2754 in
3013 2690 3330 2774 urgendis
3387 2690 3689 2755 omnibus
3746 2689 4082 2755 sacrificiis
4124 2690 4417 2774 spiritus,

2458 2795 2627 2857 quae
2668 2774 2858 2841 nobis
2892 2774 3325 2856 commendat,
3363 2782 3500 2841 toto
3545 2774 3760 2840 studio
3802 2776 4186 2841 insistimus.

2629 2859 2714 2924 In
2736 2860 2841 2923 his
2864 2862 3045 2926 enim
3065 2860 3626 2927 exhortationibus
3648 2881 3767 2926 nos
3803 2883 3947 2927 esse
3982 2860 4294 2939 assiduos,
4330 2881 4417 2926 ne

2457 2944 2817 3011 adversarii
2851 2946 3117 3030 quidem
3157 2949 3366 3014 nostri
3399 2967 3642 3031 negare
3667 2955 3968 3030 possunt3
4004 2966 4090 3011 ne
4130 2945 4417 3025 aliunde,

2456 3030 2776 3115 quidquid
2817 3033 3142 3098 bonorum
3182 3032 3559 3098 desiderant
3591 3033 3911 3112 homines,
3957 3054 4155 3116 quam
4199 3052 4239 3096 a
4272 3030 4419 3097 Deo

2457 3124 2866 3200 exspectent;
2912 3119 3121 3202 ipsius
3164 3120 3498 3202 potentiae
3541 3116 3904 3196 confidant;
3949 3118 4020 3183 in
4064 3118 4270 3200 ipsius
4311 3139 4418 3183 ac—

2455 3204 2798 3286 quiescant
2828 3203 3121 3269 bonitate
3127 3227 3152 3284 3
3190 3202 3273 3269 ab
3307 3204 3518 3287 ipsius
3551 3204 3832 3270 veritate
3866 3203 4230 3287 pendeant;
4277 3209 4419 3267 toto

2453 3286 2668 3354 cordis
2723 3289 2960 3354 affectu
3015 3291 3086 3353 in
3140 3310 3293 3354 eum
3343 3289 3670 3369 ferantur3
3724 3288 3924 3372 plena
3978 3310 4092 3371 spe
4136 3287 4210 3352 in
4264 3308 4419 3352 eum

2451 3372 2844 3440 recumbant
2852 3397 2870 3454 3
2915 3375 3254 3457 requirant
3294 3375 3514 3457 ipsum
3560 3375 3632 3438 in
3678 3374 4084 3450 necessitate,
4128 3371 4251 3436 hoc
4295 3379 4412 3453 est,

2455 3458 2757 3524 omnibus
2800 3460 3181 3540 momentis3
3235 3460 3407 3525 bona
3447 3459 3668 3524 omnia
3709 3465 3975 3541 accepta
4016 3457 4117 3522 illi
4172 3458 4410 3535 ferant,

2454 3544 2651 3629 idque
2704 3544 2916 3611 laudis
2971 3545 3378 3611 confessione
3430 3550 3777 3609 testentur.
3865 3544 3959 3608 Et
4014 3565 4098 3608 00
4165 3540 4414 3609 difficili

2457 3650 2722 3696 accessu
2777 3638 3153 3696 terreantur
3168 3683 3183 3709 ,
3250 3630 3657 3698 ostendimus
3720 3630 4044 3696 bonorum
4112 3629 4410 3693 omnium

2455 3716 2701 3782 fontem
2781 3718 2855 3780 in
2927 3716 3197 3782 Christo
3286 3717 3478 3782 nobis
3564 3737 3707 3782 esse
3794 3713 4202 3797 propositum
4220 3766 4236 3792 ,
4330 3735 4412 3778 01

2457 3822 2585 3886 quo
2650 3803 3033 3869 hauriamus
3109 3801 3428 3886 quidquid
3491 3801 3677 3867 nobis
3742 3822 3907 3886 opus
3974 3807 4090 3865 est.
4184 3800 4414 3864 Testes

2456 3888 2660 3952 etiam
2704 3895 2863 3954 sunt
2902 3888 3055 3954 libri
3091 3890 3316 3967 nostri,
3362 3894 3564 3955 testes
3606 3887 3968 3966 conciones,
4014 3906 4137 3951 nos
4174 3892 4243 3950 et
4283 3885 4413 3949 fre-

2455 3981 2759 4057 quenter,
2806 3982 2872 4039 et
2912 3973 3159 4052 sedul0,
3204 3975 3586 4041 incumbere
3621 3973 3691 4038 in
3735 3993 3932 4039 verae
3974 3971 4413 4055 poenitentiae

2456 4059 3123 4125 commendationem:
3182 4067 3258 4125 ut
3308 4061 3611 4125 homines
3660 4058 3906 4123 rationi
3949 4078 4025 4123 ac
4069 4055 4412 4122 desideriis

2454 4147 2673 4211 carnis
2726 4166 2911 4223 suae,
2969 4146 3218 4227 sibique
3272 4146 3343 4210 in
3400 4153 3613 4211 totum
3665 4144 4085 4222 renuncient‚
4146 4162 4273 4225 quo
4329 4138 4414 4206 ad

2453 4232 2651 4296 unius
2692 4230 2826 4297 Dei
2879 4232 3267 4316 obsequium
3321 4231 3691 4315 compositi,
3744 4250 3880 4294 000
3938 4228 4063 4294 0101
4109 4225 4410 4309 amplius,

2453 4316 2571 4382 sed
2622 4316 2725 4381 illi
2777 4317 3027 4384 vivant.
3116 4316 3257 4383 Nec
3311 4338 3471 4383 vero
3515 4322 3792 4382 externa
3834 4314 4048 4379 officia
4087 4313 4411 4378 caritatis-

2452 4423 2580 4485 que
2637 4423 2835 4487 opera
2886 4403 3503 4485 praetermittimus,
3560 4421 3725 4484 quae
3770 4399 4090 4465 eiusmodi
4133 4418 4409 4464 renova—

2452 4489 2701 4554 tionem
2740 4494 3123 4574 sequuntur.
3213 4488 3428 4567 Haec,
3475 4487 3766 4571 inquam,
3811 4493 3991 4550 certa
4035 4493 4137 4549 est
4178 4491 4245 4548 et
4288 4483 4410 4548 mi-

2453 4575 2631 4640 nime
2672 4574 2878 4641 fallax
2920 4575 3175 4641 colendi
3219 4572 3348 4639 Dei
3392 4573 3591 4651 ratio,
3648 4590 3847 4654 quam
3904 4571 4003 4635 illi
4061 4570 4411 4653 approbari

2451 4661 2713 4739 scimus,
2756 4667 2982 4744 utpote
3015 4682 3214 4743 quam
3249 4659 3453 4726 verbo
3489 4679 3606 4724 suo
3639 4657 4149 4740 praescripserit.
4223 4655 4411 4720 Haec

2452 4745 2594 4810 sola
2635 4753 2794 4810 sunt
2846 4746 3243 4812 christianae
3299 4745 3608 4812 ecclesiae
3651 4743 4000 4821 sacrificia,
4055 4762 4223 4825 quae
4279 4748 4411 4805 tes-

2449 4831 2805 4896 timonium
2847 4830 2930 4897 ab
2974 4852 3051 4897 00
3092 4832 3394 4898 habeant.

2627 4913 2853 4996 Quum
2906 4938 3063 5001 ergo
3120 4916 3429 4982 adoretur
3482 4918 3557 4980 in
3612 4914 3903 4980 ecclesiis
3946 4913 4193 4978 nostris
4234 4930 4407 4974 unus

2451 5001 2638 5068 Deus
2662 5023 2828 5085 puro
2857 5003 3009 5080 ritu,
3039 5003 3089 5086 ¹)
3127 5010 3194 5066 et
3229 5003 3475 5084 absque
3509 5000 3650 5066 ulla
3685 4999 4165 5082 superstitione,
4203 5015 4408 5079 quum

2754 5167 2861 5174 ---

2591 5273 2650 5341 1)
2688 5274 2780 5344 pio
2815 5275 2922 5329 ritu
2958 5271 3097 5327 1576
3130 5289 3271 5344 seqq.
