4967 5992
168 0 476 35 -π-ηι·

246 56 269 73 .

2112 396 2855 503 PnonneomA.
3405 466 3412 473 ,
3839 368 3858 417 ·’
4159 492 4166 503 ,
4209 401 4470 473 xxm

336 562 347 569 ⁹
432 605 614 671 pere,
646 587 784 652 etsi
825 585 1019 651 nobis
1054 607 1203 651 non·
1223 585 1659 653 iniucundum
1692 585 1879 666 foret,
1923 550 2122 652 huius
2160 586 2289 652 loci
2333 607 2468 652 non
2513 592 2630 653 est.
2722 588 2825 652 Tu
2867 607 3045 667 vero,
3091 588 3412 656 benevole
3452 589 3690 669 lector,
3747 591 3856 658 hic
3898 592 4101 660 habes
4144 534 4467 660 nonnulla

438 700 609 780 quae
653 697 919 763 Boveti
941 676 1258 762 iudicium
1311 698 1735 783 confirmant,
1792 697 1923 763 alia
1973 718 2142 781 quae
2188 706 2396 764 no‘vas
2450 700 2672 801 potius
2736 698 3046 795 ambages
3101 719 3322 766 creare
3379 699 3717 799 videntur,
3773 698 4011 786 qu‘ibus
4049 680 4466 770 extricandis

432 807 567 893 ipsi
606 828 800 892 pares
842 829 976 873 non
1019 829 1264 883 sumus.

2078 1188 2490 1274 CAPUT
2573 1113 2823 1273 XIV.

870 1391 1059 1488 DE
1112 1376 1616 1489 LIBERO
1668 1389 2322 1489 ΑΒΒΙΤΒΙΟ
2381 1391 2920 1489 CONTRA
2975 1392 3603 1492 PIGHIUM.
3718 1388 4009 1490 1543.

744 1526 933 1689 Quae
978 1593 1063 1659 ad
1114 1593 1337 1658 huius
1353 1591 1506 1659 libri
1550 1548 1883 1673 notitiam,
1938 1593 2117 1659 inter
2159 1594 2568 1662 calvinianos
2612 1602 2930 1662 tractatus
2986 1595 3382 1681 longissimi,
3436 1599 3802 1680 pertinent,
3850 1602 4074 1683 paucis
4119 1604 4458 1673 absolvere
4553 1638 4570 1649 ·

431 1727 804 1791 possumus.
895 1703 1182 1789 Scripsit
1231 1705 1473 1770 Noster
1525 1705 1701 1771 hanc
1757 1727 1948 1771 suam
2004 1704 2602 1774 Defensionem
2647 1720 2893 1773 sanae
2947 1714 3034 1773 et
3089 1707 3603 1775 orthodoxae
3661 1710 4085 1778 doctrinae
4142 1715 4237 1780 de
4292 1737 4460 1791 ser-

429 1814 704 1885 vitute
748 1824 830 1883 et
867 1812 1360 1883 liberatione
1398 1813 1740 1882 humani
1788 1816 2121 1883 arbitrii
2164 1826 2482 1903 vergente
2541 1840 2714 1895 anno
2764 1823 2929 1883 1542
2976 1830 3204 1887 contra
3249 1820 3508 1886 Alberti
3550 1821 3777 1906 Pighii
3821 1821 4216 1906 Campensis
4253 1824 4458 1894 libros

432 1928 660 1994 decem
711 1924 830 1993 De
880 1926 1143 1994 libero
1199 1920 1544 1994 arbitrio
1596 1933 1678 1993 et
1720 1929 1992 2013 gratia
2034 1927 2348 2009 divina,
2406 1931 2520 2014 qui
2563 1930 2794 1995 eodem
2849 1951 3024 1995 anno
3083 1928 3396 1996 Coloniae
3443 1929 3823 2014 prodierant
3875 1933 4196 2001 adversus
4238 1935 4461 2020 ipsum

429 2039 853 2125 potissimum
895 2039 1123 2139 scripti
1167 2046 1234 2104 et
1276 2008 1588 2106 Sadoleto
1632 2039 1844 2117 dicati.
1933 2041 2094 2106 Fuit
2138 2041 2456 2108 Albertus
2499 2041 2781 2127 Pighius
2826 2040 2907 2126 (s.
2951 2040 3244 2127 Pigghe)
3289 2043 3602 2124 Batavus,
3645 2064 3730 2109 ex
3775 2045 4011 2130 oppido
4055 2045 4406 2139 Campen
4385 2072 4460 2115 m

428 2151 777 2245 provincia
817 2172 983 2234 quae
1019 2150 1260 2217 dicitur
1300 2151 1659 2218 Yssellana
1699 2154 1999 2235 superior
2042 2152 2365 2218 oriundus
2409 2156 2626 2257 atq‘ue-
2652 2152 2930 2231 ibidem,
2974 2160 3124 2237 post
3164 2154 3462 2219 absoluta
3515 2128 3802 2223 Lov'anii
3845 2164 3913 2222 et
3959 2156 4273 2225 Coloniae
4318 2167 4460 2225 stu-

429 2262 544 2335 dia
585 2262 1037 2347 philosophica
1076 2248 1144 2326 et
1185 2261 1578 2347 theologica,
1625 2263 2063 2346 concionator,
2109 2272 2340 2351 postea
2380 2248 2792 2349 praepositus
2837 2271 2906 2329 et
2939 2263 3438 2333 archidiaconus
3484 2264 3569 2332 ad
3612 2264 3682 2333 S.
3731 2267 4002 2334 Ioannis
4045 2260 4332 2337 Traiecti
4375 2270 4460 2336 ad
4545 2268 4558 2277 “

427 2372 807 2455 Rhenum,‘
845 2372 960 2439 ubi
1016 2395 1091 2439 eo
1147 2374 1287 2457 ipso
1343 2375 1655 2457 temporis
1709 2384 2072 2455 momento,
2140 2396 2377 2459 nempe
2434 2380 2491 2442 a'.
2556 2375 2614 2441 d.
2663 2375 2786 2441 IV.
2835 2374 2976 2442 Cal.
3022 2377 3165 2445 Ian.
3222 2377 3580 2442 immatura
3633 2386 3844 2444 morte
3886 2400 4237 2464 oppressus
4281 2381 4460 2449 diem

372 2498 381 2507 '
426 2508 628 2555 suum
675 2486 855 2565 obiit,
900 2492 1258 2569 antequam
1301 2484 1566 2553 Calvini
1608 2485 1775 2552 liher
1808 2486 2025 2554 editus
2066 2488 2280 2553 fuerit.
2369 2487 2500 2553 Vir
2550 2488 2728 2552 inter
2780 2509 2932 2553 suos
2976 2496 3052 2553 et
3100 2487 3398 2577 doctrina
3452 2498 3520 2552 et
3572 2488 3881 2555 facundia
3926 2491 4254 2570 eminens,
4312 2492 4458 2558 Ha-

300 2644 311 2653 ·
428 2599 740 2685 drianum
782 2597 904 2662 VI.
951 2618 1078 2681 quo
1119 2598 1440 2682 magistro
1492 2617 1653 2662 usus
1710 2598 1925 2663 fuerat
1989 2592 2277 2664 Romam
2320 2605 2670 2687 sequutus,
2729 2618 2771 2683 a
2810 2598 3114 2681 pluribus
3157 2598 3617 2665 Romanorum
3666 2599 4085 2684 pontificibus
4130 2603 4206 2683 in
4243 2604 4500 2677 consi-‚-

422 2710 599 2777 lium
657 2708 990 2777 adhibitus
1053 2713 1182 2786 est,
1236 2708 1309 2773 in
1370 2708 1648 2792 publicis
1703 2696 1985 2794 negotiis
2041 2710 2419 2794 frequenter
2470 2710 2674 2796 legati
2728 2711 2940 2778 officio
2992 2708 3372 2791 defunctus,
3431 2710 3610 2777 inter
3653 2711 3784 2777 alia
3825 2717 3894 2776 et
3935 2711 4348 2779 Wormatiae
4392 2722 4460 2780 et

436 2823 843 2905 Ratisponae
896 2819 1109 2886 adfuit
1160 2820 1275 2887 ubi
1330 2818 1611 2887 Calvino
1665 2820 1815 2884 κατὰ
1881 2821 2217 2906 πρόσωπον
2287 2822 2701 2888 innotescere
2771 2823 2997 2905 potuit.
3099 2821 3387 2905 Reliqua
3441 2823 3586 2888 eius
3640 2823 3887 2906 scripta
3909 2832 3922 2845 ’
3944 2823 4350 2908 apologetica
4391 2832 4462 2892 et
4521 2838 4532 2847 ·

418 2934 747 3019 polemica
788 2932 900 2999 hic
941 2952 1284 2999 recensere
1326 2953 1459 2997 non
1504 2932 1756 2997 attinet.
1843 2932 2157 3016 Elegium
2211 2934 2350 2999 eius
2408 2933 2801 3016 conscrip'sit
2856 2952 3226 3019 anonymus
3255 2933 3482 2999 'editor
3525 2934 3679 3002 libri
3722 2935 4057 3021 posthumi
4103 2941 4169 3000 et
4211 2935 4458 3020 imper-

418 3044 584 3112 fecti
627 3045 733 3111 cui
777 3043 1185 3109 titulus0est:
1229 3030 1639 3127 'Apologia
1692 3043 2017 3109 Alberti
2062 3042 2348 3130 Pighii
2391 3043 2875 3155 Campensis
2931 3026 3338 3111 adversus
3395 3045 3762 3111 Martini
3800 3045 4108 3111 Buceri
4152 3047 4459 3113 calumss
4551 3048 4560 3059 '

406 3179 470 3223 ,ιι
484 3158 625 3223 ias.
711 3155 987 3223 Parisiis
1046 3158 1230 3221 1543.
1317 3154 1511 3238 Quae
1573 3156 2021 3222 controversia
2075 3162 2220 3222 orta
2278 3163 2424 3221 erat
2474 3144 2813 3223 occasione
2866 3156 3020 3222 libri
3074 3155 3157 3221 de
3212 3156 3403 3222 Actis
3457 3158 4057 3261 Rafisponensibus
4114 3180 4155 3221 a
4197 3158 4461 3226 Bucero

396 3268 603 3357 ,editi
694 3265 866 3333 Vide
909 3267 1113 3332 etiam.
1148 3287 1315 3349 quae
1357 3267 1738 3351 nuperrime
1783 3266 1953 3332 dixit
1992 3267 2075 3332 V.
2121 3269 2208 3334 D.
2253 3252 2732 3345 Linsenmann,
2775 3269 2847 3333 in
2882 3260 3089 3333 diario
3125 3267 3509 3352 tubingensi
3545 3269 3854 3333 Theolo
3867 3268 4158 3353 g1sche
4185 3267 4458 3351 Quar-

416 3377 849 3446 talschrift
910 3380 1073 3441 1866
1131 3392 1281 3462 pag.
1341 3382 1503 3443 571
1517 3400 1695 3463 seqq.
1795 3379 1969 3444 Tum
2011 3358 2332 3459 Werner,
2393 3379 2897 3446 Geschichte
2951 3377 3094 3445 der
3147 3379 3831 3464 apologetischen
3885 3378 4049 3445 und
4110 3381 4457 3464 polemi·
4485 3382 4494 3391 '

424 3491 721 3562 sohen
733 3486 1168 3556 Literatur
1212 3489 1351 3555 der
1394 3489 1554 3557 chr.
1601 3484 2064 3574 Theologie.
2134 3491 2208 3559 Τ.
2254 3487 2377 3556 IV.
2422 3512 2486 3574 p.
2537 3493 2660 3554 275
2698 3513 2748 3557 s.
2798 3492 2922 3554 298
2968 3497 3038 3581 et
3075 3489 3270 3557 Alex.
3319 3488 3726 3571 Schweizer‚
3770 3487 3933 3555 Die
3975 3498 4454 3581 protestan-

417 3603 759 3671 tischen
812 3584 1507 3686 Centraldogmen
1558 3601 1642 3666 in
1696 3602 1922 3667 ihrer
1974 3600 2568 3685 Entwieklung
2620 3572 3065 3667 innerhalb
3123 3600 3269 3667 der
3325 3603 3471 3666 ref.
3514 3602 3827 3669 Kirche
3868 3602 3947 3668 P.
3983 3601 4038 3666 Ι.
4100 3622 4163 3684 p.
4209 3605 4331 3667 180
4366 3625 4453 3670 ss.

414 3714 779 3781 Caeterum
822 3712 1050 3797 Pighii
1109 3711 1399 3778 indolem
1463 3733 1599 3777 non
1653 3700 1995 3797 vulgarem
2050 3713 2254 3779 fuisse
2308 3712 2418 3779 vel
2471 3733 2558 3778 ex
2612 3733 2688 3778 eo
2744 3712 3010 3796 colliges
3066 3711 3240 3794 quod
3307 3733 3458 3777 eum
3509 3712 3831 3779 Calvinus
3886 3711 4165 3797 dignum
4221 3710 4457 3785 habuit
4559 3742 4572 3757 ·

384 3818 626 3911 'quem
675 3832 811 3889 tam
880 3823 1098 3906 amplo
1155 3823 1319 3891 libro
1374 3814 1793 3906 peculiariter
1857 3824 2303 3904 confutaret,
2316 3825 2447 3891 imo
2493 3824 2690 3890 etiam
2745 3831 3011 3908 postea,
3071 3824 3387 3890 decennio
3429 3824 3566 3890 fere
3610 3822 3857 3907 elapso,
3924 3824 4138 3890 denuo
4183 3823 4267 3890 ad
4309 3844 4452 3891 cer-

417 3948 653 4005 tamen
696 3938 1080 4020 provo‘caret
1121 3935 1202 4001 de
1246 3934 1476 4002 eodem
1519 3941 1929 4020 argumente,
1973 3943 2052 4000 ut
2095 3958 2213 4005 suo
2255 3935 2395 4003 loco
2436 3936 2824 4004 videbimus.
2913 3936 3007 4001 Et
3049 3926 3317 4019 quidem
3360 3936 3687 4002 concitato
3730 3936 3952 4000 animo
3997 3943 4065 4000 et
4095 3935 4449 4001 festinante
4521 4010 4536 4025 ,
4617 3940 4628 3949 ’

417 4049 679 4116 calamo
718 4069 792 4114 se
836 4069 1033 4115 suum
1073 4046 1229 4114 hoc.
1243 4068 1407 4130 opus
1451 4044 1823 4114 elaborasse
1863 4020 2008 4129 ipse
2050 4047 2310 4127 fatetur,
2354 4069 2491 4113 non
2536 4047 2776 4114 solum
2797 4046 2877 4111 de
2922 4045 3223 4117 doctrina
3265 4047 3676 4132 evangelica,
3719 4042 3983 4129 qualem
4031 4032 4252 4111 mente
4297 4060 4451 4111 con*

414 4168 694 4245 ceperat
740 4169 807 4226 et
856 4160 1221 4243 scripturae
1274 4180 1499 4225 sacrae
1554 4159 1906 4224 autoritate
1958 4159 2413 4224 confirmatam
2467 4156 2779 4238 habebat,
2836 4156 3234 4224 vindicanda
3278 4156 3596 4224 sollicitus
3609 4209 3626 4235 ,
3685 4155 3802 4222 sed
3845 4157 4044 4221 etiam
4088 4156 4168 4221 de
4213 4155 4476 4223 adver-.

417 4273 588 4340 sarii
629 4272 936 4355 superbia
978 4278 1047 4335 et
1105 4268 1383 4354 perfidia
1437 4269 1705 4336 fortiter*
1749 4268 2179 4336 retundenda.
2248 4268 2489 4352 ‘Quem
2531 4292 2664 4336 non
2717 4269 2957 4337 iudicio
3001 4268 3158 4335 dicit
3215 4276 3330 4334 aut
3376 4268 3633 4336 delectu
3648 4318 3665 4346 ,
3724 4266 3839 4332 sed
3885 4285 4068 4330 mera
4106 4266 4449 4350 pugnandi

420 4376 698 4450 libidine
760 4383 968 4466 ipsius
1023 4380 1105 4447 de
1158 4382 1265 4446 his
1317 4383 1516 4449 rebus
1571 4380 1967 4448 sententiam
2010 4381 2476 4447 confutandam
2522 4383 2884 4465 suscepisse
2899 4434 2915 4461 ,
2973 4388 3172 4464 atque
3228 4380 3389 4445 adeo
3444 4378 3808 4444 insolenter
3861 4386 4129 4458 tamque
4173 4370 4448 4444 effraeni

422 4495 672 4563 ferocia
714 4494 1031 4560 adversus
1073 4515 1312 4578 puram
1354 4493 1618 4579 pietatis
1661 4491 2030 4559 doctrinam
2073 4514 2146 4559 se
2187 4494 2488 4572 iactasse,
2533 4498 2611 4557 ut
2651 4513 2994 4560 occurrere
3039 4492 3256 4575 aliquo
3304 4488 3497 4553 modo
3551 4493 3773 4552 tantae
3816 4487 4103 4554 hominis
4147 4488 4448 4573 petulan-

422 4607 580 4686 tiae,
625 4605 754 4673 nisi
798 4600 1053 4672 Christi
1098 4602 1377 4690 gloriam
1411 4600 1671 4671 silentio
1711 4604 1986 4688 prodere
2030 4604 2257 4685 vellet,
2312 4624 2579 4671 necesse
2632 4604 2953 4670 habuerit.
3054 4601 3434 4668 Postulasse
3485 4597 3751 4682 quidem
3809 4597 4012 4664 huius
4072 4601 4448 4685 argumenti

423 4718 887 4815 uastationem
939 4717 1091 4800 plus
1136 4716 1470 4799 aliquanto
1511 4725 1579 4782 et
1631 4717 1750 4782 otii
1793 4725 1860 4781 et
1908 4717 2251 4799 temporis,
2304 4715 2421 4782 sed
2475 4738 2679 4801 quum
2722 4715 3174 4783 adversarium
3217 4710 3473 4777 videret
3514 4708 3582 4775 id
3627 4718 3887 4793 captare
3932 4717 4036 4789 ut,
4094 4711 4152 4778 si
4195 4710 4447 4776 diutius

422 4826 805 4894 differretur
846 4829 1204 4912 responsio,
1250 4828 1376 4894 hac
1416 4848 1604 4894 mora
1645 4826 1730 4893 ad
1772 4827 2183 4910 occupandos
2226 4826 2626 4910 praeiudicio
2668 4825 2952 4910 quodam
3002 4823 3345 4889 hominum
3390 4822 3642 4887 animos
3688 4820 4088 4899 abuteretur,
4132 4814 4449 4888 maluisse

420 4938 680 5024 aliquid
732 4940 859 5006 cito
915 4939 1073 5006 dare
1116 4938 1239 5007 vel
1275 4940 1499 5005 minus
1559 4936 1990 5018 elaboratum,
2047 4957 2246 5021 quam
2289 4935 2569 5004 tacendo
2620 4937 2760 5021 pati
2809 4943 2884 5002 ut
2928 4955 3079 5000 cum
3122 4928 3333 4999 bonae
3377 4954 3614 4999 causae
3659 4931 4000 5015 dispendio
4042 4932 4230 4997 inani
4272 4933 4445 4998 eius-

414 5050 609 5119 modi
651 5052 999 5117 iactatione
1026 5051 1389 5117 'frueretun
1479 5050 1667 5118 Haec
1709 5049 1847 5116 ille:
1885 5056 1959 5115 tu
2002 5069 2159 5116 vero
2201 5070 2364 5115 cave
2405 5049 2776 5133 suspiceris,
2821 5067 2983 5130 opus
3026 5044 3152 5111 hoc
3207 5066 3282 5110 eo
3338 5045 3558 5111 minus
3611 5065 3812 5128 grave
3870 5051 3937 5108 et
3981 5042 4242 5107 doctum
4287 5064 4444 5113 eva-
4575 5046 4586 5055 '
4647 5136 4656 5143 .

414 5164 609 5242 sisse,
656 5181 786 5246 quo
827 5163 1060 5229 maiori
1101 5161 1433 5230 celeritate
1475 5162 1977 5247 prwcipitatum
2019 5159 2235 5226 fuerit.
2323 5160 2470 5225 Imo
2514 5156 2974 5242 disputationis
3025 5157 3273 5223 fervori
3321 5178 3440 5239 per
3484 5161 3696 5220 totum
3748 5176 3872 5238 par
3915 5161 4018 5219 est
4070 5154 4443 5236 argumenti
4553 5188 4572 5259 -.

414 5274 663 5343 sedula
706 5282 771 5381 et
816 5293 1022 5360 sagax
1063 5272 1429 5360 indagatio,
1483 5273 1803 5357 expositio
1842 5271 2061 5383 lucida
2105 5278 2174 5339 et
2216 5279 2572 5357 apparatus
2616 5268 2937 5353 exegetiei
2979 5267 3493 5352 locupletissima
3535 5265 3886 5350 congeries.
3988 5261 4179 5391 Scias
4242 5263 4440 5326 etiam
4539 5266 4540 5269 ’
4681 5330 4696 5341 ,
