4967 5992
364 378 491 445 309
1846 378 1975 444 DE
2020 380 2377 447 LIBERO
2421 381 2898 449 ARBITRJO.
3075 332 3079 337 ’
4266 394 4398 458 310

360 564 511 629 Deo
568 573 685 630 aut
742 564 1076 629 hominem
1120 573 1442 645 creatum,
1495 575 1612 632 aut
1653 568 1918 650 nuptias
1964 568 2319 646 institutas,

356 659 482 716 aut
522 650 740 733 legem
795 648 1117 733 prodiisse
1169 671 1505 734 negamus.
1595 651 1854 718 Verum
1897 652 2027 717 alia
2068 674 2322 736 quoque

361 734 697 802 addebant.
749 735 1141 802 Manichaei.
1232 736 1431 802 Cadit
1479 740 1701 820 itaque
1757 746 1898 804 tota
1937 739 2079 804 eius
2122 740 2322 804 ratio-

362 821 627 890 cinatio.
729 819 936 887 Vides
949 872 964 899 ,
1021 822 1265 904 inquit,
1324 824 1540 905 capita
1582 823 2148 907 blasphemiarum
2191 825 2321 890 Pe-

361 908 593 992 lagii,x
612 907 685 972 in
777 905 973 972 uibus
1030 926 1167 971 non
1232 917 1366 986 est,
1424 909 1597 991 quod
1645 908 1930 975 liberum
1973 910 2321 975 arbitrium

362 1001 634 1060 asserat.
791 992 812 1057 i
868 993 1047 1058 valet
1101 993 1264 1058 haec
1320 995 1487 1059 ratio
1502 1046 1517 1073 ,
1564 1014 1683 1059 cur
1724 1017 1862 1060 non
1907 996 2210 1062 similiter
2253 1002 2321 1060 et

359 1080 480 1144 illa
502 1077 768 1144 valeat?
837 1076 1045 1144 Vides
1082 1079 1297 1162 capita
1332 1079 1891 1163 blasphemiarum
1920 1081 2316 1160 Manichaei,

360 1165 435 1229 in
475 1164 719 1248 quibus
761 1163 1022 1228 nullum
1065 1173 1182 1241 est,
1230 1167 1419 1232 cuius
1462 1187 1585 1232 nos
1626 1168 1965 1232 insimulet
2012 1167 2315 1251 Pighius.

359 1251 517 1315 Non
559 1250 741 1313 enim
783 1257 1019 1333 potest.
1109 1247 1427 1335 Sequitur
1469 1273 1644 1336 ergo,
1689 1254 2061 1335 improbum
2107 1261 2174 1317 et
2214 1253 2319 1318 fu-

357 1337 547 1401 tilem
602 1355 747 1401 esse
814 1335 1352 1401 calumniatorem
1369 1388 1386 1415 ,
1456 1339 1563 1420 qui
1590 1351 1746 1403 *nos
1803 1339 1947 1404 eius
2004 1338 2319 1403 haeretici

361 1419 716 1504 discipulos
772 1440 915 1486 esse
969 1422 1387 1501 criminetur,
1446 1444 1596 1488 cum
1652 1443 1782 1506 quo
1835 1423 2005 1488 nihil
2047 1445 2321 1507 prorsus

360 1507 680 1572 habemus
735 1506 965 1571 simile.
1067 1507 1254 1573 Haec
1309 1527 1447 1572 non
1498 1509 1568 1573 in
1626 1509 1832 1575 alium
1886 1510 2089 1576 finem
2144 1509 2321 1576 dicta

359 1595 516 1671 sint,
560 1592 690 1657 nisi
733 1598 812 1657 ut
853 1599 1185 1676 appareat,
1230 1593 1570 1677 Pighium,
1619 1594 1776 1660 dum
1810 1595 2070 1661 levibus
2106 1595 2320 1679 magis

358 1678 669 1762 argutiis,
711 1698 909 1760 quam
951 1678 1131 1743 veris
1184 1678 1679 1761 probationibus
1720 1681 1998 1759 insistit,
2057 1702 2174 1747 suo
2218 1681 2318 1763 ip-

360 1766 499 1830 sius
534 1762 797 1841 indicio,
824 1764 876 1848 ¹)
918 1762 1131 1828 instar
1167 1765 1414 1842 soricis,
1460 1774 1539 1830 ut
1573 1768 1777 1842 aiunt,
1824 1767 2057 1850 perire.
2126 1766 2320 1831 Nunc

359 1848 446 1915 ad
506 1850 772 1914 firmam
835 1850 1328 1931 responsionem
1392 1853 1603 1917 venio.
1704 1851 1799 1917 Ut
1859 1852 1968 1918 hic
2033 1851 2322 1918 breviter

357 1935 838 2018 comprehensa
891 1935 980 2000 sit
1036 1956 1295 2000 summa
1351 1939 1650 2002 errorum
1708 1938 1995 2022 Pelagii,
2057 1937 2321 2003 disertis

356 2033 585 2086 tamen
628 2020 849 2086 verbis
890 2018 1280 2102 explicatam
1325 2042 1470 2086 esse
1516 2043 1702 2106 nego.
1770 2024 1938 2089 Eius
1984 2024 2079 2088 rei
2124 2022 2322 2088 fidem

356 2126 558 2171 nemo
600 2106 815 2171 facere
859 2106 1094 2172 melius
1138 2107 1407 2189 poterit,
1452 2128 1652 2191 quam
1697 2109 2117 2192 Augustinus
2158 2110 2318 2191 ipse,

355 2194 470 2276 qui
516 2191 672 2257 alibi
688 2194 746 2272 ²)
794 2190 1135 2256 duodecim
1178 2194 1394 2275 capita
1436 2195 1685 2273 recitat,
1733 2215 1899 2278 quae
1944 2194 2028 2260 ab
2074 2194 2161 2259 iis
2196 2193 2320 2259 sibi

356 2277 626 2343 concedi
691 2276 982 2359 postulat
1000 2329 1014 2354 ,
1082 2279 1193 2360 qui
1264 2300 1304 2343 a
1367 2279 1841 2362 pelagianismo
1903 2300 2190 2364 purgare
2248 2300 2319 2345 se

355 2363 639 2428 vellent:
684 2383 851 2445 quae
895 2361 1045 2444 plus
1089 2364 1448 2441 continent,
1494 2386 1696 2448 quam
1740 2365 1848 2431 hic
1888 2368 2314 2449 exprimatur.

356 2446 621 2514 Deinde
637 2499 654 2526 ,
699 2448 869 2512 nihil
915 2448 1022 2514 hic
1068 2447 1149 2514 de
1191 2450 1587 2532 perfectione
1630 2452 1953 2531 iustitiae,
2000 2451 2084 2517 ad
2119 2471 2319 2534 quam

354 2534 700 2600 hominem
733 2534 1092 2633 'pervenire
1134 2555 1325 2684 pno¹sse
1358 2537 1716 2620 fingebant,
1760 2544 1839 2601 ut
1872 2546 2048 2604 esset
2080 2537 2151 2602 in
2195 2536 2320 2602 hac

353 2620 507 2686 vita
548 2617 973 2704 ἄναμαρτητος.
1047 2620 1135 2686 Ni
1191 2622 1203 2634 ⁰
1270 2619 1351 2686 de
1514 2624 1606 2686 tia
1646 2623 2101 2706 subsequente,
2146 2622 2317 2687 nihil

357 2705 445 2770 de
497 2706 815 2788 perpetua
870 2707 1010 2772 eius
1063 2705 1147 2771 ad
1240 2708 1253 2720 ’
1423 2729 1495 2773 os
1558 2716 1747 2773 aetus
1804 2709 2314 2787 continuatione,

353 2789 528 2854 nihil
585 2790 862 2873 denique
920 2791 1002 2857 de
1059 2791 1378 2858 electione
1432 2794 1723 2877 gratuita
1769 2801 1914 2873 [pag.
1960 2800 2105 2872 107]
2151 2794 2314 2859 fide-

352 2875 553 2956 lium,
622 2884 689 2942 et
750 2877 1101 2958 impiorum
1178 2876 1262 2942 ad
1338 2887 1618 2944 mortem
1685 2880 2311 2963 praedestinatione:

355 2981 525 3046 quae
579 2962 780 3028 fuisse
837 2964 1014 3028 inter
1068 2983 1178 3028 eos
1231 2965 1523 3029 maxima
1572 2967 2057 3032 controversiae
2100 2964 2315 3048 capita

354 3055 586 3112 notum
644 3054 763 3113 est.
862 3046 1031 3130 Quis
1086 3069 1242 3132 ergo
1284 3070 1415 3115 non
1459 3049 1670 3128 videt,
1730 3052 1927 3118 nimis
1969 3051 2315 3136 pueriliter

352 3133 679 3217 Pighium
722 3133 1041 3216 ineptire?

532 3218 787 3284 Verum
830 3222 1045 3305 magis
1076 3227 1275 3303 urget
1316 3220 1484 3284 alter
1522 3222 1722 3300 locus,
1765 3244 1849 3287 ex
1892 3222 2106 3304 primo
2146 3220 2312 3287 libro

355 3305 441 3370 de
485 3302 724 3370 Gratia
779 3304 1031 3371 Christi
1075 3313 1142 3370 et
1194 3306 1500 3389 originali
1551 3315 1844 3390 peccato:
1905 3308 2020 3374 ubi
2063 3306 2314 3372 nullam

350 3392 499 3456 fore
553 3392 1001 3472 quaestionem
1055 3392 1320 3470 asserit,
1376 3392 1434 3456 si
1485 3392 1800 3476 Pelagius
1816 3445 1831 3470 ‚
1889 3391 2313 3475 quemadmo-

352 3476 518 3541 dum
559 3495 751 3558 posse
786 3488 1088 3542 nostrum
1122 3498 1163 3543 a
1186 3478 1331 3542 Deo
1366 3480 1734 3556 confltetur,
1778 3479 1873 3543 ita
1905 3478 2077 3542 velle
2112 3479 2313 3543 etiam

351 3570 426 3628 et
478 3581 676 3645 agere
720 3562 920 3627 simul
966 3561 1263 3629 adderet:
1318 3561 1447 3627 hoc
1485 3572 1616 3643 est,
1668 3585 1803 3629 non
1846 3564 2061 3630 solum
2104 3563 2312 3645 possi-

350 3646 679 3712 bilitatem
731 3649 805 3713 in
857 3647 1156 3727 homine,
1214 3648 1419 3713 etiam
1474 3650 1532 3714 si
1585 3670 1707 3714 nec
1749 3649 1936 3728 velit,
1993 3670 2116 3715 nec
2157 3656 2315 3732 agat

349 3734 555 3811 bene,
610 3734 725 3799 sed
778 3734 991 3815 ipsam
1059 3754 1314 3817 quoque
1367 3734 1779 3801 voluntatem
1844 3742 1912 3800 et
1968 3735 2311 3812 actionem,

348 3817 425 3884 id
471 3825 590 3897 est,
637 3827 713 3883 ut
754 3820 920 3885 bene
962 3819 1244 3886 velimus
1287 3826 1354 3884 et
1394 3819 1563 3885 bene
1605 3841 1911 3905 agamus,
1968 3840 2137 3904 quae
2178 3841 2314 3885 non

350 3910 515 3969 sunt
555 3905 627 3968 in
669 3905 967 3984 homine,
1012 3906 1142 3971 nisi
1186 3904 1446 3988 quando
1489 3907 1637 3972 vult
1677 3913 1745 3970 et
1784 3906 1954 3971 bene
2086 3907 2167 3986 't,
2215 3905 2312 3970 di-

350 3991 610 4056 vinitus
677 3990 981 4055 adiuvari
1036 4000 1447 4075 agnosceret:
1508 4000 1586 4056 ut
1641 3993 1782 4058 sine
1833 3992 1946 4056 illo
2082 3991 2313 4056 'utorio

348 4074 527 4141 nihil
565 4075 735 4141 bene
777 4076 1091 4156 velimus,
1136 4097 1259 4142 nec
1304 4098 1579 4162 agamus
1596 4129 1612 4156 ,
1659 4098 1932 4161 eamque
1976 4098 2118 4142 esse
2163 4098 2314 4161 gra·

350 4162 524 4225 tiam
559 4160 811 4227 Christi
825 4213 840 4240 ,
888 4183 1006 4244 per
1048 4183 1246 4245 quam
1290 4184 1409 4228 nos
1453 4185 1591 4242 sua,
1638 4183 1777 4228 non
1823 4171 2074 4242 nostra,
2122 4164 2315 4229 iusti-

348 4247 453 4312 tia
494 4246 706 4313 iustos
753 4247 938 4312 facit:
997 4257 1075 4312 ut
1118 4269 1199 4313 ea
1240 4249 1327 4312 sit
1360 4268 1519 4315 vera
1557 4257 1785 4315 nostra
1826 4248 2103 4327 iustitia,
2148 4268 2314 4332 quae

349 4331 547 4398 nobis
591 4333 672 4399 ab
716 4333 831 4397 illo
866 4342 984 4398 est.
1053 4333 1241 4399 Haec
1287 4335 1465 4398 enim
1502 4343 1658 4400 sunt
1690 4334 2052 4418 Augustini
2095 4335 2313 4414 verba,

349 4439 490 4483 non
533 4429 611 4483 ut
653 4441 693 4484 a
734 4418 976 4503 Pighio
1018 4420 1415 4484 referuntur.
1504 4421 1638 4487 Hic
1679 4420 1845 4485 mihi
1889 4420 2318 4486 vehementer

351 4502 608 4569 scilicet
664 4503 1040 4570 sudandum
1095 4515 1222 4584 est,
1277 4513 1356 4571 ut
1412 4505 1590 4569 hunc
1642 4506 1890 4570 nodum
1950 4506 2312 4588 expediam.

354 4587 499 4654 Sed
541 4589 671 4656 iam
717 4590 1098 4656 facillimam
1140 4591 1466 4654 rationem
1508 4590 1754 4656 inveni.
1845 4592 2094 4657 Fateor
2138 4592 2316 4656 enim

349 4695 591 4740 verum
647 4695 789 4742 esse
833 4675 1008 4758 quod
1054 4674 1211 4742 dicit
1251 4677 1695 4760 Augustinus:
1752 4696 1828 4740 ac
1885 4677 1941 4742 si
1987 4676 2067 4742 de
2106 4678 2318 4743 tribus

348 4761 504 4826 istis
544 4761 722 4826 inter
762 4783 885 4827 nos
927 4761 1100 4827 bona
1140 4760 1271 4826 fide
1315 4762 1691 4840 conveniat,
1749 4782 1885 4826 non
1940 4760 2133 4827 modo
2176 4782 2317 4828 cer-

352 4855 585 4911 tamen
629 4847 930 4913 omittere
972 4853 1246 4931 paratus
1290 4869 1466 4926 sum,
1523 4845 1641 4912 sed
1682 4867 1851 4930 nego
1894 4846 2108 4911 ullum
2153 4867 2315 4913 esse.

352 4931 873 4999 Possibilitatem
931 4932 1231 5000 adiuvari
1276 4933 1405 4999 Dei
1447 4934 1664 5017 gratia
1677 4984 1693 5011 ,
1748 4932 2078 4998 fatebatur
2121 4932 2319 4998 Pela-

501 5222 561 5288 1)
604 5222 869 5293 Princeps
902 5223 1089 5279 habet.-
1124 5223 1335 5279 iudicio.

498 5289 562 5352 2)
606 5292 686 5344 Ad
722 5293 955 5346 Vitalcm
994 5293 1163 5357 Epist.
1202 5290 1315 5344 10⁷.

2427 569 2607 651 gius:
2665 571 3076 637 voluntatem
3120 593 3279 639 vero
3324 581 3391 638 et
3433 574 3742 640 effectum
3797 595 3998 658 penes
4048 575 4389 642 hominem

2426 674 2570 720 esse
2614 655 2886 722 dicebat.
2979 655 3379 742 Quanquam
3422 681 3578 725 eum
3620 660 3691 724 in
3734 660 4185 744 possibilitatis
4227 683 4390 729 voce

2424 738 2697 806 fallendi
2751 741 3072 809 latebram
3129 765 3444 827 quaerere
3495 745 3718 829 arguit
3758 746 4204 829 Augustinus,
4250 766 4390 813 non

2424 833 2649 891 tamen
2696 829 2894 893 etiam
2939 830 2996 893 si
3038 828 3230 897 fucus
3264 831 3378 895 ille
3412 829 3705 909 tollatur,
3751 851 3828 895 eo
3872 838 4219 897 contentus
4254 841 4384 898 est:

2425 911 2541 975 sed
2598 912 2721 979 hoc
2775 922 3155 981 constanter
3206 924 3461 994 tuetur,
3519 916 3931 982 voluntatem
3985 918 4113 982 Dei
4169 919 4389 1001 gratia

2423 995 2663 1061 bonam
2717 1000 2862 1063 fieri
2879 1050 2896 1078 ,
2964 1009 3034 1065 et
3090 1001 3444 1067 efficaciter
3496 1022 3618 1066 nos
3676 1000 3872 1085 dirigi
3931 1000 4015 1066 ad
4073 1003 4385 1068 effectum

2423 1102 2631 1164 usque
2676 1084 2829 1149 boni
2882 1087 3116 1167 operis.
3204 1087 3358 1153 Non
3401 1087 3614 1152 solum
3668 1107 3859 1169 posse
3902 1094 4201 1153 nostrum
4217 1138 4235 1166 ,
4280 1089 4388 1152 in-

2423 1168 2582 1249 quit,
2611 1168 2663 1252 ¹)
2721 1169 2992 1236 donavit
3044 1179 3240 1254 atque
3284 1171 3559 1239 adiuvat
3600 1173 3808 1252 DeuS,
3850 1171 3965 1238 sed
4008 1172 4180 1238 velle
4224 1194 4386 1256 quo—

2422 1273 2552 1335 que
2598 1262 2666 1318 et
2716 1256 2974 1338 operari
3018 1257 3218 1321 efficit
3270 1257 3340 1321 in
3387 1258 3591 1323 nobis.
3682 1257 3836 1322 Non
3887 1258 4042 1341 quia
4083 1278 4219 1323 non
4263 1279 4387 1327 vo-

2421 1338 2644 1405 lumus
2686 1360 2824 1414 nos,
2870 1349 2986 1405 aut
3026 1362 3166 1406 non
3210 1343 3499 1426 agimus,
3546 1341 3661 1407 sed
3704 1343 3859 1425 quia
3901 1351 4261 1425 utrumque
4303 1344 4385 1409 fit

2424 1424 2567 1488 eius
2611 1426 2876 1491 auxilio.
2967 1424 3146 1506 Quid
3186 1436 3408 1493 autem
3450 1428 3574 1492 hoc
3614 1428 3856 1508 valeat,
3893 1450 3977 1494 ex
4012 1430 4224 1512 capite
4267 1427 4384 1494 de-

2423 1510 2596 1575 cimo
2638 1520 2873 1594 quarto
2918 1512 3153 1577 melius
3206 1513 3630 1597 intelligetur.
3722 1512 3797 1580 Si
3842 1520 3968 1592 est,
4011 1515 4084 1578 in
4130 1515 4256 1593 uit,
4302 1522 4383 1579 ut

2423 1597 2671 1661 veritas
2714 1595 2920 1674 docet,
2966 1618 3194 1663 omnes
3240 1599 3485 1678 venire,
3531 1600 3642 1682 qui
3685 1619 3727 1663 a
3772 1607 3958 1682 patre
4002 1598 4070 1663 di
4120 1599 4383 1666 ‘cerint:

2424 1681 2722 1764 quisquis
2779 1704 2912 1747 non
2971 1685 3182 1762 venit,
3237 1685 3525 1765 profecto
3578 1703 3702 1750 nec
3760 1683 4003 1751 didicit.
4106 1685 4384 1751 Postea:

2425 1765 2711 1846 Quando
2753 1768 2960 1851 igitur
3003 1767 3192 1835 docet
3233 1768 3437 1848 Deus,
3483 1791 3619 1835 non
3674 1775 3821 1849 [pag.
3865 1774 4012 1848 108]
4057 1791 4174 1853 per
4213 1771 4386 1855 legis

2423 1851 2705 1950 literam,
2752 1852 3024 1954 sed-per·
3054 1854 3328 1936 spiritus
3367 1857 3667 1939 gratiam,
3714 1857 3810 1920 ita
3848 1854 4052 1933 docet,
4096 1861 4175 1920 ut
4192 1856 4387 1956 ‚quod

2424 1938 3113 2090 ἓωωεέἓίωὼῗοῖῖῗὲῑ,
3149 1940 4389 2110 ἓῧὲοὲἒᾞηὲῖξῖῗῗέἐᾍῗθέἐ

2423 2109 2551 2173 isto
2597 2108 2819 2174 divino
2865 2109 3140 2176 docendi
3182 2110 3374 2176 modo
3390 2163 3407 2190 ,
3453 2113 3651 2176 etiam
3698 2111 4003 2178 voluntas
4046 2120 4113 2176 et
4155 2131 4387 2194 opera-

2424 2196 2521 2258 tio
2535 2245 2551 2272 ,
2598 2215 2729 2259 non
2792 2195 2931 2261 sola
2973 2193 3236 2261 volendi
3279 2205 3348 2261 et
3399 2195 3714 2280 operandi
3757 2196 4155 2279 possibilitas
4198 2196 4385 2262 adiu-

2424 2287 2639 2345 vatur.
2749 2278 2826 2346 si
2893 2281 3072 2345 enim
3137 2281 3351 2346 solum
3417 2303 3608 2364 posse
3667 2293 3974 2345 nostrum
4039 2284 4386 2347 iuvaretur

2421 2385 2542 2447 per
2586 2367 2888 2449 gratiam,
2932 2367 3027 2430 ita
3071 2364 3320 2433 diceret
3341 2366 3700 2431 Dominus:
3749 2364 3990 2432 Omnis
4034 2367 4151 2449 qui
4195 2366 4385 2431 audi-

2423 2452 2523 2516 vit
2565 2459 2632 2517 et
2674 2451 2921 2529 didicit,
2978 2453 3207 2517 venire
3257 2459 3493 2535 potest.
3583 2452 3734 2516 Non
3785 2459 4008 2516 autem
4061 2451 4188 2517 hoc
4232 2461 4385 2516 tan-

2423 2545 2589 2614 tum,
2635 2536 2750 2602 sed
2794 2537 3022 2603 venire
3035 2587 3051 2614 ,
3108 2535 3283 2603 dicit.
3374 2537 3625 2602 Venire
3666 2557 3883 2619 posse,
3930 2537 4271 2602 constituit
4310 2537 4387 2602 in

2420 2630 2667 2688 natura
2707 2623 3050 2706 Pelagius:
3096 2622 3206 2690 vel
3247 2624 3448 2688 etiam
3491 2624 3563 2687 in
3605 2623 3852 2706 gratia,
3897 2640 4027 2705 qua
4070 2621 4230 2687 dicit
4264 2621 4383 2687 ad-

2421 2707 2640 2773 iuvari
2683 2707 3184 2791 possibilitatem
3226 2707 3457 2790 ipsam.
3547 2708 3796 2773 Venire
3841 2717 4063 2773 autem
4077 2758 4093 2786 ,
4144 2708 4216 2772 in
4255 2728 4380 2773 vo-

2421 2792 2677 2858 luntate
2711 2802 2779 2859 et
2818 2814 3013 2876 opere
3056 2800 3173 2859 est.
3261 2795 3475 2859 Porro
3518 2815 3650 2859 non
3696 2801 3798 2858 est
3837 2813 4259 2876 consequens,
4304 2800 4383 2857 ut

2420 2879 2535 2961 qui
2578 2887 2792 2962 potest
2834 2879 3064 2945 venire
3079 2930 3093 2956 ,
3139 2881 3341 2944 etiam
3384 2881 3638 2958 veniat,
3684 2879 3814 2944 nisi
3857 2880 4139 2946 voluerit
4183 2885 4381 2961 atque

2420 2964 2678 3031 fecerit:
2733 2964 2850 3029 sed
2902 2966 3115 3030 omnis
3168 2966 3280 3047 qui
3335 2964 3563 3029 didicit
3620 2984 3661 3028 a
3710 2973 3927 3047 patre,
3988 2986 4122 3029 non
4166 2964 4382 3029 solum

2418 3057 2636 3132 potest
2690 3051 2922 3117 venire
2938 3101 2953 3128 ,
3011 3048 3129 3115 sed
3182 3051 3392 3117 venit:
3448 3050 3562 3116 ubi
3614 3051 3748 3115 iam
3803 3059 3872 3116 et
3921 3049 4383 3133 possibilitatis

2417 3137 2765 3217 profflctus,
2812 3143 2880 3201 et
2922 3136 3283 3202 voluntatis
3327 3135 3630 3214 affectus,
3676 3143 3745 3201 et
3788 3136 4061 3200 actionis
4104 3136 4380 3201 effectus

2418 3229 2536 3286 est.
2628 3219 2809 3301 Quid
2884 3220 3165 3305 Pighius
3234 3220 3520 3304 amplius
3583 3219 3746 3285 velit
3759 3271 3773 3297 ,
3855 3228 3973 3286 aut
4037 3219 4379 3303 requirat?

2417 3306 2588 3371 Dico
2635 3326 2746 3371 me
2799 3306 2973 3372 hanc
3024 3306 3394 3390 pactionem
3443 3312 3581 3370 toto
3624 3307 3846 3371 animo
3901 3305 4237 3387 amplecti,
4304 3314 4384 3369 ut

2417 3391 2606 3457 nulla
2649 3392 2738 3456 sit
2787 3392 2969 3456 inter
3022 3412 3143 3456 nos
3187 3392 3534 3471 contentio,
3589 3390 3715 3456 hac
3757 3392 3933 3455 inter
3973 3412 4093 3456 nos
4135 3390 4383 3462 consti-

2416 3485 2564 3542 tuta
2605 3475 2920 3543 doctrina.
3012 3474 3193 3556 Quid
3246 3474 3434 3559 ipse?
3522 3476 3765 3540 'I'otum
3824 3477 4110 3541 hominis
4162 3473 4380 3541 defec-

2417 3570 2565 3627 tum
2607 3563 2678 3627 in
2719 3561 3153 3646 possibilitate
3195 3558 3491 3628 includit.
3576 3561 3774 3627 Hanc
3816 3582 4074 3646 quoque
4118 3561 4214 3627 sic
4246 3561 4381 3626 Dei

2419 3649 2638 3733 gratia
2677 3649 2875 3749 fingit
2917 3645 3251 3726 adiuvari,
3297 3653 3376 3711 ut
3415 3646 3754 3726 voluntas,
3801 3649 3857 3714 si
3901 3647 4092 3724 velit,
4137 3647 4376 3729 possit:

2418 3733 2501 3799 ab
2557 3734 2802 3800 efficaci
2857 3734 3110 3817 gratiae
3166 3733 3548 3817 operatione
3605 3739 3919 3816 tanquam
3972 3755 4012 3797 a
4052 3733 4380 3817 periculo—

2418 3820 2677 3885 sissimo
2720 3820 3016 3903 scopulo,
3062 3819 3172 3885 vel
3210 3817 3433 3903 potius
3474 3820 3806 3901 praesenti
3856 3820 4218 3902 naufragio,
4264 3817 4380 3882 ab-

2404 3904 2663 3976 horret.
2766 3903 2901 3985 Qui
2949 3912 3171 3971 autem
3222 3904 3480 3970 illustre
3543 3903 3696 3970 fidei
3755 3913 3821 3970 et
3877 3902 4179 3971 candoris
4233 3905 4378 3970 eius

2420 3992 2756 4091 specimen
2809 3991 3052 4090 habere
3109 3990 3316 4090 volet,
3375 3989 3761 4074 diligentius
3799 3990 4158 4074 expendat,
4216 3988 4379 4072 quid

2416 4098 2491 4141 m
2534 4076 2842 4227 hltssilliisso
2872 4084 3475 4245 ffigluffigffilafis
3513 4109 3733 4227 ‘habet
3785 4161 3997 4240 locus,
4051 4180 4248 4242 quem
4295 4180 4382 4223 ex

2419 4247 2620 4313 tertio
2664 4247 3211 4332 Hypognosticoev
3265 4246 3584 4331 adiungit.
3675 4246 3997 4312 Liberum
4031 4243 4381 4310 arbitrium

2419 4335 2680 4418 negari,
2726 4334 3032 4416 prohibet
3083 4334 3199 4398 ille
3256 4334 3553 4415 scriptor.
3642 4332 3871 4414 Neque
3926 4332 4103 4396 enim
4146 4330 4384 4414 Augu-

2411 4419 2673 4511 stinum
2717 4440 2891 4498 esse,
2950 4419 3194 4485 eruditi
3237 4438 3467 4483 omnes
3522 4426 3809 4483 censent.
3900 4415 4036 4482 Sed
4077 4415 4233 4500 quid
4277 4436 4383 4481 re-

2422 4506 2596 4571 tinet
2658 4514 2922 4589 praeter
2985 4525 3227 4571 nomen
3242 4555 3257 4581 ,
3371 4523 3531 4567 uum
3595 4502 3830 4568 inutile
3895 4522 4039 4567 esse
4097 4509 4432 4566 testetur·

2424 4591 2568 4656 sine
2613 4591 2746 4655 Dei
2801 4592 3043 4674 gratia,
3090 4598 3230 4654 tam
3273 4610 3313 4653 a
3410 4586 3886 4666 inchoandum,
3940 4606 4140 4670 quam
4184 4587 4384 4669 perfi-

2424 4674 2732 4741 ciendum
2755 4675 3042 4740 bonum?
3086 4696 3288 4758 quum
3317 4681 3569 4739 asserat
3602 4694 3734 4738 non
3766 4673 4138 4755 praeveniri
4159 4671 4385 4737 Deum

2423 4762 2765 4827 voluntate
2822 4769 3078 4840 nostra,
3135 4767 3216 4824 ut
3268 4779 3662 4842 quaeramus
3708 4760 3850 4824 eius
3894 4759 4205 4843 gratiam,
4263 4756 4382 4821 sed

2426 4868 2580 4912 eum
2634 4847 2924 4930 gratuita
2973 4844 3423 4911 misericordia
3483 4844 3741 4910 efficere
3796 4846 3867 4909 in
3909 4844 4098 4910 nobis
4143 4843 4386 4907 bonam

2424 4931 2880 4998 voluntatem?
2927 4952 3133 5015 quum
3174 4930 3461 5014 denique
3504 4931 3677 4995 nihil
3722 4930 3976 4995 homini
4023 4929 4379 5012 relinquat,

2424 5017 2558 5084 nisi
2611 5025 2689 5082 ut
2741 5018 2813 5082 in
2871 5018 3019 5084 Deo
3074 5017 3262 5083 fortis
3316 5018 3432 5097 sit,
3478 5018 3742 5101 sapiens
3784 5037 3860 5082 ac
3895 5015 4137 5094 iustus,
4196 5014 4268 5079 in
4311 5033 4384 5080 se

2428 5185 2704 5193 -——----
2725 5184 2838 5191 ——n

2569 5291 2628 5356 1)
2665 5291 2795 5360 Cap.
2830 5288 2916 5345 25.

4923 5041 4940 5106 ι-
4925 4907 4940 5014 221³..
4927 4795 4941 4858 En*
4925 4683 4934 4700 '¹¹'
