4967 5992
420 320 549 383 489

423 507 644 572 sumit.
744 506 1049 573 Immane
1104 515 1426 591 quantum
1479 507 1643 572 haec
1697 508 1871 574 inter
1925 527 1997 572 se
2051 505 2385 573 differunt.

423 592 780 659 Praeterea
820 593 1039 659 calicis
1075 614 1268 659 usum
1295 590 1701 659 reddidimus
1735 593 1997 675 populo,
2034 595 2145 674 qui
2183 614 2385 675 quum

424 676 520 743 illi
567 700 607 743 a
664 679 953 744 Domino
1007 699 1142 744 nen
1199 677 1391 743 mede
1446 680 1837 761 permissae,
1894 677 2010 743 sed
2053 699 2385 743 cemmen-

424 761 618 829 datus
651 765 839 843 feret,
887 784 1021 828 nen
1057 764 1185 828 alio
1221 784 1379 829 sane
1414 771 1640 829 autore
1683 785 1880 846 quam
1916 761 2172 829 Satana
2204 764 2384 830 abla-

425 857 532 914 tus
576 851 718 915 fuit.
789 850 896 915 Ex
935 851 1362 915 caeremoniis
1407 850 1651 914 multas
1708 848 2183 914 abdicavimus:
2230 870 2382 932 par-

421 935 544 1000 tim
587 937 742 1019 quia
779 935 1133 1000 multitude
1175 944 1438 1017 praeter
1479 935 1746 1000 medum
1783 943 2187 1014 excreverat,
2232 956 2384 1017 par·

425 1020 544 1085 tim
596 1022 750 1104 quia
807 1022 975 1086 aliae
1041 1018 1438 1086 iudaismum
1495 1022 1698 1085 nimis*
1734 1019 2148 1099 redolebant,
2196 1019 2380 1100 aliae,

423 1107 503 1172 ab
547 1106 873 1190 imperitis
917 1106 1296 1171 hominibus
1331 1108 1661 1186 inventae,
1707 1106 1878 1170 tanti
1902 1107 2201 1191 mysterii
2230 1128 2381 1190 gra-

420 1192 616 1259 vitati
651 1214 886 1276 parum
920 1190 1381 1275 congruebant.
1437 1191 1691 1257 Verum
1730 1191 1962 1256 demus
1995 1191 2164 1256 nihil
2203 1192 2381 1258 aliud

419 1278 622 1344 fuisse
675 1277 833 1343 mali
852 1328 866 1353 ,
926 1278 1052 1343 nisi
1098 1277 1267 1360 qued
1314 1285 1558 1343 temere
1602 1276 2054 1359 obrepserant:
2114 1298 2201 1342 an
2247 1299 2380 1342 nen

418 1363 548 1429 fuit
590 1364 754 1429 satis
788 1361 1026 1428 idonea
1062 1383 1261 1428 eausa
1292 1385 1412 1429 cur
1447 1363 1851 1442 tollerentur,
1899 1384 2100 1446 quum
2137 1364 2379 1448 vulgus

423 1449 768 1514 hominum
813 1450 886 1513 in
929 1449 1063 1513 illis
1101 1447 1558 1532 obstupescere
1603 1449 2065 1514 cerneremus?

595 1534 703 1599 Ad
741 1533 1489 1601 transsubstantiationis
1520 1541 1981 1610 commentum,
2023 1534 2107 1598 ad
2128 1556 2378 1600 morem

418 1620 580 1684 item
619 1619 1032 1685 custodiendi
1067 1632 1134 1685 et
1167 1620 1468 1703 gestandi
1506 1621 1696 1703 panis
1733 1618 2199 1698 damnandum,
2238 1642 2376 1686 ma-

418 1705 520 1771 ier
562 1727 684 1771 nes
727 1705 995 1789 impulit
1037 1707 1410 1772 necessitas.
1499 1706 1802 1772 Primum
1852 1717 2186 1790 repugnat
2229 1711 2378 1786 [pag.

421 1796 530 1870 6ο]
575 1793 821 1873 apertis
858 1791 1111 1857 Christi
1159 1793 1401 1858 verbis:
1450 1791 1687 1857 deinde
1731 1813 1771 1857 a
1806 1801 2125 1875 perpetua
2160 1812 2376 1857 sacra-

417 1883 792 1942 mentorum
830 1876 1141 1942 abhorret
1182 1878 1459 1942 ratione.
1529 1878 1759 1959 Neque
1795 1878 1974 1941 enim
2009 1898 2376 1943 sacramen-

417 1968 557 2027 tum
623 1972 753 2039 est,
809 1963 922 2028 ubi
987 1984 1122 2027 non
1189 1964 1590 2045 conspicitur
1661 1962 1919 2028 visibile
1981 1963 2374 2047 symbolum,

416 2048 587 2130 qued
623 2048 1122 2113 similitudinem
1151 2048 1390 2113 habeat
1426 2070 1578 2114 cum
1612 2048 1940 2130 spirituali
1975 2068 2172 2129 quam
2206 2050 2375 2132 figu-

416 2140 521 2198 rat
574 2133 871 2199 veritate.
972 2135 1067 2199 Et
1119 2133 1199 2199 de
1267 2155 1470 2200 coena
1512 2134 1763 2199 clarum
1809 2140 1941 2211 est,
2000 2134 2171 2216 qued
2217 2134 2375 2200 dicit

414 2218 694 2284 Paulus:
775 2220 916 2284 Nes
974 2241 1181 2284 unum
1239 2240 1383 2284 esse
1447 2239 1687 2301 panem
1746 2226 1815 2283 et
1869 2240 2077 2283 unum
2132 2240 2370 2304 corpus

414 2325 672 2382 omnes,
736 2305 850 2386 qui
904 2305 1101 2368 unius
1160 2303 1351 2386 panis
1405 2303 1760 2387 participes
1817 2326 2047 2369 sumus
2108 2309 2166 2387 (1
2217 2307 2367 2371 Cer.

420 2395 517 2470 10,
565 2389 689 2472 17).
781 2388 913 2455 Ubi
955 2388 1264 2472 analogia
1309 2400 1425 2454 aut
1467 2388 1828 2455 similitudo
1873 2390 2047 2473 signi
2091 2391 2370 2457 visibilis

409 2476 483 2540 in
528 2495 757 2552 coena,
803 2494 970 2556 quae
1012 2475 1265 2557 corpori
1308 2483 1374 2539 et
1430 2476 1736 2558 sanguini
1783 2476 2054 2540 Domini
2099 2497 2370 2559 respen-

413 2561 582 2636 deat‚
629 2561 684 2625 si
728 2560 919 2643 panis
963 2580 1095 2624 nen
1141 2569 1259 2637 est,
1303 2582 1430 2642 que
1476 2562 1819 2639 vescimur,
1866 2582 2080 2644 neque
2114 2563 2367 2638 vinum,

411 2645 588 2728 qued
631 2645 766 2710 illic
811 2645 1087 2722 bibitur,
1140 2645 1261 2710 sed
1316 2647 1512 2711 inane
1555 2645 1745 2711 mode
1787 2656 2149 2729 spectrum,
2194 2648 2367 2730 qued

410 2731 634 2797 ocules
691 2729 923 2796 ludat?
1025 2730 1245 2810 Adde,
1312 2731 1483 2814 qued
1541 2731 1694 2798 huic
1747 2740 2115 2797 commento
2169 2732 2366 2798 simul

409 2818 718 2882 continue
764 2816 1081 2881 adhaeret
1125 2816 1411 2883 deterior
1455 2818 1869 2899 superstitie,
1937 2825 2015 2883 ut
2057 2819 2128 2883 in
2172 2840 2363 2902 pane,

407 2909 726 2986 tanquam
782 2902 853 2966 in
898 2900 1075 2979 Dee,
1141 2902 1460 2968 haereant
1502 2903 1830 2981 hemines,
1888 2903 2205 2988 illumque
2247 2927 2364 2986 pre

405 2989 553 3053 Dee
598 2988 892 3062 aderent,
938 2988 1221 3070 qualiter
1265 2987 1562 3054 videmus
1607 2990 1806 3054 fuisse
1840 2990 2104 3055 factum.
2191 2990 2364 3055 Nam

408 3095 612 3156 quum
659 3073 1058 3139 adminiculo
1094 3073 1361 3138 deberet
1400 3096 1541 3139 esse
1578 3082 2079 3153 sacramentum,
2118 3075 2201 3140 ad
2236 3077 2363 3141 eri-

405 3160 657 3243 gendas
703 3160 773 3223 in
819 3159 1072 3223 coelum
1128 3159 1273 3243 pias
1325 3168 1612 3236 mentes,
1680 3181 1948 3242 prorsus
1989 3162 2060 3224 in
2102 3168 2363 3227 contra-

405 3247 581 3310 rium
626 3247 824 3311 finem
872 3245 1076 3310 sacris
1120 3264 1360 3310 coenae
1396 3245 1713 3329 symbolis
1751 3245 1996 3310 abusus
2032 3254 2136 3310 est
2169 3268 2361 3312 mun-

405 3331 563 3410 dus,
619 3342 694 3396 ut
745 3330 994 3396 scilicet
1035 3329 1303 3395 illorum
1347 3340 1618 3414 aspectu
1661 3330 1968 3412 cultuque
2013 3338 2363 3397 contentus

403 3427 695 3482 mentem
741 3415 825 3482 ad
869 3415 1212 3482 Christum
1257 3436 1465 3499 usque
1511 3437 1644 3481 nen
1681 3415 2027 3482 attolleret.
2097 3417 2363 3484 Gestari

402 3523 567 3567 vere
621 3523 858 3587 panem
916 3503 981 3565 in
1030 3523 1298 3584 pompa,
1356 3509 1471 3565 aut
1515 3501 1791 3575 editiore
1833 3501 1970 3566 loce
2010 3503 2241 3585 reponi
2284 3512 2363 3567 ut

405 3589 746 3667 adoretur,
804 3588 1004 3653 nimis
1060 3588 1277 3653 aliena
1330 3597 1432 3653 est
1491 3589 1573 3653 ab
1639 3588 2053 3653 institutione
2109 3588 2361 3654 Christi

403 3674 794 3757 corruptela.
882 3674 1180 3758 Porrigit
1222 3673 1399 3738 enim
1443 3672 1634 3739 nobis
1671 3673 1742 3737 in
1787 3692 1990 3738 coena
2030 3674 2360 3739 Dominus

400 3782 641 3842 corpus
685 3767 752 3825 et
794 3761 1186 3843 sanguinem
1211 3780 1432 3824 suum:
1479 3756 1595 3825 sed
1638 3765 1717 3824 ut
1751 3757 2024 3825 edamus
2067 3768 2136 3824 et
2178 3759 2358 3824 biba-

397 3867 572 3911 mus.
643 3845 879 3926 Itaque
919 3844 1300 3910 mandatum
1335 3846 1549 3927 priore
1591 3844 1732 3912 lece
1766 3845 1970 3927 penit,
2015 3866 2146 3929 que
2181 3846 2363 3911 iubet

401 3931 734 4013 accipere,
780 3929 1195 4009 manducare,
1240 3930 1493 3996 bibere:
1541 3931 1696 3996 huic
1738 3929 1974 3997 deinde
2019 3931 2361 4016 subiungit

400 4025 470 4083 et
537 4015 835 4082 annectit
893 4016 1419 4098 premissionem,
1485 4038 1616 4100 qua
1675 4022 1986 4095 testatur,
2052 4016 2122 4082 id
2185 4018 2359 4099 qued

400 4103 676 4180 edimuS,
723 4122 866 4167 esse
899 4122 1133 4182 cerpus
1168 4123 1390 4166 suum:
1435 4101 1609 4185 quod
1641 4100 1943 4178 bibimus,
1967 4123 2131 4167 esse
2165 4124 2359 4167 suum

401 4189 813 4273 sanguinem.
905 4185 1038 4267 Qui
1081 4186 1287 4270 igitur
1326 4208 1565 4269 panem
1606 4186 1689 4251 ad
1728 4187 1979 4253 cultum
2025 4185 2128 4252 vel
2169 4207 2356 4269 repe-

401 4276 605 4340 situm
639 4273 908 4352 habent,
944 4271 1056 4338 vel
1091 4272 1580 4351 circumferunt,
1618 4293 1820 4355 quum
1854 4271 2357 4354 premissionem

404 4366 553 4440 [pag.
591 4365 698 4440 61]
745 4367 1056 4441 separent
1098 4377 1137 4421 a
1177 4357 1519 4436 mandate,
1566 4357 1690 4423 hec
1732 4365 1861 4435 est,
1904 4358 2134 4440 iugum
2180 4358 2355 4423 inse-

399 4445 604 4512 lubile
675 4445 1104 4526 abrumpant,
1175 4441 1427 4508 Christi
1486 4442 1750 4525 quidem
1817 4463 2053 4524 cerpus
2121 4442 2357 4527 imagi-

401 4539 648 4597 nantur
687 4550 759 4596 se
802 4529 1063 4607 habere,
1109 4526 1225 4594 sed
1266 4549 1399 4592 nen
1434 4529 1565 4592 nisi
1607 4527 1854 4592 idolum
1885 4526 2147 4606 habent,
2185 4527 2357 4612 qued

401 4617 528 4684 sibi
598 4618 621 4682 i
702 4616 728 4680 i
780 4614 1214 4680 somniarunt.
1305 4611 1650 4695 Siquidem
1693 4632 1827 4677 nen
1873 4611 1956 4677 ad
2001 4613 2165 4679 alies
2207 4634 2357 4697 per-

400 4703 571 4768 tinet
665 4722 780 4767 aec
832 4700 1088 4767 Christi
1144 4699 1521 4783 premissie,
1581 4719 1713 4781 qua
1757 4698 1946 4764 nobis
1998 4697 2121 4763 sub
2176 4720 2354 4783 sym-

398 4788 570 4854 bolis
602 4789 796 4872 panis
837 4795 905 4854 et
944 4786 1085 4854 vini
1120 4806 1356 4869 corpus
1391 4792 1461 4852 et
1492 4784 1880 4882 sanguinem
1916 4805 2110 4849 suum
2145 4785 2354 4863 effert,

399 4894 596 4956 quam
647 4873 732 4939 ad
779 4893 919 4952 ees,
963 4873 1076 4956 qui
1121 4878 1396 4937 sumunt
1455 4892 1537 4935 ex
1583 4890 1725 4934 ems
1771 4890 2003 4948 manu,
2049 4876 2128 4934 ut
2174 4890 2356 4954 mys-

400 4960 644 5024 terium
704 4958 1038 5026 celebrent
1090 4957 1263 5041 qued
1317 4957 1459 5039 ipse
1501 4955 1849 5040 praecepit.
1882 4955 1931 5038 ¹)
2022 4954 2157 5036 Qui
2197 4976 2356 5021 vero

539 5161 598 5227 1)
644 5161 951 5230 praecepit,
995 5157 1124 5228 qu’il
1172 5178 1206 5215 a
1242 5159 1501 5216 ordonne.
1580 5159 1865 5215 Gallasius
1897 5161 2156 5229 scripsit.-
2199 5175 2356 5228 prae-

400 5231 532 5300 cipit
565 5245 720 5300 quem
753 5229 959 5298 reliqui
991 5230 1208 5298 sequuti
1240 5235 1383 5284 sunt.

1769 316 2496 385 REFORMANDAE
2540 318 3086 388 ECCLESIAE.

4320 330 4450 395 490

2492 528 2614 572 sue
2659 509 2930 576 arbitrie
2984 530 3224 592 panem
3284 510 3370 575 ad
3421 510 3619 576 aliam
3665 512 3990 577 actionem
4029 522 4447 596 convertunt,

2491 593 2653 674 illis,
2723 617 2926 677 quum
2984 597 3414 678 promissione
3469 607 3771 676 careant,
3842 598 4012 676 nihil
4065 599 4194 665 nisi
4252 621 4445 667 suum

2491 679 2820 745 somnium
2857 689 3173 763 superest.
3233 682 3578 747 Postremo
3616 682 3979 748 doctrinam
4016 687 4447 770 mysteriique

2490 768 3008 845 enarrationem,
3056 787 3223 849 quae
3268 789 3308 832 a
3364 768 3604 851 popule
3661 768 4122 849 exaudiretur,
4181 792 4446 838 reveca-

2488 850 2738 916 vimus:
2797 873 2996 934 quum
3053 861 3208 916 ante
3261 853 3564 919 sacerdes
3617 874 3751 918 nen
3806 853 4001 919 mede
4056 856 4287 940 lingua
4332 881 4446 923 ex-

2488 943 2720 1001 tranea
2755 947 3073 1017 uteretur,
3112 938 3226 1003 sed
3264 939 3487 1017 verba,
3533 938 3769 1021 quibus
3807 961 4040 1022 panem
4077 947 4145 1006 et
4178 943 4446 1009 calicem

2485 1022 2765 1103 putabat
2831 1025 3232 1102 consecrari,
3300 1024 3627 1089 submissa
3680 1045 3842 1092 voce
3898 1025 4442 1096 demurmuraret.

2486 1106 2620 1171 Hic
2678 1107 2841 1171 nihil
2890 1108 3136 1173 habent
3194 1110 3706 1192 reprehensores
3765 1113 3972 1176 nestri
4030 1112 4100 1176 in
4146 1134 4274 1196 que
4322 1136 4444 1181 nes

2486 1200 2780 1275 carpant,
2826 1194 2954 1259 nisi
2991 1193 3163 1276 qued
3200 1194 3453 1261 Christi
3488 1195 3876 1260 mandatum
3916 1197 4303 1281 simpliciter
4343 1222 4445 1267 se-

2485 1278 2675 1361 quuti
2754 1300 2998 1344 sumus.
3087 1280 3239 1344 Non
3318 1282 3491 1345 enim
3575 1282 3771 1348 tacito
3849 1284 4212 1350 exorcismo
4288 1287 4443 1367 pani

2482 1365 2836 1448 praecepit,
2882 1373 2958 1429 ut
2993 1385 3227 1447 cerpus
3263 1387 3457 1430 suum
3498 1368 3713 1431 fieret:
3762 1367 3879 1432 sed
3919 1369 4227 1451 apostolis
4263 1371 4442 1436 clara

2485 1471 2643 1515 voce
2686 1450 3152 1532 prenunciavit
3195 1472 3389 1515 suum
3434 1452 3565 1517 illis
3610 1473 3845 1536 cerpus
3890 1476 3960 1519 se
4006 1452 4182 1519 dare.

2656 1535 2922 1600 Interea
2985 1537 3155 1602 sicut
3213 1537 3548 1619 baptismi,
3612 1539 3711 1602 ita
3776 1547 3845 1603 et
3911 1561 4133 1606 sacrae
4198 1562 4441 1609 coenae

2483 1622 2712 1699 finem,
2760 1622 3145 1700 efficaciam,
3188 1622 3565 1701 utilitatem,
3614 1644 3805 1687 usum
3848 1625 4161 1706 fideliter,
4205 1634 4272 1691 et
4314 1650 4444 1711 qua

2480 1727 2828 1789 pessumus
2871 1707 3122 1790 optima
3167 1707 3539 1791 diligentia,
3586 1709 3828 1791 populo
3872 1711 4211 1777 tradimus.
4300 1714 4440 1778 Ex-

2482 1791 2826 1856 hortamur
2867 1793 3156 1874 primum
3192 1815 3437 1872 omnes,
3484 1804 3559 1858 ut
3591 1793 3788 1859 fidem
3827 1796 4122 1875 afferant,
4168 1818 4297 1879 qua
4341 1800 4440 1864 in-

2482 1884 2590 1942 tus
2634 1879 3016 1959 percipiant,
3062 1878 3240 1961 qued
3283 1879 3419 1945 illic
3462 1888 3994 1962 repraesentatur
4036 1882 4267 1948 oculis:
4318 1884 4441 1951 hoc

2480 1969 2597 2041 est,
2644 1963 2985 2044 spirituale
3022 1963 3427 2043 alimentum,
3476 1986 3605 2047 que
3649 1965 3785 2030 sole
3827 1968 4085 2031 animae
4121 1968 4190 2031 in
4233 1970 4440 2034 vitam

2477 2057 2812 2112 aeternam
2859 2058 3235 2130 pascuntur.
3327 2051 3676 2114 Testamur
3717 2051 4079 2117 Dominum
4124 2052 4289 2117 nihil
4333 2054 4440 2121 1110

2476 2134 2683 2217 signis
2727 2134 3017 2215 polliceri
3052 2143 3168 2198 aut
3206 2137 3512 2218 figurare,
3559 2135 3732 2217 qued
3778 2157 3911 2200 nen
3956 2159 4028 2202 re
4062 2139 4210 2220 ipsa
4252 2141 4441 2204 exhi-

2475 2219 2644 2284 beat.
2736 2220 2991 2302 Cerpus
3031 2241 3189 2303 erge
3232 2231 3300 2284 et
3352 2222 3743 2303 sanguinem
3786 2222 4060 2300 Christi,
4108 2233 4177 2286 et
4219 2226 4441 2290 efferri

2475 2305 2545 2369 in
2603 2326 2808 2370 coena
2851 2306 3040 2371 nobis
3084 2328 3124 2370 a
3168 2304 3489 2383 Domine,
3548 2310 3696 2383 [pag.
3736 2310 3845 2384 62]
3902 2315 3970 2370 et
4012 2327 4051 2370 a
4105 2309 4291 2374 nobis
4336 2332 4439 2376 re-

2476 2390 2604 2473 cipi
2661 2390 3131 2474 praedicamus.
3221 2392 3361 2456 Nec
3410 2391 3504 2454 ita
3558 2411 3800 2472 panem
3856 2397 3922 2454 et
3967 2392 4198 2456 vinum
4257 2417 4436 2478 sym-

2473 2476 2624 2541 bola
2659 2497 2800 2542 esse
2838 2477 3161 2555 docemus,
3200 2478 3359 2559 quin
3395 2478 3704 2542 continue
3740 2474 4081 2553 addamus,
4125 2479 4434 2546 coniunc-
4463 2557 4467 2562 ι

2472 2569 2610 2626 tam
2654 2563 2851 2627 simul
2897 2583 3040 2628 esse
3083 2564 3464 2641 veritatem,
3521 2582 3715 2644 quam
3763 2562 4156 2645 significant.
4249 2563 4434 2645 Quis,

2472 2656 2542 2713 et
2593 2669 2787 2730 quam
2842 2648 3124 2733 insignis
3179 2648 3335 2713 inde
3389 2651 3646 2713 fructus
3701 2646 3783 2711 ad
3859 2669 3978 2713 nes
4045 2649 4300 2728 redeat,
4369 2661 4435 2716 et

2471 2753 2668 2816 quam
2705 2733 2812 2799 hic
2847 2734 3255 2816 praeclarum
3292 2734 3524 2799 salutis
3559 2742 3627 2798 et
3660 2735 3834 2798 vitae
3870 2734 4110 2817 pignus
4146 2735 4435 2800 habeant

2471 2820 2911 2885 conscientiae
2954 2827 3240 2898 nestrae,
3285 2841 3418 2885 nen
3464 2828 3772 2885 tacemus.
3828 2820 4061 2901 Neque
4105 2842 4261 2886 vere
4308 2822 4432 2888 hoc

2469 2905 2636 2969 mihi
2690 2906 3057 2990 negabunt,
3113 2906 3487 2989 quicunque
3543 2904 3791 2987 aliquid
3843 2905 4092 2970 habent
4128 2907 4434 2991 ingenui·

2471 2993 2656 3070 tatis,
2720 2991 2930 3055 multe
2987 2992 3412 3057 illustriorem
3473 2990 3647 3074 apud
3704 3014 3823 3056 1100
3878 2990 4089 3056 audiri
4143 2993 4431 3075 explica-

2469 3077 2719 3141 tionem
2774 3078 3072 3161 mysterii
3124 3078 3352 3156 huius,
3410 3099 3484 3141 ac
3546 3077 3951 3160 plenioribus
4006 3077 4235 3160 elegiis
4289 3079 4431 3144 eius

2469 3160 2911 3310 celmmendari
2980 3161 3403 3245 dignitatem,
3469 3183 3666 3245 quam
3722 3162 3877 3226 alibi
3943 3183 4225 3244 usquam
4285 3164 4433 3229 fieri

2467 3268 2541 3312 00
2569 3255 2689 3312 eat.

2641 3332 2724 3396 In
2781 3331 3091 3397 ecclesiae
3155 3332 3475 3417 regimine
3523 3331 3689 3396 nihil
3754 3332 4071 3398 habemus
4139 3331 4220 3396 ab
4282 3332 4429 3398 aliis

2467 3417 2836 3496 diversum,
2906 3419 3097 3483 cuius
3152 3439 3287 3483 nen
3342 3423 3600 3483 constet
3661 3417 3852 3482 nobis
3918 3419 4168 3501 optima
4232 3419 4419 3484 ratic.

2464 3502 2808 3568 Pasterale
2851 3524 3091 3567 munus
3136 3503 3546 3568 restituimus
3590 3509 3734 3566 tum
3771 3502 3852 3566 ad
3898 3503 4193 3587 regulam
4236 3522 4423 3584 apes-

2465 3589 2746 3669 telicam,
2793 3597 2936 3653 tum
2978 3588 3062 3653 ad
3105 3590 3345 3655 veteris
3388 3588 3696 3654 ecclesiae
3739 3588 4300 3653 consuetudinem:
4350 3599 4427 3654 ut

2465 3675 2842 3758 quicunque
2886 3674 3195 3740 ecclesiae
3235 3681 3569 3758 praesunt,
3612 3672 3902 3740 deceant.
3992 3671 4279 3738 Eosdem
4320 3695 4423 3739 re-

2465 3758 2775 3824 tinendos
2828 3761 2898 3825 in
2944 3760 3157 3843 gradu
3199 3781 3334 3825 nen
3377 3781 3520 3825 esse
3564 3758 4054 3836 contendimus,
4110 3757 4245 3823 nisi
4279 3760 4422 3824 offi-

2466 3847 2644 3912 cium
2694 3846 2910 3912 facere
2960 3853 3257 3929 pergant.
3346 3845 3431 3909 In
3484 3845 3718 3910 iisdem
3765 3843 4086 3927 eligendis
4127 3842 4280 3927 plus
4319 3867 4421 3910 re-

2464 3931 2729 4015 ligionis
2773 3940 2841 3995 et
2883 3951 3081 3996 curae
3124 3928 3575 3996 adhibendum
3619 3951 3759 3994 esse
3804 3929 4295 4007 admonuimus,
4357 3938 4426 3995 et

2463 4017 2593 4099 ipsi
2639 4015 3008 4082 studuimus
3053 4015 3383 4097 adhibere.
3476 4014 3656 4081 Satis
3703 4022 3986 4094 constat,
4032 4015 4223 4097 quale
4268 4037 4421 4081 exa-

2463 4101 2663 4166 minis
2684 4122 2892 4183 genus
2915 4121 3036 4183 per
3076 4122 3231 4166 sues
3257 4103 3728 4183 suffraganeos,
3771 4107 3889 4164 aut
3920 4100 4197 4166 vicarios
4235 4121 4424 4166 exer-

2464 4192 2657 4250 ceant
2701 4185 3008 4268 episcopi.
3096 4187 3189 4251 Et
3231 4208 3317 4251 ex
3358 4188 3498 4268 ipse
3543 4186 3781 4264 fructu,
3825 4185 3941 4267 qui
3980 4184 4132 4250 inde
4174 4194 4420 4266 manat,

2461 4271 2619 4336 licet
2660 4272 3099 4337 coniecturam
3152 4292 3401 4354 capere.
3490 4271 3663 4335 Nam
3720 4291 3915 4352 quam
3958 4272 4204 4335 inertes
4246 4271 4423 4336 nihi·

2461 4356 2639 4438 lique
2696 4355 2996 4422 hemines
3050 4357 3300 4440 passim
3355 4355 3439 4422 ad
3491 4354 3837 4421 sacerdotii
3892 4354 4209 4421 honorem
4268 4378 4421 4440 pre·

2461 4449 2798 4520 moveant,
2872 4441 3041 4507 nihil
3105 4443 3344 4507 attinet
3408 4461 3936 4506 commemorare.
4026 4441 4227 4524 Apud
4279 4464 4419 4524 nes,

2461 4529 2665 4593 etiam
2713 4527 2769 4592 si
2814 4529 2927 4611 qui
2983 4528 3268 4594 ministri
3309 4527 3724 4609 reperiantur
3767 4547 3901 4591 non
3945 4548 4226 4611 magnae
4269 4527 4419 4596 dec—

2460 4614 2693 4691 trinae,
2737 4613 2964 4678 nullus
3000 4621 3222 4678 tamen
3259 4611 3650 4692 admittitur,
3691 4613 3805 4695 qui
3839 4633 3972 4677 nen
4006 4611 4420 4679 mediocriter

2463 4697 2700 4763 saltem
2745 4705 2939 4780 aptus
2994 4698 3080 4764 sit
3131 4698 3215 4763 ad
3271 4696 3660 4764 docendum.
3751 4696 3944 4778 Quod
3999 4718 4134 4762 non
4190 4719 4417 4764 omnes

2463 4790 2621 4849 sunt
2662 4784 2875 4866 magis
2920 4782 3219 4861 absoluti,
3263 4783 3331 4848 id
3376 4792 3746 4866 temporum
3782 4784 4001 4866 petius
4037 4783 4413 4863 calamitati,

2462 4889 2658 4952 quam
2725 4867 2946 4946 nobis,
3024 4867 3502 4951 imputandum.
3594 4872 3742 4949 [pag.
3800 4874 3911 4949 63]
3976 4868 4127 4935 Hoc
4192 4876 4416 4933 tamen

2459 4955 2649 5020 nobis
2691 4955 2837 5019 iure
2881 4954 3149 5037 gloriari
3190 4954 3361 5033 licet,
3403 4954 3747 5037 licebitque
3791 4974 4081 5036 semper,
4123 4974 4254 5018 non
4298 4975 4415 5019 ne-

2459 5039 2792 5124 gligenter
2844 5038 3125 5105 delectos
3182 5039 3391 5106 videri
3445 5060 3636 5123 pesse
3692 5039 4113 5107 ecclesiarum
4154 5045 4413 5104 nestra-

2461 5147 2612 5190 rum
2668 5125 3004 5192 ministros
3019 5176 3035 5204 ,
3093 5125 3152 5190 si
3205 5146 3359 5192 cum
3415 5125 3562 5191 aliis
3617 5132 4094 5208 comparentur.
4187 5121 4413 5204 Quum

2461 5218 2682 5277 autem
2726 5213 2795 5276 in
2848 5210 3152 5277 examine
3195 5219 3262 5277 et
3305 5211 3621 5278 electione
3674 5211 4005 5293 aliquante
4049 5207 4256 5273 simus
4301 5227 4410 5272 su-
