4967 5992
504 265 629 328 399

502 473 543 516 a
586 448 799 533 gratia
832 444 958 510 Dei
1002 441 1249 507 habere
1296 440 1601 506 dicimus:
1662 441 1731 506 in
1777 463 1905 525 qua
1951 441 2247 507 doctrina
2291 441 2459 507 nihil

503 555 645 602 esse
689 528 974 605 absurdi,
1017 526 1441 610 perspicuum
1483 539 1599 592 est.

673 616 995 698 Superest
1036 612 1480 695 Augustinus:
1535 632 1734 695 quem
1786 620 1861 677 ut
1903 632 1989 678 ne
2033 614 2138 678 cui
2183 612 2457 679 dubium

497 706 684 781 foret,
728 699 1091 767 sententiae
1135 705 1399 762 nostrae
1440 717 1560 779 per
1594 696 1817 763 omnia
1849 699 2270 780 patrocinari:
2310 698 2454 765 eius

499 785 901 861 testimonia,
991 805 1152 849 uum
1194 802 1277 847 ex
1320 782 1466 848 aliis
1508 782 1698 861 locis,
1754 791 1898 848 tum
1941 784 2326 866 praesertim
2370 805 2456 849 ex

501 872 790 942 secundo
834 869 918 936 ad
1027 867 1392 933 alentinum
1445 867 1612 933 libro
1666 868 2038 934 citaveram.
2128 866 2237 933 Ad
2291 868 2455 935 haec

499 969 857 1041 antequam
901 951 1294 1038 respondeat
1335 951 1616 1037 Pighius
1630 1004 1646 1032 ,
1689 974 1810 1037 per
1850 953 2082 1038 longos
2123 960 2192 1019 et
2232 953 2455 1019 devios

501 1045 857 1113 verborum
890 1039 1200 1106 circuitus
1232 1046 1522 1121 vagatur
1551 1038 1713 1123 ipse,
1756 1048 1826 1103 et
1857 1037 2289 1105 circumducit
2321 1038 2452 1105 lec-

500 1140 732 1208 torem‚
775 1134 853 1192 ut
891 1145 1158 1191 cernere
1199 1123 1504 1222 omnibus
1548 1133 1925 1224 promptum
1956 1125 2073 1223 sit,
2119 1124 2454 1223 hominem

499 1236 766 1366 οῗέἔῖὲι
777 1209 1547 1377 ‚⁸³30m421t‘3fi‘3‘1'3232ffi’
1559 1207 2453 1377 ..ffifflffiffluffissg

492 1323 805 1453 fectores:
849 1393 926 1447 ut
968 1378 1128 1445 dum
1166 1399 1286 1462 per
1331 1379 1641 1463 ambages
1676 1379 2243 1456 circumferuntur,
2280 1380 2453 1445 veri-

493 1483 596 1538 tas
611 1522 628 1552 ,
683 1467 875 1536 obvia
922 1465 1055 1531 illis
1110 1464 1273 1529 alias
1329 1471 1397 1528 et
1449 1463 1778 1547 exposita,
1838 1486 1922 1529 ex
1979 1486 2204 1530 eorum
2248 1465 2454 1530 oculis

495 1563 865 1625 evanescat.
983 1549 1473 1617 Commemorat
1557 1549 1760 1633 igitur
1845 1549 2045 1634 longo
2132 1571 2450 1628 sermone,

496 1648 643 1722 [pag.
685 1641 836 1718 232]
889 1635 1048 1719 quid
1102 1632 1310 1699 altero
1375 1634 1459 1699 ad
1515 1634 1944 1700 Valentinum
1997 1634 2165 1701 libro
2216 1642 2455 1701 tractet

495 1725 940 1811 Augustinus:
996 1730 1066 1786 et
1111 1720 1266 1802 quia
1307 1739 1458 1784 cum
1516 1719 1731 1804 gratia
1772 1719 2057 1786 liberum
2099 1720 2236 1786 illic
2279 1718 2451 1785 arbi-

496 1812 704 1877 trium
760 1808 906 1874 coni
1052 1806 1129 1883 ‘t,
1189 1805 1348 1871 satis
1403 1804 1527 1869 hoc
1596 1804 1679 1869 ad
1731 1806 2075 1872 victoriam
2132 1806 2255 1872 sibi
2310 1826 2454 1872 esse

497 1892 786 1962 confidit.
868 1893 960 1957 At
1012 1911 1132 1956 nos
1188 1889 1343 1954 alibi
1402 1888 2000 1956 demonstravimus
2013 1942 2029 1969 ,
2086 1888 2247 1974 quid
2291 1891 2454 1957 haec

496 1979 867 2047 coniunctio
912 1976 1155 2054 valeat,
1216 1984 1283 2041 et
1325 1996 1454 2059 quo
1513 1997 1713 2041 sensu
1755 1973 1988 2042 debeat
2031 1997 2071 2040 a
2113 1975 2301 2042 nobis
2344 1997 2451 2042 ac-

497 2067 644 2150 cipi.
711 2064 884 2130 Nam
972 2082 1133 2127 uum
1189 2060 1377 2128 liberi
1423 2059 1677 2126 arbitrii
1735 2062 2001 2127 nomine
2040 2061 2452 2127 voluntatem

495 2150 878 2234 simpliciter
964 2147 1237 2232 esignet,
1283 2167 1478 2229 quam
1517 2148 1771 2212 interea
1815 2168 2080 2213 servam
2115 2168 2258 2213 esse
2299 2168 2450 2230 pec-

495 2238 626 2303 cati
679 2237 952 2313 fatetur,
1012 2231 1170 2315 quid
1228 2231 1405 2297 aliud
1448 2231 1571 2298 sibi
1628 2232 1801 2311 vult,
1866 2253 2062 2315 quam
2116 2231 2288 2315 quod
2330 2253 2450 2297 nos

541 2319 945 2388 raedicamus
958 2319 990 2382 ⁸?
1059 2316 1243 2398 Quin
1286 2318 1506 2394 etiam,
1554 2319 1610 2382 si
1646 2319 1864 2400 ipsum
1906 2318 2256 2402 recipimus
2297 2339 2449 2383 ver-

581 2427 731 2472 rum
774 2424 1049 2472 suorum
1100 2404 1560 2485 interpretem,
1606 2401 1790 2481 alibi,
1846 2422 2045 2485 quam
2087 2402 2256 2467 nihil
2300 2425 2450 2468 sen-

495 2495 620 2558 tiat
663 2513 703 2557 a
761 2491 950 2557 nobis
993 2487 1332 2554 diversum
1351 2538 1367 2566 ‚
1411 2489 1709 2570 exponit:
1764 2509 1971 2571 quum
2014 2488 2242 2554 scribit
2255 2538 2271 2565 ,
2317 2509 2450 2553 non

495 2578 642 2644 tolli
685 2576 899 2661 gratia
938 2572 1366 2650 voluntatem,
1409 2571 1525 2637 sed
1569 2592 1653 2637 ex
1698 2572 1876 2637 mala
1917 2573 1988 2637 in
2022 2573 2260 2638 bonam
2303 2595 2451 2638 mu-

497 2664 626 2729 tari
646 2714 661 2740 ,
717 2671 786 2726 et
838 2679 1044 2742 quum
1099 2656 1274 2722 bona
1323 2657 1556 2736 fuerit,
1600 2656 1921 2722 adiuvari.
1951 2659 2001 2741 ¹)
2088 2657 2298 2723 Venit
2336 2679 2451 2741 po—

499 2757 643 2814 stea
686 2744 969 2829 Pighius
1024 2740 1108 2807 ad
1161 2740 1399 2808 librum
1418 2791 1433 2817 ,
1491 2763 1575 2807 ex
1618 2762 1746 2825 quo
1788 2743 2165 2808 testimonia
2208 2743 2452 2809 citave-

497 2853 671 2908 ram,
726 2842 796 2895 et
845 2829 922 2893 in
972 2825 1162 2891 liberi
1225 2827 1482 2892 arbitrii
1536 2826 1852 2893 vocabulo
1894 2826 2157 2893 rixandi
2222 2850 2452 2894 ansam

498 2918 741 2982 iterum
805 2913 1177 2997 prehensat.
1290 2910 1497 2992 Quasi
1572 2932 1708 2977 non
1784 2914 1866 2979 ab
1942 2913 2131 2978 initio
2194 2934 2453 2997 semper

499 3001 737 3068 fuerim
785 3008 1064 3065 testatus
1082 3048 1097 3074 ‚
1155 2996 1322 3063 nihil
1390 3018 1513 3062 nos
1565 2998 1809 3063 morari
1854 3017 2095 3063 nomen
2155 2999 2213 3065 si
2255 2997 2337 3064 de
2378 3020 2453 3065 re

498 3085 696 3152 modo
749 3084 1113 3151 conveniat.
1214 3080 1393 3163 Quid
1436 3081 1898 3168 Augustinus?
1984 3083 2453 3167 Propheticam

499 3181 570 3239 et
609 3170 1033 3255 apostolicam
1074 3166 1273 3233 fidem
1311 3169 1565 3247 asserit,
1611 3167 1892 3234 liberum
1930 3170 2001 3233 in
2043 3168 2312 3236 homine
2345 3190 2452 3235 ar-

498 3255 788 3334 bitrium,
827 3266 966 3321 tam
1000 3253 1083 3318 ad
1118 3254 1291 3320 bona
1328 3274 1529 3336 quam
1565 3254 1759 3332 mala,
1931 3275 2153 3320 oscere
2164 3278 2181 3334 3
2227 3254 2343 3322 sed
2368 3255 2453 3321 ad

496 3342 670 3409 bona
712 3340 949 3407 inutile
992 3359 1138 3405 esse
1180 3360 1472 3423 prorsus,
1516 3340 1658 3405 sine
1675 3337 1682 3344 ’
1701 3349 1953 3425 gratiae
1996 3341 2273 3406 auxilio:
2317 3342 2451 3406 imo

497 3429 782 3495 liberum
817 3446 961 3492 esse
1004 3426 1309 3502 iustitiae,
1357 3445 1622 3491 servum
1668 3427 1916 3508 peccati
1932 3476 1949 3504 ,
2005 3426 2077 3490 in
2118 3425 2290 3491 bono
2332 3448 2451 3492 au-

499 3525 635 3580 tem
675 3532 1018 3596 nunquam
1060 3510 1362 3589 liberum,
1420 3510 1624 3577 donec
1666 3509 1919 3576 Christi
1961 3512 2177 3595 gratia
2216 3511 2451 3577 libere-

499 3609 637 3665 tur:
687 3617 893 3681 usque
946 3596 1109 3662 adeo
1151 3605 1228 3660 ut
1282 3595 1463 3661 nullo
1504 3594 1699 3660 modo
1743 3596 2033 3680 aspirare
2076 3596 2161 3661 ad
2207 3597 2453 3662 bonum

498 3695 698 3769 queat
712 3735 726 3760 ,
784 3682 912 3748 nisi
954 3680 1085 3747 Dei
1141 3681 1379 3765 spiritu
1421 3680 1765 3765 dirigatur.
1855 3680 2050 3748 Unde
2094 3682 2446 3760 concludit,

499 3771 761 3836 initium
929 3768 1061 3832 tiae
1104 3767 1240 3831 iam
1274 3787 1447 3844 esse,
1509 3764 1879 3833 desiderare
1925 3768 2226 3850 gratiam.
2272 3767 2452 3833 Hinc

498 3855 748 3940 colligit
865 3853 878 3866 ‘
933 3853 1084 3917 hius
1097 3903 1113 3930 ,
1181 3851 1550 3918 doctrinam
1604 3858 1898 3917 nostram
1958 3853 2314 3936 impietatis
2376 3874 2452 3919 ac

580 3939 810 4007 rfidiae
855 3960 899 4023 p
926 3957 1119 4002 enam
1162 3957 1325 4014 esse,
1370 3943 1597 4019 utpote
1625 3956 1793 4020 quae
1828 3958 1910 4002 ex
1947 3937 2266 4003 diametro
2302 3958 2452 4002 cum

551 4049 628 4093 ac
681 4024 811 4090 fide
866 4033 1132 4108 pugnet.
1201 4022 1295 4086 At
1336 4021 1535 4087 huius
1549 4073 1564 4098 ,
1609 4042 1808 4105 quam
1849 4024 2134 4088 somniat
2152 4075 2166 4099 ,
2210 4044 2452 4123 repug-

496 4113 786 4186 nantiae,
833 4131 917 4175 ne
956 4108 1262 4173 umbram
1305 4106 1572 4189 quidem
1614 4127 1929 4190 apparere
1970 4128 2170 4173 sanae
2210 4117 2453 4174 mentis

498 4197 879 4263 hominibus
936 4193 1095 4259 dico.
1175 4193 1432 4257 Verum
1484 4193 1626 4275 ipse
1678 4192 1878 4258 nimis
1917 4193 2273 4259 obliviosus
2328 4201 2447 4271 est,

502 4286 613 4366 qui
655 4284 831 4348 inter
884 4276 1251 4346 orthodoxa
1302 4276 1457 4343 fidei
1512 4278 1728 4359 capita
1781 4299 1959 4344 nunc
2013 4278 2449 4362 amplectitur,

504 4368 676 4451 quod
718 4387 928 4450 nuper
968 4384 1091 4448 pro
1134 4361 1522 4430 exsecrabili
1562 4361 1868 4447 dogmate
1910 4370 2015 4428 tra
2064 4364 2177 4430 ‘cis
2211 4364 2451 4429 clamo-

505 4453 687 4518 ribus
735 4459 1117 4517 vexaverat:
1173 4471 1410 4533 nempe
1425 4500 1442 4527 ,
1504 4449 1791 4533 gratiam
1855 4447 1994 4515 desi
2040 4470 2227 4515 erare
2241 4501 2257 4526 ,
2310 4471 2453 4516 esse

627 4537 757 4600 tiae
818 4536 1098 4600 initium.
1195 4532 1460 4600 Viderit
1510 4533 1666 4617 quid
1725 4534 1934 4599 faciat.
2022 4535 2087 4599 N
2089 4556 2198 4600 am
2261 4535 2452 4601 unico

507 4557 631 4687 ξεῖ
687 4620 920 4698 verbo,
985 4628 1199 4685 totum
1252 4619 1702 4704 philosophiae
1754 4619 1896 4685 eius
1947 4619 2452 4686 fundamentum

504 4707 843 4804 evertitur.
908 4703 1166 4802 Verum
1207 4705 1363 4787 quid
1405 4704 1598 4805 dicat,
1643 4704 1812 4769 nihil
1852 4706 2042 4790 pensi
2079 4705 2294 4805 habet,
2339 4705 2453 4789 qui

502 4785 1519 4943 fflffiffiofiffimnmffiffiss
1548 4790 2454 4959 ffl‘ffifflffifssss]

505 4961 678 5047 quod
712 4981 824 5026 eos
861 4957 1301 5042 reprehendat
1342 4958 1790 5043 Augustinus,
1845 4961 1960 5044 qui
2000 4961 2095 5027 sio
2134 4961 2454 5046 imagina-

643 5149 703 5215 1)
737 5148 914 5218 Epist.
951 5144 1069 5201 105.

1809 251 2182 320 RESPON
2184 252 2338 321 810
2383 251 2766 320 CONTRA
2806 253 3225 322 PIGHIUM

4388 259 4512 319 400

2562 443 2805 506 bantur
2848 441 3053 507 asseri
3229 441 3391 505 tiam
3404 491 3420 519 ,
3474 462 3560 505 ne
3617 459 4058 522 supervacuae
4112 451 4334 506 essent
4374 460 4514 507 cor-

2565 527 2912 610 reptiones.
2979 524 3112 606 Qui
3167 525 3199 588 ⁴?
3269 527 3378 591 An
3431 527 3558 591 ista
3610 546 3900 608 unquam
3959 511 4342 609 imaginatio
4397 545 4512 590 no-

2562 610 2662 678 bis
2677 663 2693 688 ,
2749 610 2860 677 vel
2923 631 3045 694 per
3095 612 3419 677 somnium
3435 661 3451 689 ,
3510 609 3847 694 obrepsit?
3925 611 4019 675 At
4077 631 4162 675 ex
4218 610 4513 677 doctrina

2560 705 2786 763 nostra
2824 697 3137 779 sequitur.
3206 697 3347 762 Our
3380 717 3463 761 ex
3499 707 3728 763 nostra
3764 695 3997 780 magis,
4040 717 4238 779 quam
4285 696 4515 780 Augu·

2561 781 2760 847 stini?
2820 780 3024 863 Quia,
3066 781 3301 865 inquit,
3348 783 3404 846 si
3446 782 3702 848 malum
3744 801 3979 847 cavere
4023 790 4092 844 et
4127 781 4375 846 bonum
4417 781 4512 845 fa-

2559 887 2707 932 cere
2749 888 2942 933 nemo
2985 868 3192 951 possit
3234 866 3476 950 absque
3519 867 3772 952 gratiae
3815 865 4060 931 auxilio
4072 889 4089 946 3
4146 866 4204 932 si
4245 866 4516 950 insuper

2558 973 2637 1018 ea
2680 952 2837 1031 sola,
2884 953 3027 1019 sine
3067 952 3254 1018 nobis
3268 1003 3283 1030 ,
3335 952 3459 1018 hoc
3513 953 3586 1017 in
3628 953 3819 1021 nobis
3860 957 4167 1034 operetur
4210 961 4279 1015 et
4327 972 4515 1034 prae-

2560 1046 2718 1116 stet,
2776 1060 2897 1103 nec
2940 1039 3011 1103 in
3056 1047 3282 1103 nostra
3325 1037 3414 1103 sit
3456 1044 3809 1122 potestate,
3865 1057 3999 1102 non
4041 1035 4257 1102 solum
4298 1038 4512 1103 facere

2558 1131 2637 1187 ut
2670 1122 2870 1200 adsit,
2928 1122 3045 1190 sed
3085 1144 3210 1189 nec
3251 1131 3479 1207 optare
3522 1121 3787 1206 quidem
3803 1173 3820 1200 ,
3877 1123 4264 1205 priusquam
4310 1120 4510 1187 adsit:

2557 1208 2771 1292 magis
2815 1206 3166 1275 ridiculum
3200 1208 3371 1274 foret
3410 1208 3663 1275 hortari
3697 1228 4092 1291 quemquam
4127 1206 4212 1271 ad
4244 1207 4511 1282 bonum,

2557 1314 2755 1375 quam
2798 1315 3065 1361 caecum
3104 1294 3356 1359 hortari
3399 1306 3479 1360 ut
3520 1293 3756 1359 videat.
3836 1293 3931 1357 Et
3970 1291 4126 1375 quid
4182 1313 4317 1357 non
4360 1293 4515 1359 isto-

2556 1400 2709 1443 rum
2751 1381 3047 1444 omnium
3089 1399 3294 1463 prope
3335 1378 3420 1444 ad
3453 1378 3735 1445 verbum
3770 1377 4186 1461 Augustinus
4221 1397 4513 1460 pronun-

2557 1464 2730 1529 ciat?
2799 1463 2978 1542 Sola,
3023 1464 3255 1547 inquit,
3285 1465 3336 1549 ¹)
3393 1464 3650 1531 Christi
3705 1465 3920 1548 gratia
3973 1461 4342 1528 liberantur
4400 1463 4515 1528 ho-

2556 1550 2768 1615 mines
2811 1571 2852 1614 a
2893 1550 3098 1626 malo;
3150 1551 3292 1615 sine
3335 1570 3467 1634 qua
3508 1548 3766 1615 nullum
3809 1569 4099 1632 prorsus,
4146 1548 4288 1613 sive
4333 1548 4514 1632 cogi-

2557 1634 2758 1699 tando
2772 1685 2786 1705 .
2840 1635 2981 1701 sive
3038 1633 3318 1702 volendo
3376 1644 3444 1700 et
3500 1632 3811 1711 amando,
3869 1634 4010 1698 sive
4077 1631 4335 1717 agendo
4348 1684 4364 1710 ,
4419 1634 4517 1698 fa-

2559 1720 2740 1784 ciunt
2782 1720 3047 1786 bonum.
3092 1719 3293 1785 Item:
3322 1722 3382 1794 ²)
3438 1719 3771 1786 Voluntas
3812 1719 4107 1800 humana
4141 1738 4278 1783 non
4318 1718 4519 1784 liber-

2556 1813 2693 1869 tate
2762 1808 3183 1888 consequitur
3244 1806 3529 1890 gratiam
3543 1855 3559 1883 ,
3630 1804 3746 1870 sed
3813 1805 4028 1888 gratia
4091 1803 4519 1887 consequitur

2564 1889 2965 1969 libertatem:
3022 1899 3090 1956 et
3130 1899 3207 1955 ut
3330 1896 3643 1968 moveret,
3691 1888 4141 1955 delectabilem
4185 1888 4520 1973 perpetui—

2556 1981 2781 2055 tatem,
2828 1985 2896 2040 et
2937 1912 3444 2059 insuperabilem
3487 1973 3956 2042 fortitudinem.
3994 1974 4193 2039 Item:
4221 1974 4280 2054 8)
4326 1974 4520 2040 Intus

2556 2069 2659 2126 est
2692 2062 2880 2128 Deus
2894 2113 2911 2141 ,
2955 2062 3067 2145 qui
3109 2061 3309 2128 corda
3358 2070 3556 2139 tenet,
3601 2060 3717 2143 qui
3761 2058 3959 2125 corda
3995 2066 4247 2138 movet,
4304 2058 4519 2125 homi-

2554 2166 2805 2230 nesque
2848 2146 3299 2213 voluntatibus
3320 2166 3568 2224 eorum,
3613 2165 3775 2228 quas
3816 2146 3959 2228 ipse
3996 2146 4064 2210 in
4108 2144 4242 2211 illis
4284 2165 4521 2227 opera-

2555 2238 2663 2297 tus
2706 2241 2823 2312 est,
2869 2232 3093 2298 trahit.
3160 2233 3258 2298 At
3298 2229 3645 2298 ostendere
3685 2230 4137 2315 Augustinum
4181 2230 4405 2308 iactat,
4443 2231 4520 2295 in

2556 2317 2886 2385 audientis
2958 2325 3283 2402 potestate
3358 2337 3530 2395 esse,
3616 2317 3907 2399 recipere
3981 2313 4517 2380 admonitionem.

2553 2403 2748 2469 Itane
2781 2425 2957 2483 vero,
3002 2411 3079 2468 ut
3112 2401 3199 2468 ad
3231 2403 3661 2468 effraenatam
3704 2421 3912 2484 usque
3953 2400 4290 2467 licentiam
4303 2451 4319 2478 ,
4373 2409 4520 2465 tan-

2597 2510 2755 2554 uam
2808 2510 2892 2556 ex
2948 2489 3242 2572 professo
3255 2539 3272 2568 ,
3327 2489 3689 2555 mentiatur
3703 2537 3718 2561 ‚
3776 2494 3846 2551 et
3887 2494 4112 2551 tamen
4166 2505 4405 2551 verum
4447 2506 4518 2551 se

2605 2575 2773 2640 'cere
2791 2572 3227 2657 persuadeat?
3272 2573 3440 2639 Plus
3464 2572 3679 2639 decies
3697 2572 3834 2638 illic
3855 2579 4057 2655 negat
4079 2571 4517 2669 Augustinus,

2554 2658 2727 2743 quod
2749 2681 2901 2725 eum
2930 2679 3224 2726 asserere
3240 2658 3349 2726 hic
3371 2665 3660 2742 nugator
3703 2657 3917 2741 fingit.
3965 2657 4172 2734 Tunc,
4206 2656 4443 2739 inquit,
4458 2657 4517 2734 ⁴)

2556 2745 3289 2895 ffifflssmffluipffiss‘
3345 2743 3542 2894 '³3:2⁰
3556 2763 3852 2894 :0³:333
3906 2741 4521 2893 ssffffitiinss‘ssoff

2556 2881 2866 2999 reptione’
2893 2851 3243 3015 pzoficerez
3273 2880 3288 2907 ⁹
3315 2851 3520 2980 Iqem:
3540 2915 3596 2996 ⁵)
3642 2877 4060 2995 Oorripiatur
4099 2932 4259 2996 ergo
4302 2931 4522 2977 massa

2560 2999 2984 3079 damnabilis,
3039 3009 3116 3067 ut
3171 3020 3256 3065 ex
3312 2997 3537 3066 dolore
3579 2998 4008 3082 correptionis
4061 2997 4374 3062 voluntas
4416 3017 4520 3062 re-

2559 3086 3001 3171 generationis
3028 3086 3278 3151 oriatur
3290 3108 3306 3165 ;
3350 3086 3405 3151 si
3431 3093 3659 3150 tamen
3682 3086 3760 3165 is,
3795 3084 3909 3168 qui
3932 3082 4306 3165 corripitur,
4344 3080 4520 3148 filius

2557 3179 2660 3239 est
2710 3171 3193 3254 promissionis:
3260 3181 3336 3236 ιιι
3399 3171 3680 3254 strepitu
3745 3169 4100 3235 forinsecus
4170 3168 4520 3233 insonante

2553 3264 2755 3409 :aa
2778 3342 2836 3424 ι)
2948 3252 4517 3425 latsfnzffswssxffssfflffiussssg:

2555 3436 2635 3494 ut
2668 3437 2891 3493 tamen
2926 3428 3151 3511 prosit,
3195 3448 3329 3492 non
3352 3427 3484 3493 nisi
3517 3447 3636 3509 per
3657 3425 3883 3492 Deum
3903 3427 3997 3491 fit.
4044 3425 4251 3489 Item:
4288 3421 4521 3505 Quum

2555 3513 2856 3579 homines
2920 3533 3039 3597 per
3093 3513 3572 3597 correptionem
3634 3511 3709 3576 in
3763 3512 3944 3578 viam
3996 3510 4293 3576 iustitiae
4307 3560 4325 3587 ,
4400 3529 4518 3574 seu

2555 3599 2837 3665 veniunt
2850 3650 2865 3674 ,
2920 3619 3039 3664 seu
3090 3605 3519 3664 revertuntur
3534 3649 3550 3674 ,
3607 3602 3757 3678 [pag.
3796 3602 3944 3676 234]
4001 3596 4150 3679 quis
4205 3602 4521 3677 operatur

2554 3685 2627 3751 in
2677 3683 2980 3749 cordibus
3034 3704 3263 3749 eorum
3317 3684 3625 3759 salutem,
3690 3683 3822 3747 nisi
3864 3681 4007 3759 ille,
4064 3680 4182 3764 qui
4224 3678 4521 3762 quolibet

2554 3770 2904 3852 plantante
2968 3776 3165 3851 atque
3228 3769 3488 3853 rigante
3501 3819 3517 3845 ,
3578 3767 3696 3833 dat
3744 3768 4226 3833 incrementum
4281 3763 4519 3830 Deus?

2556 3856 2662 3920 cui
2718 3854 2969 3920 volenti
3021 3854 3281 3919 salvum
3322 3854 3538 3921 facere
3590 3853 3849 3918 nullum
3892 3852 4261 3917 humanum
4316 3851 4517 3915 resis-

2555 3942 2641 4005 tit
2691 3940 3056 4007 arbitrium.
3131 3939 3333 4004 Item:
3366 3940 3421 4022 7)
3484 3937 3772 4005 Proinde
3788 3990 3803 4016 ,
3869 3943 4196 4020 quantum
4254 3934 4339 4000 ad
4394 3955 4517 4000 nos

2556 4026 2811 4103 attinet,
2856 4024 2970 4108 qui
3012 4023 3532 4108 praedestinatos
3577 4046 3619 4090 a
3658 4045 3795 4088 non
3838 4020 4343 4106 praedestinatis
4382 4019 4520 4085 dis-

2556 4130 2826 4177 cernere
2870 4132 3005 4176 non
3046 4109 3366 4188 valemus,
3415 4108 3720 4175 omnibus
3736 4159 3752 4187 ,
3797 4129 3884 4174 ne
3926 4117 4203 4191 pereant
4217 4157 4234 4185 ,
4280 4105 4387 4173 vel
4429 4125 4523 4171 ne

2557 4196 2721 4262 alios
2762 4194 3046 4279 perdant
3060 4245 3076 4272 ,
3128 4194 3440 4261 adhibere
3482 4194 3797 4260 debemus
3839 4192 4268 4275 correptionis
4308 4189 4524 4256 medi-

2557 4283 2805 4347 cinam:
2852 4280 2981 4346 Dei
3022 4288 3246 4346 autem
3283 4289 3403 4356 est,
3445 4280 3580 4346 illis
3614 4300 3761 4346 eam
3796 4280 4011 4346 facere
4044 4277 4302 4354 utilem,
4345 4296 4518 4359 quos

2555 4366 3079 4450 praedestinavit
3092 4416 3109 4444 ,
3173 4366 3538 4431 conformes
3603 4365 3748 4430 fieri
3822 4364 4134 4448 imaginis
4209 4362 4332 4427 filii
4394 4363 4523 4427 sui.

2560 4450 2740 4533 Quid
2783 4458 3009 4517 autem
3049 4450 3223 4533 quod
3265 4450 3550 4535 Pighius
3605 4451 3746 4534 ipse
3763 4501 3779 4528 ‚
3835 4449 4164 4548 vertigine
4220 4468 4343 4548 sua
4385 4447 4524 4513 alio

2559 4534 3606 4707 xrnadjdtgtuiisnpilinssngzsssignenff
3635 4535 4044 4704 pssofectdnmlom
4066 4618 4139 4683 in
4194 4582 4364 4684 bono
4378 4553 4529 4696 ,noelt

2558 4729 2769 4791 usque
2832 4706 2917 4772 ad
2985 4708 3189 4773 finem
3350 4706 3824 4772 rseverantiam
3891 4725 3977 4770 ex
4028 4703 4156 4770 Dei
4213 4701 4387 4769 dono
4456 4717 4529 4767 et

2559 4794 2774 4878 gratia
2813 4792 3121 4876 pendere,
3165 4813 3236 4858 se
3324 4791 3497 4858 hanc
3539 4791 3822 4876 gratiam
3865 4811 3999 4855 non
4031 4809 4177 4854 esse
4211 4788 4525 4854 omnibus

2703 5013 2762 5079 1)
2799 5013 2928 5082 Cap.
2962 5011 3017 5067 2.
3061 5013 3177 5068 eius
3221 5012 3360 5067 libri.

2698 5080 2761 5143 4)
2799 5082 2933 5150 Cap.
2968 5079 3019 5135 5.
3224 5079 3286 5146 5)
3323 5081 3455 5150 Cap.
3489 5078 3543 5134 6.

2704 5149 2765 5216 7)
2802 5149 2937 5218 Cap.
2972 5148 3059 5203 16.

3568 5010 3631 5078 2)
3669 5001 3802 5132 (lag.
3836 5008 3888 5065 8.
4162 5007 4226 5075 3)
4263 5009 4397 5078 Cap.
4436 5006 4525 5062 14.

3787 5081 3811 5145 )
3850 5078 3979 5147 Cap.
4018 5077 4103 5132 14.
