4967 5992
377 367 500 430 333

375 553 609 637 possit,
675 552 815 617 sive
877 572 1013 616 non
1077 552 1299 635 possit.
1403 551 1580 616 Nam
1619 552 1676 616 si
1717 557 1962 634 potest,
2016 570 2330 632 praesens

375 638 684 705 voluntas
723 637 849 703 hoc
889 638 1063 703 facit.
1125 635 1202 703 Si
1235 655 1370 701 non
1412 643 1651 720 potest,
1695 636 2057 719 praeterita
2097 635 2328 701 volun-

375 735 478 790 tas
521 722 645 788 hoc
687 722 859 788 fecit.
926 721 1207 789 Subiicit
1249 731 1491 800 autem,
1540 723 1738 788 vitari
1780 741 1989 804 posse,
2036 721 2149 786 sed
2195 742 2329 786 non

374 810 583 892 ipsius
625 807 910 873 hominis
951 810 1227 887 virtute3
1270 827 1409 873 non
1452 807 1716 891 quando
1750 807 2050 890 superba,
2094 807 2326 889 inquit,

374 894 683 961 laudatur
723 894 1058 973 voluntas,
1104 894 1221 959 sed
1262 893 1522 977 quando
1566 892 1837 959 humilis
1878 891 2248 957 adiuvatur.
2278 892 2328 975 ¹)

373 982 583 1046 Porro
626 980 864 1045 horum
906 980 1261 1046 verborum
1318 999 1588 1045 sensum
1631 977 1716 1043 ab
1757 979 1946 1044 initio
1987 986 2327 1061 posuerat:

373 1067 569 1133 vitari
615 1064 882 1148 quidem
925 1085 1117 1148 posse
1159 1072 1519 1148 peccatum,
1565 1062 1681 1131 sed
1724 1065 1780 1130 si
1813 1065 2051 1129 vitiata
2086 1072 2331 1128 natura

374 1154 556 1236 prius
610 1159 899 1218 sanetur.
998 1151 1197 1217 Nunc
1250 1171 1411 1216 vero
1485 1170 1716 1216 sanam
1781 1170 1917 1216 non
1969 1169 2114 1215 esse
2130 1200 2146 1226 ,
2214 1157 2332 1214 aut

375 1239 529 1322 quia
542 1288 559 1316 ,
612 1235 783 1320 quod
825 1235 1197 1302 faciendum
1241 1244 1343 1302 est
1356 1287 1371 1312 ,
1417 1237 1729 1302 caecitate
1771 1256 1906 1299 non
1950 1235 2137 1300 videt
2151 1286 2167 1313 ,
2213 1242 2332 1299 aut

372 1323 761 1388 infirmitate
803 1341 936 1387 non
981 1320 1229 1404 implet.
1302 1319 1484 1402 Quid
1524 1321 1630 1387 his
1673 1321 1914 1387 clarius
1954 1319 2328 1386 desideres?

373 1409 634 1475 Verum
669 1406 929 1473 abunde
963 1408 1090 1473 sibi
1124 1407 1209 1472 ad.
1240 1407 1587 1473 victoriam
1620 1427 1766 1473 esse
1806 1414 1994 1490 putat
2027 1406 2327 1490 Pighius,

375 1496 432 1562 si
473 1492 835 1578 Augustini
877 1492 1146 1558 titulum
1189 1514 1445 1577 quoquo
1480 1490 1674 1558 modo
1709 1493 1897 1558 nobis
1931 1492 2328 1576 opposuerit.

551 1578 883 1660 Quoniam
938 1586 1160 1644 autem
1215 1579 1357 1645 eius
1402 1578 1838 1644 distinctionis
1895 1579 2155 1661 saepius
2198 1578 2330 1641 iam

372 1665 817 1743 meminimus,
863 1685 1060 1748 quam
1106 1685 1228 1730 nos
1269 1665 1449 1730 inter
1488 1665 1891 1730 coactionem
1932 1671 1999 1728 et
2043 1665 2329 1730 necessi-

369 1758 578 1817 tatem
622 1751 989 1831 statuimus,
1035 1749 1213 1815 unde
1258 1749 1498 1834 pendet
1542 1750 1778 1814 maiori
1818 1771 1903 1814 ex
1942 1757 2131 1833 parte
2168 1748 2331 1815 haec

372 1837 672 1920 quaestio
691 1886 706 1913 ,
761 1856 1034 1918 eamque
1087 1856 1220 1901 non
1274 1836 1404 1901 nisi
1447 1834 1656 1900 obiter
1701 1836 2042 1919 attigimus
2060 1886 2075 1913 ,
2130 1831 2330 1917 pa'ulo

370 1921 782 2007 diligentius,
848 1942 1030 1987 nunc
1096 1921 1492 1987 excutienda
1568 1922 1756 1986 nobis
1821 1929 1940 1986 est.
2038 1920 2212 1985 Nam
2266 1926 2332 1984 et

368 2028 578 2091 quum
644 2028 790 2072 eam
847 2006 1129 2090 Pighius
1194 2008 1528 2089 superiore
1599 2010 1747 2087 [pag.
1790 2010 1937 2085 140]
1983 2005 2150 2070 libro
2205 2006 2327 2069 im-

366 2095 706 2176 probaret,
773 2091 1220 2157 defensionem
1283 2094 1353 2157 in
1406 2092 1587 2159 hunc
1648 2091 1867 2156 locum
1930 2091 2326 2156 distulimus.

365 2179 640 2263 Negant
675 2199 833 2263 ergo
875 2178 988 2260 qui
1030 2177 1312 2243 liberum
1356 2176 1703 2242 arbitrium
1744 2183 1974 2242 contra
2007 2176 2134 2239 Dei
2179 2197 2329 2260 gra-

364 2265 536 2330 tiam
593 2272 893 2341 tuentur,
947 2270 1287 2346 peccatum
1332 2271 1451 2327 aut
1491 2263 1813 2328 virtutem
1855 2283 2026 2340 esse,
2074 2261 2187 2326 ubi
2229 2269 2331 2327 est

364 2351 749 2417 necessitas.
840 2347 1362 2431 Respondemus,
1400 2349 1630 2415 Deum
1671 2348 2038 2413 necessario
2082 2346 2330 2412 bonum

363 2456 517 2501 esse
533 2486 549 2512 ,
606 2434 818 2499 nihilo
873 2443 1101 2498 tamen
1154 2433 1477 2504 minorem
1551 2455 1635 2498 ex
1707 2432 2000 2498 bonitate
2064 2433 2330 2498 laudem

361 2521 702 2602 consequi,
748 2520 903 2601 quia
945 2539 1079 2583 non
1122 2518 1251 2584 nisi
1298 2519 1506 2585 bonus
1550 2539 1693 2585 esse
1737 2519 1959 2602 possit.
2006 2518 2326 2596 .R.ursus,

361 2605 708 2671 diabolum
750 2604 1115 2671 necessario
1167 2603 1416 2669 malum
1464 2625 1606 2670 esse
1619 2654 1635 2684 ,
1682 2604 1890 2669 nihilo
1934 2612 2158 2669 tamen
2201 2603 2328 2667 mi-

362 2713 501 2757 nus
567 2690 876 2756 vitiosam
943 2710 1086 2755 esse
1149 2690 1293 2755 eius
1357 2690 1695 2755 malitiam.
1806 2690 2038 2772 Neque
2090 2689 2161 2755 id
2228 2696 2329 2754 est

362 2783 674 2843 nostrum
710 2783 1169 2840 commentum.
1227 2772 1342 2841 Sic
1394 2783 1547 2841 ante
1590 2794 1714 2841 nos
1758 2776 2192 2859 Augustinus,
2234 2775 2327 2840 sic

363 2861 759 2928 Rerum-dus
802 2860 1051 2944 loquuti
1098 2871 1271 2927 sunt.
1341 2858 1518 2940 Quid
1563 2860 1890 2944 Pighius?
1949 2861 2170 2926 Deum
2206 2860 2326 2924 ha-

365 2948 528 3013 bere
584 2955 954 3029 separatam
1010 2968 1050 3010 a
1102 2948 1420 3011 creaturis
1486 2946 1829 3011 rationem.
1927 2946 2101 3010 Nam
2155 2944 2327 3028 quod

366 3034 479 3099 his
521 3035 697 3097 inest
739 3052 823 3096 ex
864 3032 1254 3097 conditionis
1297 3033 1715 3112 necessitate,
1777 3053 1911 3096 non
1955 3031 2038 3096 ad
2082 3052 2325 3108 earum,

364 3119 490 3185 sed
527 3118 656 3183 Dei
699 3117 960 3183 laudem
1002 3118 1352 3200 pertinere,
1400 3137 1477 3181 ea
1512 3126 1771 3182 tantum
1806 3117 2049 3182 mereri
2090 3119 2163 3181 in
2197 3117 2329 3181 illis

363 3203 641 3270 laudem
655 3254 672 3282 ,
732 3224 897 3287 quae
953 3202 1076 3268 sibi
1090 3254 1105 3280 ‚
1165 3203 1490 3268 talentum
1546 3224 1587 3267 a
1629 3202 1777 3267 Deo
1833 3202 2155 3268 creditum
2212 3223 2328 3267 ex·

364 3287 673 3366 colende,
729 3289 1189 3371 acquisierunt.
1290 3288 1512 3353 Huius
1567 3308 1723 3352 vero
1783 3288 1978 3352 aliam
2035 3309 2177 3353 csse
2221 3308 2328 3352 ra-

365 3378 653 3453 tionem,
711 3385 785 3439 ut
834 3375 1019 3440 cuius
1079 3374 1335 3438 infinita
1395 3373 1650 3438 bonitas
1720 3375 1949 3438 referri
2011 3373 2136 3437 alio
2192 3393 2328 3438 non

359 3469 606 3612 potest.
694 3459 989 3526 Hoccine
1033 3466 1136 3525 est
1176 3458 1560 3525 subvertero
1602 3458 1777 3543 quod
1818 3457 2144 3524 dicimus?
2189 3458 2331 3522 Vo-

389 3545 737 3612 untarium
787 3566 941 3611 cum
995 3545 1363 3611 necessario
1427 3545 1697 3614 minime
1761 3544 2147 3623 convenire,
2214 3565 2329 3609 ex-

362 3641 680 3715 torquere
731 3630 970 3697 volunt
1031 3630 1410 3697 adversarii.
1511 3628 1648 3696 Nos
1705 3636 1930 3695 autem
1972 3636 2329 3712 utrumque

358 3717 575 3783 simul
617 3737 981 3801 congruere
1033 3717 1107 3781 in
1149 3718 1281 3781 Dei
1334 3715 1629 3781 bonitate
1674 3715 2099 3781 ostendimus.
2189 3714 2328 3780 Ab·

357 3803 646 3870 surdum
688 3815 832 3869 esse
876 3801 1123 3880 dicunt,
1169 3809 1249 3867 ut
1291 3803 1452 3868 vitio
1497 3809 1615 3867 aut
1651 3801 1882 3885 culpae
1926 3800 2166 3866 dentur
2208 3801 2326 3866 ho·

355 3887 686 3967 minibus,
746 3909 911 3970 quae
966 3889 1059 3954 sic
1102 3888 1357 3953 faciunt
1398 3895 1477 3953 ut
1518 3888 1709 3955 aliter
1752 3894 2098 3970 nequeant.
2186 3886 2252 3951 N
2252 3907 2325 3952 os

358 3973 658 4041 adducta
727 3973 1163 4038 similitudine
1217 3973 1689 4040 absurditatem
1757 3973 1929 4039 hanc
1992 3971 2321 4037 diluimus.

356 4060 521 4127 Non
566 4060 1060 4137 ratiocinamur,
1112 4058 1315 4125 bonos
1358 4059 1503 4125 ideo
1548 4068 1664 4124 aut
1705 4059 1915 4124 malos
1957 4057 2325 4123 necessario

358 4168 513 4213 esse
560 4146 889 4223 homines,
945 4147 1100 4227 quia
1141 4146 1509 4211 necessario
1556 4145 1762 4210 bonus
1807 4145 1899 4208 sit
1936 4145 2152 4222 Deus,
2208 4140 2324 4208 sed

359 4241 632 4298 tantum
675 4230 978 4314 exemplo
1020 4229 1402 4308 indicamus,
1447 4251 1578 4295 non
1612 4230 1772 4295 adeo
1817 4250 1857 4294 a
1898 4230 2156 4294 ratione
2191 4228 2323 4294 dis-

358 4328 763 4384 sentaneum
829 4337 1004 4395 esse,
1070 4326 1148 4380 ut
1210 4316 1405 4381 laude
1471 4324 1588 4381 aut
1650 4317 1980 4400 vituperio
2047 4313 2322 4398 dignum

357 4411 746 4481 censeatur,
792 4401 965 4484 quod
1009 4409 1232 4466 tamen
1276 4403 1717 4468 necessarium
1762 4411 1877 4466 est.
1969 4398 2322 4466 Caeterum

356 4488 542 4572 quod
598 4487 679 4552 de
749 4487 1141 4552 conditionis
1209 4488 1596 4553 necessitate
1651 4486 2156 4569 philosophatur
2207 4485 2323 4550 Pi-

407 4575 600 4650 hius‚
657 4572 727 4637 id
770 4594 925 4637 vero
979 4593 1247 4654 prorsus
1292 4573 1372 4637 ab
1418 4573 1723 4637 instituto
1768 4582 1869 4637 est
1910 4580 2318 4636 extraneum.

427 4673 702 4736 aturae,
759 4679 923 4741 quae
969 4665 1233 4735 vocant,
1289 4667 1405 4722 aut
1460 4658 1630 4723 bona
1673 4665 1788 4722 aut
1830 4657 2032 4734 mala,
2089 4656 2324 4720 merito

355 4767 487 4811 nec
535 4744 606 4808 in
646 4744 808 4822 vitio
858 4766 980 4809 nec
1022 4744 1094 4807 in
1135 4743 1380 4808 virtute
1423 4751 1790 4826 ponuntur,
1845 4740 2106 4825 quando
2150 4741 2322 4805 eius—

353 4831 551 4895 modi
591 4838 763 4906 sunt,
805 4837 882 4894 ut
921 4829 1054 4893 illis
1094 4837 1229 4892 tam
1272 4828 1443 4893 male
1487 4848 1682 4911 quam
1720 4828 1887 4892 bene
1931 4828 2029 4890 uti
2073 4827 2326 4908 possint

351 4916 702 4981 homines:
745 4914 1052 4980 voluntas
1094 4922 1316 4979 autem
1359 4912 1548 4990 bona,
1594 4920 1661 4979 et
1703 4934 1868 4996 quae
1910 4911 2065 4975 inde
2100 4912 2323 4975 oriun-

352 5013 475 5066 tur
539 5001 858 5078 actiones,
914 5001 981 5064 in
1035 4999 1293 5065 diverso
1351 5008 1508 5065 sunt
1565 4998 1812 5063 ordine.
1911 4996 2058 5060 Hoc
2101 4996 2325 5077 itaque

515 5275 582 5338 1)
619 5273 784 5329 Libro
822 5274 889 5328 de
925 5273 1258 5342 perfectione
1293 5274 1417 5327 iust.
1452 5272 1734 5340 responsio
1772 5270 1854 5324 15.

1858 361 1987 429 DE
2031 359 2388 432 LIBERO
2431 360 2908 429 ARBI'PRIO.

4266 370 4395 432 334

2433 548 2601 615 nihil
2668 550 2751 616 ad
2804 572 2963 617 rem.
3063 550 3273 616 Addit
3323 558 3693 634 praeterea,
3751 552 3973 618 Deum
4017 552 4191 618 nihil
4233 554 4395 621 alio-

2431 657 2586 700 rum
2638 638 2936 701 omnium
3002 658 3043 702 a
3111 658 3182 702 se
3247 637 3615 703 necessario
3680 659 3877 722 agere
3944 645 4062 703 aut
4115 638 4301 705 velle.
4338 641 4394 725 ¹)

2433 720 2623 802 Quae
2665 722 3109 806 philosophia,
3166 744 3301 788 non
3357 722 3552 787 modo
3597 733 3863 806 propter
3904 724 4117 790 levem
4164 730 4231 789 et
4272 725 4393 792 fri-

2431 807 2656 872 volam
2708 810 3151 874 curiositatem
3169 860 3183 886 ,
3243 808 3360 873 sed
3402 808 3605 873 etiam
3648 810 3801 891 quia
3841 811 4187 893 profanam
4241 815 4392 890 [pag.

2441 897 2589 972 141]
2632 893 2923 959 iustitiae
2964 895 3094 960 Dei
3151 893 3233 958 ab
3285 895 3429 959 eius
3472 895 3779 977 operibus
3836 895 4229 961 divisionem
4283 897 4391 962 in-

2432 975 2634 1056 ducit,
2680 978 3089 1062 repudianda
3131 992 3250 1045 est.
3319 978 3515 1061 Quod
3558 989 3781 1045 autem
3824 983 4065 1047 iterum
4109 980 4390 1061 subiicit,

2433 1063 2690 1128 nescire
2748 1086 2817 1130 se
2862 1065 3021 1148 quid
3062 1066 3183 1131 sibi
3229 1066 3392 1130 velit
3432 1064 3628 1144 illud,
3687 1066 3907 1131 Deum
3950 1067 4123 1133 velle
4166 1087 4391 1134 neces-

2433 1150 2609 1213 sario
2652 1149 2900 1215 iustum
2945 1172 3119 1216 esse:
3173 1151 3248 1215 in
3291 1172 3368 1215 eo
3426 1172 3661 1234 parum
3704 1153 3921 1232 abest,
3966 1153 4124 1236 quin
4169 1154 4395 1220 Deum

2431 1235 2645 1300 instar
2683 1237 2904 1302 trunci
2944 1244 3060 1300 aut
3103 1237 3346 1319 stipitis
3388 1236 3627 1303 habere
3672 1259 3743 1303 se
3795 1238 4047 1321 prodat.
4135 1238 4393 1305 Volun-

2434 1327 2561 1398 tas,
2621 1322 2866 1404 inquit,
2934 1330 3173 1387 natura
3224 1323 3545 1403 posterior
3588 1333 3717 1400 est3
3772 1321 3963 1389 Deus
4007 1332 4231 1389 autem
4274 1344 4393 1390 na-

2431 1412 2586 1470 tura
2644 1414 2748 1472 est
2801 1408 3025 1473 bonus.
3125 1409 3310 1492 Ergo
3362 1410 3660 1492 ineptum
3715 1415 3844 1488 est,
3900 1410 4121 1475 Deum
4177 1407 4394 1476 dicere

2435 1491 2609 1556 velle
2657 1492 2907 1557 iustum
2951 1515 3126 1572 esse,
3185 1494 3300 1575 qui
3342 1493 3494 1559 talis
3537 1502 3639 1560 est
3680 1503 3935 1560 natura.
4023 1496 4230 1578 Atqui
4275 1515 4393 1578 ap-

2435 1578 2567 1641 tius
2624 1577 2883 1643 fecisset
2936 1600 3013 1644 ac
3067 1579 3569 1663 congruentius,
3623 1581 3681 1644 si
3734 1578 3901 1644 illud
3953 1578 4127 1663 quod
4177 1601 4394 1664 nuper

2433 1662 2608 1726 inter
2651 1660 2874 1727 Deum
2929 1671 2996 1728 et
3038 1673 3375 1731 creaturas
3429 1666 3645 1747 posuit
3699 1665 4053 1731 discrimen
4095 1667 4169 1730 in
4210 1666 4393 1733 hunc

2434 1768 2642 1830 usque
2718 1748 2932 1814 locum
2998 1759 3344 1816 servasset.
3457 1749 3730 1816 Habent
3795 1750 4115 1834 siquidem
4179 1751 4394 1818 multa

2435 1843 2774 1899 creaturae
2819 1857 2858 1898 a
2902 1843 3143 1900 natura
3185 1857 3350 1918 quae
3385 1838 3457 1900 in
3500 1836 3839 1901 voluntate
3874 1838 4002 1902 sita
4044 1857 4178 1901 non
4212 1843 4391 1918 sunt,

2434 1938 2559 1983 nec
2600 1920 2721 1984 sub
2766 1919 3124 1986 voluntatis
3168 1921 3514 1986 arbitrium
3558 1921 3821 1988 cadunt.
3887 1923 3984 1987 At
4025 1921 4159 1987 tale
4202 1921 4391 2005 quid-

2434 2005 2612 2086 piam
2647 2004 2717 2069 in
2754 2006 2896 2070 Deo
2935 2006 3303 2090 imaginari,
3344 2006 3736 2091 sacrilegum
3772 2014 3875 2071 est
3913 2016 4391 2074 commentum:

2435 2091 2550 2173 qui
2600 2091 2693 2155 sic
2737 2098 2839 2155 est
2891 2098 3131 2157 natura
3183 2091 3251 2155 id
3291 2092 3468 2175 quod
3510 2102 3642 2171 est,
3700 2100 3776 2156 ut
3818 2093 3970 2158 talis
4011 2092 4177 2158 velit
4218 2114 4391 2174 esse;

2435 2176 2530 2240 sic
2573 2176 2768 2239 etiam
2812 2176 2958 2241 vult
3000 2176 3315 2260 quidquid
3360 2177 3534 2254 vult,
3582 2185 3656 2242 ut
3699 2177 3862 2242 illud
3904 2178 4149 2243 habeat
4188 2199 4228 2243 a
4269 2200 4391 2245 na-

2433 2267 2605 2325 tura.
2693 2260 2868 2325 Nam
2913 2283 3117 2344 quum
3161 2263 3494 2342 circulari,
3548 2272 3625 2327 ut
3667 2262 3763 2328 sic
3808 2262 4022 2328 dicam
4035 2315 4051 2340 ,
4108 2263 4392 2346 quodam

2434 2367 2613 2410 nexu
2667 2346 2842 2411 inter
2900 2367 2970 2411 se
3038 2348 3431 2414 cohaereant
3488 2349 3619 2413 Dei
3678 2346 3969 2428 bonitas,
4044 2348 4389 2431 sapientia,

2434 2432 2664 2510 virtus,
2710 2432 2980 2510 iustitia,
3022 2433 3357 2512 voluntas,
3414 2434 3538 2500 hoc
3580 2434 3917 2499 vinculum
3961 2431 4389 2516 disrumpere,

2432 2516 2675 2600 impiae
2719 2525 2786 2581 et
2829 2517 3184 2584 diabolicae
3228 2528 3331 2586 est
3382 2519 3888 2604 imaginationis.
3965 2517 4190 2599 Quum
4234 2540 4392 2603 ergo

2431 2602 2594 2667 velit
2639 2623 2781 2668 esse
2823 2604 3008 2669 Deus
3052 2604 3367 2689 quidquid
3411 2612 3529 2682 est,
3573 2604 3771 2688 idque
3813 2606 4179 2670 necessario
4193 2656 4211 2683 ,
4256 2625 4392 2670 non

2433 2686 2726 2767 dubium,
2772 2689 2933 2772 quin
2971 2690 3143 2755 sicut
3175 2692 3543 2756 necessario
3586 2691 3797 2756 bonus
3839 2696 3957 2767 est,
3999 2690 4095 2754 ita
4128 2698 4196 2755 ct
4236 2690 4390 2756 talis

2431 2773 2594 2840 velit
2646 2794 2819 2840 esse:
2881 2775 3058 2857 quod
3122 2784 3258 2840 tam
3314 2777 3543 2859 procul
3585 2796 3626 2841 a
3668 2775 3997 2842 coactione
4041 2776 4254 2854 abest,
4312 2784 4391 2841 ut

2433 2859 2722 2923 maxime
2777 2861 2864 2924 sit
2905 2861 2981 2925 in·
3018 2881 3095 2926 eo
3141 2862 3580 2927 voluntarius:
3635 2861 3916 2926 liberum
3961 2860 4276 2941 dicerem,
4333 2862 4392 2926 si

2431 2965 2552 3027 pro
2596 2965 2629 3009 s
2716 2953 2956 3011 ntaneo
2997 2948 3204 3029 accipi
3244 2948 3420 3012 inter
3459 2965 3581 3011 nos
3625 2947 4022 3013 conveniret.

2606 2966 2799 3110 (guod
2846 3030 2928 3096 de
2971 3032 3227 3098 diabolo
3271 3033 3675 3112 adducimus,
3722 3034 3815 3098 sic
3859 3032 4083 3097 solvit:
4130 3032 4254 3097 hoc
4287 3031 4391 3114 ip-

2433 3136 2611 3193 sum,
2667 3116 2844 3198 quod
2901 3119 3271 3184 necessario
3309 3119 3521 3183 malus
3566 3118 3684 3196 sit,
3728 3138 4007 3201 poenam
4052 3138 4194 3182 esse
4238 3136 4390 3200 pec-

2432 3200 2596 3279 cati,
2662 3200 2834 3284 quod
2908 3202 3094 3267 nulla
3159 3204 3567 3270 necessitatis
3632 3206 3702 3269 vi
3773 3210 4034 3269 coactus
4101 3201 4386 3270 admisit.

2433 3284 2646 3366 Quasi
2702 3308 2835 3350 non
2893 3288 3056 3353 haec
3102 3289 3403 3354 similiter
3459 3290 3625 3353 ratio
3677 3290 3747 3352 in
3802 3288 4104 3352 homines
4149 3307 4387 3351 conve-

2433 3372 2590 3435 niat.
2680 3372 2910 3454 Neque
2964 3374 3171 3452 enim,
3225 3376 3397 3440 sicut
3439 3378 3634 3439 toties
3681 3374 3926 3437 dictum
3971 3385 4099 3449 est,
4154 3373 4223 3435 in
4268 3393 4388 3436 na-

2432 3462 2614 3536 tura,
2674 3457 2791 3522 sed
2846 3458 2917 3522 in
2983 3458 3151 3524 vitio
3211 3459 3673 3524 necessitatem
3727 3458 4221 3535 constituimus,
4282 3458 4387 3524 cui

2432 3541 2714 3609 dicimus
2756 3543 3091 3609 subiacere
3141 3544 3487 3609 hominum
3539 3565 3768 3629 genus.
3857 3542 4006 3608 Hoc
4048 3540 4241 3606 modo
4284 3542 4385 3606 in·

2432 3635 2678 3694 teresse
2733 3627 3067 3707 docemus,
3110 3629 3282 3713 quod
3324 3632 3395 3694 in
3437 3638 3776 3695 aeternam
3835 3628 4226 3695 servitutem
4270 3628 4387 3693 ad-

2433 3712 2645 3779 dictus
2698 3715 2829 3779 fuit
2882 3714 3212 3795 diabolus,
3267 3715 3342 3779 in
3397 3735 3528 3798 qua
3580 3715 3766 3780 nulla
3823 3714 3912 3778 sit
3954 3734 4106 3797 spes
4148 3732 4385 3778 manu-

2431 3799 2787 3865 missionis:
2833 3799 3022 3866 nobis
3063 3801 3368 3868 relictum
3412 3809 3515 3867 est
3550 3800 3674 3865 hoc
3719 3799 4099 3876 remedium,
4143 3807 4214 3864 ut
4252 3800 4386 3881 spi-

2433 3884 2599 3950 ritus
2643 3886 2854 3952 sancti
2897 3888 3110 3970 gratia
3151 3887 3306 3952 inde
3362 3895 3688 3952 exeamus.
3777 3886 4057 3951 Fatetur
4100 3884 4386 3963 tandem,

2430 3991 2565 4034 non
2612 3991 2911 4055 pugnare
2979 3972 3365 4055 simpliciter
3420 3994 3569 4038 cum
3629 3972 3966 4037 voluntate
4031 3969 4385 4036 necessita-

2429 4063 2594 4133 tem,
2653 4057 2766 4121 sed
2825 4078 2974 4122 cum
3035 4059 3374 4124 voluntate
3429 4059 3806 4135 hominum,
3866 4056 3979 4140 qui
4038 4054 4256 4119 adhuc
4310 4055 4385 4117 in
4492 4063 4499 4069 ’
4542 4067 4547 4072 ’

2428 4141 2676 4206 mundo
2721 4145 3238 4226 peregrinantur.
3326 4144 3472 4209 Hoc
3514 4146 3828 4228 figmento
3872 4142 4207 4224 eleganter
4241 4142 4384 4222 qui·

2430 4226 2579 4292 dem
2638 4226 2903 4293 eludere
2958 4228 3082 4294 sibi
3133 4229 3401 4295 videtur
3453 4239 3750 4294 nostram
3811 4233 3955 4306 [pag.
4004 4231 4150 4305 142]
4209 4225 4385 4289 solu-

2428 4314 2703 4376 tionem:
2767 4314 2882 4378 sed
2939 4336 3139 4398 quam
3184 4315 3279 4379 illi
3335 4315 3524 4380 facile
3567 4321 3668 4378 est
3710 4313 3953 4389 dicere,
4010 4321 4149 4375 tam
4194 4310 4383 4374 nobis

2429 4419 2674 4483 negare
2729 4409 3108 4482 promptum
3165 4409 3281 4465 est.
3386 4404 3480 4464 At
3550 4400 3630 4464 de
3686 4398 4044 4462 viatoribus
4096 4396 4384 4479 loquitur

2428 4485 2878 4567 Augustinus,
2939 4508 3138 4567 quum
3184 4497 3573 4567 perpetuam
3629 4482 4033 4548 necessitatis
4076 4503 4226 4547 cum
4270 4503 4383 4546 vo-

2429 4568 2684 4633 luntate
2731 4572 3234 4654 repugnantiam
3291 4571 3541 4635 statuit.
3632 4569 3778 4632 I³no
3826 4567 3905 4632 de
3963 4576 4137 4633 statu
4182 4567 4383 4650 primi

2428 4653 2716 4718 hominis
2771 4655 2949 4737 loqui
3004 4678 3074 4721 se
3131 4662 3438 4731 testatur,
3513 4663 3867 4736 antequam
3922 4653 3994 4717 in
4047 4653 4383 4718 miseriam

2430 4738 2632 4816 hauc,
2694 4740 2816 4804 sub
2869 4761 2997 4821 qua
3052 4762 3170 4805 nos
3223 4762 3450 4804 omnes
3495 4741 3633 4804 eius
3688 4738 3937 4822 posteri
3990 4739 4380 4812 laboramus,

2430 4824 2783 4889 incidisset.
2850 4826 3047 4891 Nunc
3090 4846 3245 4890 vero
3291 4833 3437 4907 post
3479 4827 3618 4889 eius
3662 4825 3938 4906 lapsum,
3975 4824 4383 4889 necessitatis

2430 4911 2687 4992 iugum,
2737 4932 2777 4972 a
2820 4930 2947 4991 quo
2993 4910 3155 4975 alias
3214 4911 3411 4975 soluti
3451 4931 3742 4976 essemus
3797 4918 3990 4991 atquc
4032 4910 4379 4984 immunes,

2575 5130 2632 5193 1)
2676 5129 2872 5185 Gallus
2920 5132 3108 5184 vertit.-
3152 5131 3200 5183 Il
3248 5131 3494 5186 adicuste
3545 5133 3690 5185 aussi
3736 5147 3840 5198 que
3876 5130 4013 5183 Dieu
4060 5146 4129 5183 ne
4173 5128 4273 5181 fait
4308 5143 4380 5180 ou

2434 5207 2564 5251 veut
2608 5202 3059 5254 necessairement
3108 5201 3221 5253 rien
3270 5199 3335 5252 de
3382 5207 3563 5253 tontes
3612 5209 3793 5253 autres
3843 5200 4035 5275 choses
4089 5198 4220 5249 hors
4258 5210 4378 5262 soy-

2435 5281 2651 5320 mesme.
