4967 5992
631 360 759 425 263

633 546 1005 614 substantia
1035 545 1383 610 formatas:
1421 540 1536 607 sed
1571 540 1860 609 incidere
1892 542 1964 606 in
2008 541 2376 625 malignum
2407 540 2593 624 prin-

634 634 863 716 cipem,
907 629 1142 694 mundi
1183 629 1661 707 fabricatorem,
1706 635 1773 693 et
1814 628 1897 692 ab
1941 627 2067 693 hoc
2101 627 2399 710 principe
2439 646 2594 691 con-

632 718 899 783 trahere
953 716 1441 799 contagionem,
1499 721 1569 779 et
1619 713 1694 778 in
1752 712 2016 778 diversa
2071 731 2343 796 corpora
2395 710 2593 777 semi-

631 803 797 869 nari.
886 801 972 866 In
1029 801 1154 866 hoc
1207 809 1430 866 tamen
1492 798 1895 866 conveniunt
1957 819 2186 864 omnes
2251 817 2388 863 una
2442 816 2594 862 cum

632 889 954 955 Montano
999 893 1066 952 et
1108 886 1380 968 reliquis
1435 882 1788 964 similibus,
1844 884 2017 967 quod
2070 882 2409 949 hominem
2450 903 2593 947 ma·

630 974 776 1040 lum
810 994 972 1052 esse,
1019 993 1151 1038 non
1184 972 1374 1055 lapsu
1411 978 1479 1035 et
1512 972 1781 1054 propria
1819 970 2031 1052 culpa,
2077 968 2194 1034 sed
2232 969 2379 1052 ipsa
2411 988 2592 1034 erea-

635 1060 833 1139 tione,
879 1058 1349 1142 pronunciant3
1396 1075 1518 1121 nec
1561 1056 1798 1123 vitium
1841 1055 2156 1122 accidisse
2200 1053 2433 1122 dicunt
2473 1074 2593 1118 na-

633 1153 826 1211 turae
878 1150 1173 1222 nostrae,
1229 1142 1345 1208 sed
1398 1143 1805 1208 substantiae
1857 1141 2234 1207 inhaerere:
2302 1137 2593 1221 adeoque

635 1229 1068 1296 substantiam
1134 1228 1348 1311 ipsam
1412 1227 1656 1292 malam
1721 1246 1864 1293 esse
1931 1248 2007 1292 ac
2065 1226 2387 1292 vitiosam.
2488 1224 2594 1290 Ne

842 1314 1067 1380 Deum
1118 1314 1367 1379 bonum
1418 1319 1740 1398 cogantur
1789 1312 2004 1378 facere
2058 1311 2218 1377 mali
2274 1316 2590 1389 autorem,

632 1400 717 1466 ad
772 1398 1108 1466 diabolum
1163 1399 1533 1483 principem
1576 1399 1997 1463 tenebrarum
2053 1396 2342 1462 hominis
2407 1415 2591 1463 crea-

632 1486 880 1552 tionem
921 1486 1235 1550 referunt.

803 1571 1048 1638 Nostra
1100 1591 1233 1635 non
1285 1567 1552 1634 aliunde
1605 1569 1888 1634 referam
1943 1586 2142 1651 quam
2196 1565 2280 1635 ex
2334 1586 2448 1631 ore
2489 1567 2592 1650 ip-

631 1657 769 1723 sius
812 1657 1196 1723 adversarii.
1286 1653 1682 1737 Quanquam
1728 1655 1906 1719 enim
1949 1654 2119 1718 nihil
2163 1675 2299 1719 non
2342 1652 2591 1717 calum-

631 1741 877 1808 niando
918 1742 1257 1826 pervertit,
1303 1740 1639 1805 continere
1682 1745 1907 1804 tamen
1952 1759 2024 1804 se
2067 1760 2200 1805 non
2243 1739 2474 1822 potuit,
2519 1739 2592 1802 in

631 1834 772 1892 tam
816 1827 992 1892 clara
1033 1827 1209 1906 luce,
1265 1827 1425 1909 quin
1467 1824 1917 1892 testimonium
1955 1825 2080 1892 hoc
2123 1824 2313 1891 nobis
2356 1822 2593 1889 redde-

632 1920 751 1978 ret.
779 1913 830 1997 ¹)
918 1913 1172 1996 Nempe
1217 1932 1337 1976 nos
1391 1909 1606 1977 dicere
1661 1910 2000 1975 hominem
2043 1909 2395 1994 dupliciter
2438 1930 2591 1976 con-

633 1997 1088 2064 siderandum:
1135 1998 1420 2080 primum
1467 1997 1537 2060 in
1582 2016 1659 2061 66
1700 1997 2102 2080 integritate,
2146 1997 2216 2062 in
2262 2017 2392 2080 qua
2433 2015 2592 2061 con-

635 2082 813 2149 ditus
855 2083 1010 2162 fuit,
1068 2082 1305 2148 deinde
1357 2083 1430 2147 in
1472 2103 1552 2147 66
1594 2081 1895 2161 16166116,
1951 2083 2023 2147 16
2077 2102 2274 2165 quam
2326 2080 2593 2166 proprio

631 2169 795 2235 vitio
840 2168 1145 2252 delapsus
1189 2175 1307 2234 est.
1373 2166 1484 2233 Ad
1526 2168 1886 2252 imaginem
1932 2168 2172 2251 quippe
2212 2167 2345 2233 Dei
2388 2168 2594 2233 fuisse

632 2260 925 2321 creatum
968 2253 1215 2334 Adam,
1277 2254 1536 2319 eximiis
1582 2251 1840 2319 dotibus
1884 2262 2191 2318 ornatum
2206 2305 2223 2333 ,
2278 2252 2591 2331 iustitiae,

631 2340 962 2420 veritatis,
1021 2340 1408 2424 sapientiae:
1469 2338 1665 2422 idque
1722 2339 1850 2405 hac
1900 2337 2080 2422 lege,
2139 2347 2216 2404 ut
2271 2360 2407 2404 non
2449 2339 2592 2422 ipse

630 2433 889 2491 tantum
910 2477 926 2505 ,
983 2424 1100 2492 sed
1140 2447 1368 2491 omnes
1408 2426 1551 2490 eius
1604 2424 1723 2489 filii
1778 2424 1874 2490 sic
1916 2425 2162 2492 victuri
2220 2430 2475 2503 essent,
2535 2424 2591 2490 si

627 2512 700 2575 in
743 2533 822 2577 ea
865 2511 1266 2596 integritate,
1312 2533 1513 2594 quam
1557 2517 1913 2593 acceperat,
1958 2510 2374 2593 perstitisset.
2454 2507 2594 2575 Ve-

631 2618 783 2662 rum
827 2617 960 2662 non
1004 2598 1263 2661 stetisse
1320 2596 1463 2676 diu3
1520 2616 1644 2660 sua
1697 2596 1907 2679 igitur
1949 2594 2431 2680 ingratitudine
2475 2593 2593 2659 do-

631 2682 738 2748 nis
803 2681 938 2747 illis
991 2682 1196 2747 fuisse
1261 2688 1568 2747 exutum:
1637 2680 1957 2747 excidisse
2014 2679 2286 2764 proinde
2337 2681 2420 2747 ab
2475 2679 2595 2746 illa

630 2768 761 2833 Dei
787 2766 1242 2845 similitudine,
1270 2775 1338 2831 et
1361 2766 1654 2831 induisse
1676 2786 1922 2832 novam
1947 2767 2321 2851 imaginem.
2387 2764 2591 2851 Igno-

631 2852 886 2917 rantiae
939 2852 1146 2929 enim,
1204 2859 1272 2917 et
1332 2852 1787 2935 impotentiae,
1856 2852 2217 2917 iniustitiae
2276 2860 2345 2917 et
2400 2852 2592 2918 vani·

631 2939 760 3002 tati
801 2936 1007 3002 fuisse
1049 2936 1447 3016 subiectum3
1493 2943 1689 3020 atque
1722 2938 1794 3001 in
1839 2938 1959 3003 has
2001 2938 2300 3004 miserias
2337 2936 2594 3003 demer-

635 3042 780 3088 sum
798 3074 814 3102 ,
880 3043 1069 3087 suam
1125 3043 1379 3105 quoque
1442 3024 1823 3107 progeniem
1877 3022 2110 3088 iisdem
2169 3023 2590 3107 implicuisse.

632 3107 778 3172 Iam
824 3128 909 3172 ex
951 3107 1177 3192 Pighii
1217 3108 1618 3174 confessione
1664 3108 1895 3186 habeo,
1940 3128 2062 3173 nos
2104 3129 2240 3174 non
2290 3116 2590 3187 naturae,

630 3213 767 3258 non
808 3193 1060 3277 primae
1116 3193 1404 3258 hominis
1463 3194 1708 3278 origini
1763 3194 2088 3274 tribuere,
2145 3193 2323 3278 quod
2375 3194 2593 3259 malus

631 3279 735 3357 sit,
783 3285 931 3360 [pag.
969 3282 1077 3358 43]
1114 3277 1231 3344 sed
1266 3280 1408 3346 eius
1442 3280 1672 3362 culpae
1709 3277 2051 3359 duntaxat,
2096 3300 2224 3364 qua
2245 3280 2592 3347 miseriam

630 3364 804 3429 hanc
856 3363 982 3431 sibi
1038 3365 1398 3431 accersivit.
1485 3364 1716 3449 Neque
1770 3365 1947 3430 enim
1998 3387 2346 3451 negamus,
2402 3364 2594 3431 liberi

632 3450 892 3518 arbitrii
935 3451 1271 3516 conditum
1307 3451 1508 3517 fuisse
1552 3451 1909 3530 hominem,
1955 3452 2068 3534 qui
2105 3458 2172 3516 et
2206 3473 2370 3516 sana
2403 3472 2593 3516 men·

632 3536 718 3601 tis
760 3535 1233 3621 intelligentia,
1290 3544 1356 3602 et
1397 3536 1794 3602 rectitudine
1837 3535 2201 3601 voluntatis
2257 3534 2595 3620 praeditus

631 3622 848 3686 fuerit.
937 3621 1132 3687 Nunc
1187 3622 1452 3705 quidem
1506 3623 1844 3704 captivum
1893 3623 2106 3687 teneri
2160 3624 2283 3689 sub
2340 3622 2595 3706 peccati

635 3706 955 3772 servitute
1010 3708 1357 3772 arbitrium
1411 3715 1710 3773 nostrum
1765 3709 2137 3774 asserimus.
2229 3706 2363 3774 Sed
2419 3709 2595 3774 unde

636 3789 750 3856 id?
796 3793 926 3857 nisi
961 3793 1113 3875 quia
1154 3792 1356 3858 libero
1391 3793 1659 3859 arbitrio
1693 3791 1938 3858 abusus
1972 3800 2074 3859 est
2106 3791 2345 3872 Adam,
2391 3814 2597 3876 quum

638 3876 953 3942 haberet?
1044 3875 1182 3943 Sed
1238 3876 1395 3961 quid
1453 3879 1562 3945 hic
1615 3877 1818 3946 verba
1870 3877 2115 3961 perdo?
2183 3899 2387 3961 quum
2444 3879 2595 3964 plus

637 3963 798 4027 satis
833 3961 919 4028 ad
953 3970 1246 4028 nostram
1269 3961 1713 4029 defensionem
1740 3965 2091 4044 sufficiant,
2123 3984 2291 4047 (11166
2310 3964 2595 4050 Pighius

634 4068 719 4114 ex
764 4048 956 4114 nobis
991 4049 1241 4114 recitat.
1306 4048 1493 4115 Haec
1527 4051 1704 4114 enim
1739 4049 1876 4116 illic
1909 4069 2058 4114 mea
2092 4058 2250 4115 sunt
2281 4052 2516 4117 verba:
2534 4050 2595 4134 ²)

637 4133 862 4215 Quare
904 4134 1171 4201 ruinam
1214 4140 1508 4200 nostram
1563 4141 1839 4199 naturae
1882 4135 2336 4217 depravationi
2376 4137 2595 4220 impu-

633 4220 926 4301 tandam,
971 4220 1499 4300 meminerimus,
1553 4241 1639 4285 ne
1681 4220 1752 4284 in
1794 4221 2014 4302 Deum
2054 4222 2273 4304 ipsum
2314 4229 2597 4287 naturae

634 4312 928 4371 autorem
988 4307 1360 4391 stringatur
1402 4308 1747 4372 accusatiO.
1822 4306 2121 4371 Haerere
2156 4304 2417 4389 quidem
2454 4308 2596 4373 exi-

636 4390 792 4456 tiale
846 4390 1017 4457 illud
1057 4392 1301 4458 vulnus
1355 4393 1430 4456 in
1483 4397 1725 4456 natura
1778 4412 2012 4458 verum
2069 4399 2196 4456 est:
2255 4391 2371 4458 sed
2423 4393 2594 4458 mul-

637 4480 781 4539 tum
824 4478 1053 4556 refert,
1111 4478 1543 4545 accesseritne
1587 4477 1881 4557 aliunde,
1936 4499 2020 4543 an
2066 4477 2146 4542 ab
2192 4477 2447 4562 origine
2492 4480 2594 4543 in-

637 4557 896 4624 sederit.
957 4562 1236 4628 Constat
1255 4573 1495 4643 autem,
1524 4585 1643 4647 per
1661 4570 2007 4647 peccatum
2025 4564 2350 4629 inflictum
2372 4564 2593 4631 fuisse.

635 4642 788 4742 Non
832 4653 934 4709 est
975 4648 1181 4731 igitur
1224 4670 1341 4714 cur
1384 4670 1895 4734 conqueramur,
1953 4650 2081 4714 nisi
2125 4647 2205 4715 de
2262 4650 2449 4717 nobis
2494 4651 2595 4734 ip-

636 4750 745 4808 616,
791 4737 910 4795 etc.
999 4732 1093 4795 Et
1133 4733 1346 4801 adhuc
1388 4757 1508 4801 nos
1552 4735 1868 4815 Oerdoni,
1915 4734 2277 4801 Valentino
2337 4741 2404 4801 et
2445 4737 2595 4802 Ma-

636 4814 930 4881 nichaeis
972 4815 1220 4882 similes
1264 4820 1458 4884 faciet
1492 4820 1814 4905 Pighius?
1903 4820 2016 4886 Illi
2059 4820 2399 4887 hominem
2441 4820 2595 4888 sub-

775 5120 833 5186 1)
872 5122 1062 5191 Capite
1100 5122 1289 5177 ultimo
1326 5122 1414 5177 lib.
1449 5124 1490 5177 1.

772 5188 835 5256 2)
871 5190 1028 5245 Haec
1060 5207 1211 5246 nunc
1243 5190 1497 5259 lequntur
1535 5191 1716 5248 lustit.
1753 5194 1822 5248 L.
1861 5193 1950 5247 ΙΙ.
1994 5193 2127 5263 Cap.
2166 5194 2215 5249 1.
2254 5195 2303 5261 §-
2330 5194 2425 5264 103
2463 5195 2592 5251 edit.

631 5263 859 5315 nostrae
902 5258 1046 5314 Tom.
1085 5259 1173 5314 11.
1202 5276 1264 5329 p.
1307 5258 1422 5316 184.

1952 349 2484 420 RESPONSIO
2529 350 2908 421 CONTRA
2949 351 3367 420 PIGHIUM

4534 356 4657 419 264

2699 539 2945 607 stantia
2987 545 3056 605 et
3094 541 3427 606 creatione
3481 539 3733 605 malum
3790 539 4145 624 fingebant.
4233 540 4404 619 Nos,
4462 548 4538 606 ut
4575 539 4658 608 de

2699 625 3249 692 excellentissimo
3302 625 3435 691 Dei
3499 646 3695 709 opere
3759 625 3942 708 loqui
3996 646 4119 709 par
4163 633 4295 705 est,
4364 635 4659 692 creatum

2697 712 2899 778 fuisse
2942 710 3220 777 dicimus
3262 718 3538 791 rectum,
3583 718 3863 777 naturae
3906 710 4118 776 bonae
4161 718 4226 776 et
4260 731 4499 794 purae:
4542 734 4659 778 sua

2698 804 2919 862 autem
2974 796 3171 880 culpa
3227 796 3434 863 fuisse
3484 798 3822 875 vitiatum,
3878 817 4085 880 quum
4140 805 4373 880 sponte
4428 820 4468 863 a
4516 799 4658 865 Deo

2699 881 2950 950 defecit.
3042 881 3224 963 Quid
3268 882 3500 962 simile,
3547 882 3817 949 obsecro
3830 933 3846 961 ,
3892 884 4069 948 inter
4112 882 4553 949 substantiam
4594 893 4659 950 et

2697 966 3042 1035 accidens?
3103 968 3279 1033 inter
3323 966 3454 1034 Dei
3509 967 3943 1046 creationem,
4002 976 4069 1033 et
4124 969 4520 1034 accersitum
4574 968 4656 1035 ab

2698 1053 2967 1118 homine
3009 1053 3287 1121 vitium?
3344 1054 3776 1138 Augustinus,
3823 1074 4029 1136 quum
4072 1052 4152 1119 de
4192 1053 4657 1121 Priscillianis-

2697 1139 2785 1205 tis
2830 1141 2997 1223 agit,
3064 1140 3136 1203 in
3177 1158 3253 1204 eo
3297 1160 3521 1205 errare
3560 1139 3749 1218 dicit,
3796 1138 3971 1221 quod
4012 1159 4148 1204 non
4191 1140 4495 1219 arbitrio,
4539 1141 4657 1207 sed

2693 1225 2842 1308 ipsa
2882 1224 3013 1290 Dei
3054 1225 3386 1289 creatione
3425 1226 3760 1291 hominem
3803 1223 4053 1290 malum
4096 1231 4419 1291 asserunt.
4495 1227 4657 1294 Dios

2697 1308 3069 1375 damnando
3127 1331 3259 1375 non
3314 1309 3511 1376 modo
3566 1331 3687 1377 nos
3741 1310 4053 1390 absolvit,
4120 1310 4234 1377 sed
4290 1311 4657 1379 doctrinam

2696 1403 2993 1461 nostram
3027 1415 3149 1461 suo
3184 1396 3496 1480 suffragio
3530 1416 3804 1480 prorsus
3827 1398 4225 1479 comprobat.
4282 1396 4431 1461 Imo
4456 1419 4654 1481 quum

2696 1481 2980 1547 similem
3017 1481 3173 1547 huic
3215 1489 3509 1562 nostrae,
3562 1483 3633 1547 in
3677 1502 3808 1566 qua
3848 1503 4028 1548 nunc
4068 1502 4445 1562 versamur,
4499 1503 4652 1549 cau-

2697 1587 2836 1632 sam
2881 1567 3021 1650 agit
3061 1565 3381 1633 adversus
3423 1567 3838 1652 Pelagianos,
3882 1567 4006 1634 hoc
4050 1575 4151 1633 est
4183 1588 4391 1651 quum
4431 1569 4512 1635 ab
4546 1590 4653 1635 ea·

2696 1652 2847 1718 dem
2890 1672 2962 1717 66
3005 1652 3337 1718 calumnia
3380 1662 3639 1738 purgat,
3681 1654 3778 1718 ita
3809 1674 3930 1737 pro
3966 1674 4037 1719 66
4070 1652 4381 1736 loquitur,
4424 1660 4502 1720 ut
4533 1675 4651 1721 nos

2696 1740 3529 1908 id¹⁰3¹31510⁸1ss¹1⁰05²ti3531¹3312
3570 1739 3978 1891 mit?
4015 1738 4345 1891 3533*
4369 1740 4652 1893 &31⁹3

3941 1875 3959 1905 9
4632 1879 4646 1904 2

2696 1930 2873 1976 nunc
2908 1909 3137 1975 fusius.
3292 1909 3423 1975 11οᾶ
3468 1919 3691 1975 tamen
3735 1908 3821 1975 ad
3861 1917 4158 1976 nostram
4192 1912 4647 1993 quaestionem,

2697 2016 2958 2062 summa
3000 1994 3131 2061 huc
3184 1996 3454 2079 respicit
3468 2046 3483 2074 ,
3539 2016 3649 2063 eos
3693 1996 3806 2079 qui
3862 1995 4224 2061 sanandam
4264 1994 4496 2062 dicunt
4538 2019 4648 2063 na-

2697 2088 2916 2146 turam
2932 2132 2950 2161 ,
3006 2081 3295 2145 multum
3339 2103 3379 2147 a
3422 2079 3834 2148 Manichaeis
3877 2080 4171 2147 differre:
4272 2083 4387 2147 uia
4436 2084 4648 2148 sanari

2698 2187 2832 2232 non
2875 2172 3128 2250 posset,
3174 2167 3231 2231 si
3272 2176 3614 2232 aeternum
3659 2175 3728 2233 et
3769 2167 4236 2233 incommutab'
4269 2189 4306 2233 e
4360 2173 4510 2247 [pag.
4546 2173 4646 2247 44]

2696 2251 2946 2317 malum
3012 2258 3187 2317 esset
3243 2252 3415 2335 quod
3482 2254 3766 2318 somniat
3815 2253 4265 2319 Manichaeus.
4365 2254 4648 2319 Multum

2697 2358 2840 2403 esse
2861 2336 3271 2404 Manichaeis
3315 2338 3695 2419 contrarios,
3743 2338 3858 2422 qui
3901 2339 4147 2404 malum
4186 2346 4465 2405 naturae
4507 2360 4645 2406 nos-

2695 2430 2840 2488 trae
2875 2420 3175 2490 accidens
3222 2443 3365 2489 esse
3414 2423 3668 2503 dicunt,
3714 2424 3888 2507 quod
3919 2423 4020 2489 illi
4052 2425 4354 2490 referunt
4388 2424 4475 2490 ad
4506 2426 4648 2491 sub-

2697 2510 3028 2575 stantiam.
3117 2509 3253 2574 Eos
3356 2509 3428 2574 ui
3484 2508 3830 2575 arbitrium
3884 2532 4018 2576 non
4075 2510 4207 2576 nisi
4263 2510 4348 2576 ad
4410 2511 4648 2576 malum

2697 2616 2841 2660 esse
2883 2594 3167 2660 liberum
3211 2600 3240 2657 t
3363 2602 3508 2675 unt,
3556 2603 3860 2661 exortum
3899 2603 4127 2662 tamen
4177 2597 4432 2661 interea
4465 2596 4545 2662 ab
4578 2616 4647 2661 co

2697 2677 2870 2764 quod
2912 2701 3045 2746 non
3100 2686 3242 2745 erat
3292 2680 3548 2745 malum
3600 2682 3925 2760 fatentur,
3982 2683 4257 2747 minime
4312 2681 4397 2746 ad
4440 2682 4648 2747 Mani-

2698 2766 2933 2832 choeos
2976 2765 3311 2845 accedere,
3367 2766 3482 2833 sed
3528 2788 3752 2834 eorum
3800 2788 4091 2832 errorem
4134 2768 4391 2833 fortiter
4431 2767 4649 2832 redar-

2698 2872 2916 3003 ξ11616.
2990 2850 3171 2933 Quid
3213 2859 3433 2918 autem
3476 2852 3754 2918 istorum
3796 2874 3932 2918 non
3973 2874 4233 2937 semper
4276 2851 4645 2919 docuimus?

2752 2938 2776 3002 i
2820 2937 3016 3002 hodie
3056 2938 3309 3004 viveret
3344 2938 3781 3021 Augustinus,
3828 2959 4193 3021 causaeque
4234 2946 4501 3005 nostrae
4542 2937 4649 3002 de-

2697 3023 3062 3089 fensionem
3107 3043 3192 3087 ex
3237 3024 3526 3106 professo
3570 3025 3946 3107 susciperet,
3992 3046 4127 3089 non
4162 3030 4385 3107 posset
4417 3023 4648 3090 elarius

2699 3109 3096 3192 exprimere,
3157 3108 3331 3191 quod
3370 3108 3454 3174 ad
3495 3108 3911 3176 refutandam
3955 3109 4156 3177 huius
4200 3109 4649 3177 conviciatoris

2697 3193 3097 3260 calumniam
3142 3195 3443 3262 sufficiat.

2871 3277 3008 3345 Sed
3051 3279 3270 3345 videte
3313 3280 3602 3346 hominis
3645 3280 3983 3363 pudorem.
4048 3280 4302 3346 Parum
4344 3300 4490 3346 esse
4531 3302 4650 3364 pu-

2696 3370 2815 3444 tat,
2862 3365 2919 3430 si
2960 3386 3081 3431 nos
3123 3364 3388 3430 illorum
3432 3366 3783 3449 discipulos
3828 3367 4051 3432 faciat:
4099 3364 4280 3430 addit
4325 3367 4505 3432 enim
4544 3366 4651 3431 ab·

2699 3449 3002 3517 surdiora
3044 3456 3113 3515 et
3153 3452 3365 3534 magis
3408 3452 3611 3534 impia
3645 3450 3892 3518 docere.
3981 3451 4380 3531 Manichaei,
4425 3452 4650 3536 inquit,

2698 3558 2782 3602 ne
2827 3536 3147 3602 malitiam
3191 3537 3337 3602 Deo
3382 3536 3857 3616 adscriberent,
3905 3536 4035 3603 duo
4078 3537 4407 3621 principia
4448 3539 4650 3603 finxe-

2699 3629 2872 3686 runt.
2962 3621 3307 3687 Lutherus
3346 3623 3466 3687 uni
3503 3623 3647 3688 Deo
3688 3623 3932 3706 optimo
3975 3624 4267 3689 maximo
4312 3623 4559 3690 scelera
4591 3631 4653 3687 et

2699 3707 2950 3791 flagitia
2992 3705 3335 3774 adscribit:
3395 3710 3569 3792 quia·
3599 3708 3672 3774 in
3725 3709 3855 3774 illis
3899 3708 4106 3776 veluti
4163 3730 4387 3775 serrae
4431 3710 4651 3786 simus,

2701 3793 2892 3858 tracti
2932 3801 3126 3875 atque
3170 3793 3301 3859 acti
3358 3793 3536 3859 illius
3577 3795 3827 3877 impetu
3874 3816 4004 3878 quo
4048 3794 4351 3860 voluerit.
4438 3796 4653 3861 Mani-

2699 3878 2962 3956 61166116,
3001 3886 3152 3962 post
3193 3879 3565 3961 superiores
3608 3880 3757 3945 illos
3803 3880 4184 3958 haereticoS,
4230 3879 4399 3947 duas
4431 3882 4504 3945 in
4538 3881 4655 3946 110-

2698 3963 2878 4029 16166
2923 3971 3194 4029 naturas
3228 3965 3408 4031 facit:
3457 3965 3731 4031 alteram
3766 3964 4025 4046 bonam,
4068 3966 4314 4031 malam
4351 3967 4651 4032 alteram:

2701 4070 2981 4132 quarum
3024 4049 3141 4118 illa.
3191 4070 3462 4134 peccare
3517 4072 3651 4116 non
3703 4051 3942 4135 possit,
3998 4072 4213 4135 neque
4272 4053 4433 4120 haec
4488 4054 4657 4119 11666

2701 4156 2912 4219 agere.
3002 4134 3344 4202 Lutherus
3399 4136 3678 4202 liberum
3732 4137 4022 4202 hominis
4079 4134 4456 4218 arbitrium,
4524 4139 4655 4202 imo

2698 4222 3078 4287 universam
3144 4220 3433 4288 hominis
3496 4231 3806 4287 naturam
3868 4224 4106 4288 asserit
4169 4225 4540 4290 necessario
4591 4231 4656 4289 et

2700 4326 2961 4389 semper
3016 4307 3213 4372 etiam
3268 4307 3339 4372 in
3393 4309 3638 4374 sanctis
3697 4308 3959 4391 spiritui
4013 4308 4142 4374 Dei
4196 4309 4538 4388 reluctari,
4592 4316 4661 4373 et

2700 4390 2881 4458 velut
2920 4392 3128 4458 feram
3163 4390 3549 4458 indomitam
3583 4414 3919 4477 nunquam
3955 4415 4087 4458 non
4120 4411 4495 4479 repugnare
4530 4394 4661 4459 Dei

2701 4480 2971 4561 gratiae.
3060 4478 3313 4562 Impios
3364 4478 3575 4545 veluti
3635 4500 3851 4545 serras
3908 4500 4050 4545 esse
4114 4479 4187 4543 in
4252 4501 4454 4545 manu
4510 4481 4660 4559 Dei,

2700 4583 2868 4646 quae
2911 4570 3191 4642 moveat,
3240 4571 3473 4643 vertat,
3519 4564 3765 4650 dirigat
3808 4586 3918 4630 606
3958 4586 4273 4649 quorsum
4316 4566 4479 4645 vult,
4526 4587 4663 4632 non

2700 4669 2786 4713 ex
2818 4649 3121 4714 Luthero
3157 4657 3274 4729 est,
3312 4649 3428 4715 sed
3462 4670 3544 4715 ex
3583 4653 3817 4734 spiritu
3854 4657 4108 4718 sancto:
4154 4653 4210 4716 si
4248 4659 4469 4717 tamen
4507 4671 4667 4717 eum

2700 4755 2820 4883 Ber
2872 4735 3229 4818 prophetas
3290 4735 3636 4819 loquutum
3699 4738 3901 4804 fuisse
3953 4738 4302 4803 confitetur
4352 4738 4661 4822 Pighius.

2770 4820 2884 4885 icit
2925 4822 3105 4886 enim
3136 4821 3349 4887 Isaias
3392 4820 3473 4887 de
3508 4819 3988 4889 Sennacherib:
4031 4821 4373 4906 Numquid
4411 4824 4665 4906 gloria·

2701 4906 2879 4972 bitur
2931 4926 3117 4972 serra
3166 4906 3487 4974 adversus
3545 4929 3697 4974 eum
3754 4931 3794 4974 a
3835 4930 3961 4991 quo
4018 4908 4312 4974 trahitur
4353 4907 4517 4994 (166.
4564 4915 4660 4989 10,

2709 4992 2859 5076 15)?
2952 4990 3234 5076 Semper
3289 5000 3516 5058 tamen
3566 4994 4043 5079 expositionem
4095 4994 4273 5060 hanc
4313 4994 4665 5061 Lutherus

2703 5075 2985 5143 addidit:
3030 5080 3123 5145 sic
3167 5079 3296 5144 Dei
3338 5080 3781 5146 instrumenta
3822 5100 3966 5145 esse
4008 5100 4238 5146 omnes
4279 5079 4543 5163 impios,
4593 5089 4667 5147 ut

2700 5163 2957 5228 malitia
3007 5162 3090 5228 611
3132 5166 3153 5227 1
3235 5165 3293 5229 16
3337 5165 3449 5245 sit,
3504 5165 3577 5230 in
3620 5166 3782 5248 ipsis
3826 5166 4142 5244 resideat,
4196 5166 4360 5248 ipsis
4397 5187 4666 5251 quoque

2702 5250 2787 5313 sit
2840 5186 3242 5331 imputandif.
3328 5250 3626 5316 Rursum
3678 5253 4061 5318 universam
4115 5251 4398 5318 hominis
4450 5262 4667 5319 natu·
