4967 5992
561 274 690 335 471

570 457 742 523 dam.
832 453 1100 521 Scimus
1151 453 1345 537 quale
1400 453 1684 537 pastoris
1740 471 2022 517 examen
2065 451 2360 534 requirat
2410 470 2534 534 per

572 564 647 609 os
668 540 867 606 Pauli
905 540 1181 624 spiritus
1215 545 1484 604 sanctus
1526 537 1627 622 (in
1661 537 1957 622 epistolis
1992 536 2076 603 ad
2112 535 2534 602 Timotheum

569 636 639 694 et
679 626 964 709 Titum):
1023 624 1216 709 quale
1272 624 1472 689 etiam
1529 632 1785 689 veteres
1827 629 2094 707 patrum
2143 622 2528 689 sanctiones.

565 710 803 790 Hodie,
847 711 926 776 in
978 709 1277 776 creandis
1321 708 1670 792 episcopis,
1728 729 1816 773 an
1859 708 1993 774 tale
2037 707 2285 790 aliquid
2323 707 2532 789 respi-

567 795 782 864 citur?
871 796 1019 861 Imo
1088 795 1611 879 quotusquisque
1675 815 1904 859 eorum
1920 844 1937 873 ,
2018 795 2129 878 qui
2202 792 2287 859 ad
2350 792 2532 857 hunc

567 882 850 970 gradum
900 881 1306 959 evehuntur,
1365 881 1602 947 saltem
1656 878 2079 946 mediocriter
2132 879 2214 944 iis
2268 877 2533 943 dotibus

566 967 909 1053 praeditus
951 975 1082 1046 est,
1139 967 1281 1033 sine
1325 966 1562 1050 quibus
1604 965 1823 1031 idonei
1865 986 2009 1031 0880
2052 964 2363 1032 000Ιο8180
2406 963 2532 1027 mi-

568 1054 765 1120 nistri
818 1074 954 1118 non
1013 1051 1329 1135 possunt?
1421 1050 1641 1132 Quem
1684 1049 1988 1117 ordinem
2029 1050 2104 1114 in
2147 1050 2533 1135 praeficien-

570 1140 673 1206 dis
725 1138 1047 1204 ministris
1108 1143 1255 1217 [pag.
1294 1142 1401 1216 27]
1460 1136 1737 1220 apostoli
1782 1137 2148 1216 tenuerint,
2208 1135 2530 1213 videmus,

568 1245 763 1309 quem
806 1230 1081 1306 sequuta
1122 1222 1360 1289 deinde
1403 1222 1494 1287 sit
1530 1230 1722 1289 vetus
1766 1221 2060 1301 ecclesia,
2106 1241 2304 1303 quem
2345 1218 2532 1285 deni-

567 1330 694 1393 que
749 1309 1005 1393 antiqui
1059 1329 1342 1375 canones
1411 1307 1749 1373 observari
1811 1307 2237 1391 praecipiant.
2326 1306 2532 1372 Hunc

568 1396 628 1462 si
689 1394 884 1461 hodie
942 1394 1167 1477 sperni
1222 1402 1290 1459 et
1356 1393 1541 1459 reiici
1605 1413 1975 1476 conquerar
1990 1444 2007 1472 ,
2074 1412 2294 1457 nonne
2355 1392 2534 1457 iusta

565 1481 694 1547 erit
736 1478 1047 1564 querela?
1112 1475 1295 1559 Quid
1338 1479 1416 1556 si,
1462 1479 1642 1544 omni
1684 1478 1933 1544 calcata
1973 1477 2333 1556 honestate,
2380 1496 2533 1559 pro-

565 1565 821 1632 moveri
873 1586 994 1649 per
1038 1585 1375 1629 summum
1418 1563 1702 1629 dedecus
1748 1571 1817 1628 et
1855 1563 2178 1647 flagitium
2194 1614 2212 1643 ,
2269 1560 2529 1629 dicam?

565 1650 777 1734 Atqui
821 1651 945 1716 hoc
988 1650 1237 1715 nemini
1281 1656 1381 1715 est
1433 1649 1750 1732 ignotum.
1826 1650 1970 1714 Aut
2011 1649 2192 1714 enim
2235 1647 2535 1713 condicto

566 1736 783 1820 pretio
838 1742 1154 1800 emuntur
1194 1734 1481 1799 honores
1525 1734 1974 1814 ecclesiastici,
2027 1741 2143 1799 aut
2182 1735 2255 1799 vi
2297 1755 2533 1799 manu·

567 1842 696 1905 que
731 1829 1150 1903 occupantur,
1186 1827 1303 1884 aut
1334 1820 1765 1886 conciliantur
1797 1819 2067 1885 nefariis
2097 1819 2533 1903 pactionibus,

569 1913 688 1972 aut
732 1903 1016 1971 sordidis
1046 1905 1372 1988 obsequiis
1406 1913 1889 1989 comparantur.
1946 1904 2295 1970 Interdum
2329 1904 2532 1970 etiam

569 1991 1051 2058 lenociniorum
1108 1998 1174 2054 et
1217 1989 1535 2056 eiusmodi
1592 1992 1835 2055 artium
1881 1999 2040 2056 sunt
2094 1989 2450 2057 mercedes.
2481 1989 2533 2073 ¹)

568 2077 877 2160 Denique
929 2074 1383 2159 impudentius
1437 2075 1648 2141 multo
1699 2075 1808 2142 hic
1860 2075 2141 2155 luditur,
2207 2097 2406 2160 quam
2458 2076 2534 2141 in

571 2161 730 2227 ullis
772 2181 1064 2244 unquam
1109 2161 1400 2245 profanis
1442 2161 1977 2243 possessionibus.

744 2249 967 2330 Atque
1009 2246 1266 2312 utinam
1300 2248 1395 2314 sic
1442 2247 1677 2313 vitiata
1719 2253 1896 2312 esset
1939 2246 2250 2313 ecclesiae
2294 2245 2532 2330 guber-

570 2332 754 2398 natio
810 2341 887 2397 ut
939 2332 1054 2415 qui
1107 2339 1427 2416 praesunt
1473 2332 1598 2398 sibi
1653 2340 1913 2398 tantum
1970 2339 2356 2415 peccarent:
2414 2337 2536 2396 aut

569 2418 805 2484 saltem
847 2417 995 2484 aliis
1035 2438 1169 2483 non
1213 2425 1544 2496 nocerent,
1586 2418 1717 2481 nisi
1750 2417 1942 2483 malis
1983 2416 2322 2500 exemplis.
2393 2415 2532 2482 Ve-

568 2525 722 2569 rum
778 2503 902 2569 hoc
957 2504 1208 2568 malum
1251 2502 1508 2586 reliqua
1550 2504 1772 2568 omnia
1815 2509 2114 2585 superat,
2171 2502 2345 2585 quod
2389 2522 2532 2567 sae-

567 2586 1935 2755 ἕξῗὲᾞοᾝῖῗὲἰῗαθέἓῗέῖῖἶέεῑὲἓ
1962 2588 2342 2739 Ἶῗῗθῖῗὲῗ
2365 2586 2533 2755 ..²1:¹3

568 2758 765 2824 hodie
795 2759 1095 2835 iactatur,
1140 2778 1337 2840 quam
1370 2757 1804 2837 licentiosum,
1849 2763 1917 2823 et
1986 2779 2096 2823 me
2125 2757 2275 2841 lege
2304 2758 2534 2823 modo-

571 2865 700 2927 que
737 2845 813 2907 in
864 2843 1120 2907 animas
1160 2843 1542 2926 imperium,
1596 2842 1769 2926 quod
1823 2864 1934 2908 eas
1976 2843 2351 2910 miserrima
2393 2864 2531 2909 ser-

571 2929 788 2994 vitute
874 2925 1248 3010 opprimat?
1347 2928 1759 2993 Potestatem
1833 2927 2144 2995 Christus
2221 2928 2534 3012 apostolis

575 3012 905 3097 permisit,
974 3011 1236 3095 qualem
1292 3020 1445 3078 ante
1499 3014 1843 3096 prophetis
1898 3015 2085 3080 Deus
2140 3014 2532 3093 contulerat,

573 3098 774 3164 certis
841 3098 1085 3165 finibus
1150 3096 1471 3163 inclusam
1538 3098 1815 3166 scilicet:
1877 3107 1954 3165 ut
2014 3100 2342 3185 legatione
2412 3121 2534 3184 pro

575 3204 649 3249 se
705 3184 879 3267 apud
940 3183 1241 3248 homines
1304 3185 1755 3268 fungerentur.
1845 3186 2034 3251 Haec
2097 3206 2297 3271 porro
2350 3186 2534 3270 lega·

574 3269 773 3334 tionis
817 3275 1142 3352 perpetua
1182 3269 1293 3334 lex
1335 3276 1463 3350 est,
1507 3278 1586 3335 ut
1627 3272 1739 3353 qui
1779 3272 2096 3351 mittitur,
2137 3291 2307 3355 quae
2351 3292 2533 3338 acce-

572 3356 672 3439 pit
715 3353 1056 3435 mandata,
1115 3354 1398 3420 fideliter
1450 3364 1517 3422 et
1559 3378 1818 3423 summa
1859 3356 2181 3442 religione
2225 3358 2531 3444 perferat.

574 3438 772 3521 Quod
814 3442 1016 3506 etiam
1050 3441 1446 3506 nominatim
1487 3443 1884 3526 exprimitur
1917 3444 1991 3509 in
2027 3444 2364 3528 apostolis:
2408 3443 2533 3524 Ite,

575 3524 802 3592 docete
858 3547 1086 3591 omnes
1140 3534 1371 3610 gentes
1387 3578 1402 3603 ,
1468 3548 1638 3610 quac
1702 3529 1950 3594 tradidi
2013 3530 2200 3597 vobis
2259 3529 2531 3614 (Matth.

576 3615 679 3692 28,
735 3615 811 3676 19
823 3636 840 3691 ;
893 3613 1102 3678 Marc.
1147 3617 1244 3690 16,
1301 3613 1430 3698 15).
1516 3613 1716 3679 Item:
1785 3621 1933 3695 [pag.
1971 3619 2080 3693 28]
2126 3615 2532 3696 Praedicate,

576 3718 710 3763 non
789 3696 1139 3781 quidlibet,
1216 3697 1333 3763 scd
1421 3699 1854 3783 evangelium.
1958 3701 2065 3765 De
2141 3701 2534 3766 successori-

576 3782 701 3849 bus
746 3784 802 3847 si
836 3783 1194 3865 quaeritur,
1241 3804 1371 3865 qua
1418 3784 1555 3848 sint
1600 3784 1881 3868 praediti
1913 3791 2258 3868 potestate,
2291 3787 2535 3852 Petrus

576 3889 724 3934 eam
769 3868 1017 3947 definit,
1063 3888 1270 3950 quum
1310 3889 1539 3935 omnes
1563 3872 1676 3953 qui
1720 3871 1793 3935 in
1835 3871 2112 3938 ecclesia
2153 3871 2532 3955 loquuntur,

572 3953 759 4020 iubet
791 3953 1049 4036 eloquia
1081 3952 1214 4017 Dei
1257 3954 1549 4037 proferre
1592 3956 1657 4039 (1
1698 3957 1878 4022 Petr.
1917 3963 1979 4037 4,
2023 3957 2151 4040 11).
2217 3959 2314 4023 At
2354 3979 2535 4023 nunc

575 4041 686 4123 qui
732 4039 1044 4106 ecclesiae
1103 4046 1392 4105 rectores
1433 4040 1664 4106 haberi
1715 4042 1977 4122 volunt,
2036 4043 2164 4108 sibi
2207 4050 2536 4127 usurpant

573 4125 749 4192 hanc
790 4126 1161 4204 licentiam,
1215 4131 1294 4190 ut
1336 4124 1689 4208 loquantur
1733 4126 2052 4212 quidquid
2093 4128 2385 4194 libuerit:
2444 4129 2534 4193 si-

572 4212 907 4295 mulatque
951 4211 1205 4294 loquuti
1246 4211 1511 4291 fuerint,
1556 4213 1699 4280 sine
1727 4212 1864 4278 ullo
1909 4214 2212 4281 examine
2256 4215 2535 4280 audian·

573 4305 703 4362 tur.
793 4299 1180 4382 Excipient,
1237 4296 1410 4364 hanc
1454 4318 1598 4363 esse
1651 4299 2071 4365 calumniam.
2159 4300 2311 4367 Non
2355 4301 2534 4367 enim

573 4382 756 4447 aliud
819 4383 944 4449 sibi
1001 4385 1167 4450 iuris
1231 4391 1539 4464 sumunt,
1605 4405 1803 4468 quam
1868 4393 1942 4451 ut
2006 4387 2357 4451 autoritate
2412 4407 2535 4450 sua

576 4467 877 4533 sanciant
891 4519 907 4547 ,
962 4490 1126 4552 quae
1182 4469 1454 4551 spiritus
1498 4477 1768 4536 sanctus
1809 4470 2241 4537 revelaverit·
2312 4471 2534 4555 Nega-

567 4549 741 4615 bunt
772 4572 947 4636 ergo,
987 4575 1058 4619 se
1103 4555 1243 4619 suis
1286 4558 1674 4622 commentis
1717 4563 1834 4622 aut
1874 4577 2036 4622 suae
2075 4556 2335 4622 libidini
2378 4557 2532 4623 sub-

572 4634 775 4699 iicere
829 4635 1124 4703 fidelium
1182 4641 1615 4707 conscientias
1630 4693 1646 4721 ,
1692 4641 1809 4708 sed
1861 4642 2019 4708 solis
2069 4643 2343 4727 spiritus
2384 4664 2534 4710 ora-

575 4719 759 4798 culis,
848 4742 973 4785 uae
1017 4723 1141 4788 sibi
1183 4725 1493 4805 revelata,
1539 4727 1705 4806 aliis,
1750 4728 1976 4794 addita
2011 4730 2530 4809 confirmatione,

572 4825 768 4891 prom
841 4813 1018 4890 gant.
1106 4807 1495 4892 Ingeniosus
1545 4820 1929 4894 praetextus
1986 4815 2252 4883 scilicet.
2342 4813 2533 4896 Quae

833 4979 986 4988 ——-.-.-

704 5096 773 5221 ἐι)
812 5096 1011 5178 Gallu-e
1043 5100 1229 5150 vemt:
1279 5113 1350 5151 ou
1368 5113 1446 5180 pe
1482 5107 1608 5179 sont
1648 5116 2034 5182 recompenses
2079 5102 2146 5158 de
2194 5103 2530 5161 bouteilliers

566 5172 631 5221 et
662 5182 701 5236 p
760 5164 1038 5236 efrenxers,
1072 5165 1411 5235 quelquefcis
1445 5182 1594 5222 aussi
1627 5168 1825 5224 8818110
1862 5171 1930 5226 de
1965 5171 2390 5241 maquerelages.

2161 263 2291 329 DE
2333 258 2975 330 NECESSITATE

4466 260 4597 324 4⁷2

2636 470 2677 515 a
2729 449 2967 531 spiritu
3031 453 3253 514 sancto
3312 455 3579 532 accepta
3642 468 3763 532 per
3824 466 4062 514 manus
4118 445 4426 527 tradunt,
4490 447 4594 527 iis,

2636 533 2799 618 quin
2853 534 2997 600 sine
3051 554 3238 599 mora
3292 533 3662 617 parendum
3715 534 3831 614 sit,
3887 554 4082 600 nemo
4136 532 4413 598 dubitat.
4498 535 4597 600 At

2636 640 2842 703 quum
2900 640 2970 685 se
3025 639 3162 685 non
3215 619 3346 684 alia
3397 640 3589 703 posse
3631 619 3894 687 tradere
3947 617 4336 699 subiiciunt,
4397 639 4596 702 quam

2635 725 2820 770 mera
2876 705 3149 790 spiritus
3202 706 3417 772 sancti
3470 705 3739 772 oracula
3752 755 3770 785 ,
3824 704 4136 789 quoniam
4178 704 4260 770 ab
4305 704 4452 788 ipso
4489 725 4595 771 re-

2637 797 2909 875 gantur:
2969 811 3094 857 nec
3137 811 3329 874 posse
3370 792 3514 856 fieri
3527 842 3543 869 ,
3603 791 3765 875 quin
3820 811 4059 856 verum
4108 790 4221 869 sit,
4279 789 4599 874 quidquid

2638 877 3024 956 statuerint,
3081 877 3239 960 quia
3279 878 3350 941 in
3393 876 3724 943 cathedris
3776 876 4076 942 veritatis
4120 874 4421 956 sedeant,
4476 896 4596 941 an-

2637 983 2773 1026 non
2827 982 2904 1028 eo
2947 961 3144 1028 modo
3200 968 3595 1046 potestatem
3639 983 3828 1028 suam
3869 961 4142 1028 libidine
4183 960 4594 1028 metiuntur?

2636 1046 2809 1112 Nam
2855 1049 2914 1113 si
2958 1068 3078 1131 pro
3122 1048 3403 1114 oraculis
3448 1046 3750 1113 habenda
3793 1057 3948 1112 sunt
3992 1046 4324 1131 quaelibet
4366 1067 4598 1114 eorum

2636 1131 2894 1215 placita,
2938 1132 3052 1199 ubi
3094 1133 3279 1198 nulla
3310 1134 3625 1217 exceptio,
3667 1133 3807 1200 illic
3849 1133 4191 1198 infinitum
4224 1133 4597 1218 imperium.

2637 1216 3120 1370 itm?
3141 1226 3469 1370 22:²53.OE
3476 1219 4603 1372 ssfflffifflffffioabffiffl

2637 1325 4601 1560 :2⁹:132ississaffisssstffiuzffisffizffl{ggreffiisfflffi

3066 1526 3084 1555 1
3809 1526 3826 1554 2

2638 1572 2863 1625 autem
2910 1560 3121 1626 multo
3169 1562 3319 1645 plus
3369 1560 3740 1646 postulant,
3796 1568 3872 1625 ut
3927 1563 4233 1644 spiritum
4288 1570 4600 1628 sancmm

2636 1645 2979 1712 credamus
3020 1646 3217 1730 loqui,
3263 1646 3422 1713 dum
3461 1647 3650 1714 nobis
3684 1645 4050 1713 obtrudunt
4091 1645 4264 1731 quod
4308 1648 4601 1714 somnia·-

2636 1732 2874 1797 verint.

2811 1820 2959 1896 [pag.
2998 1822 3109 1896 29]
3148 1817 3383 1919 Itaque
3426 1818 3552 1883 hac
3607 1824 3928 1900 potestate
3967 1819 4236 1897 armati,
4292 1817 4601 1886 videmus

2635 1922 2837 1985 quam
2873 1902 3040 1968 dura
3082 1910 3152 1967 et
3190 1903 3420 1988 iniqua
3450 1905 3772 1971 servitute
3809 1901 4105 1969 fidelium
4141 1905 4398 1969 animas
4439 1925 4603 1969 con-

2636 1987 2897 2054 strictas
2942 1990 3295 2054 tenuerint.
3368 1990 3588 2074 Leges
3630 1988 3799 2055 aliae
3838 2009 4039 2071 super
4082 1988 4247 2055 alias
4288 1989 4598 2057 conditae

2636 2080 2824 2153 sunt,
2893 2093 3063 2157 quae
3116 2074 3391 2140 totidem
3455 2083 3678 2140 essent
3740 2074 4291 2141 conscientiarum
4356 2075 4598 2158 laquei.

2636 2157 2789 2223 Non
2832 2160 3012 2224 enim
3053 2159 3138 2225 ad
3192 2158 3492 2226 ordinem
3536 2167 3883 2226 externum
3899 2211 3915 2239 ,
3973 2158 4091 2227 sed
4125 2160 4210 2226 ad
4251 2160 4602 2243 spirituale

2638 2250 2708 2308 et
2771 2245 3050 2310 interius
3127 2247 3384 2310 animae
3448 2246 3745 2329 regimen
3804 2245 3914 2310 eas
3976 2246 4367 2312 retulerunt.
4452 2246 4603 2314 Nec

2637 2328 2792 2395 finis
2830 2330 3007 2396 ullus
3049 2331 3206 2411 fuit,
3256 2330 3460 2397 donec
3496 2330 3581 2396 ad
3624 2331 3823 2397 istam
3863 2332 4257 2398 immensam
4299 2331 4604 2399 multitu-

2639 2412 2861 2480 dinem
2896 2423 3176 2482 ventum
3208 2425 3328 2497 est,
3366 2436 3531 2499 quae
3554 2438 3690 2482 non
3724 2417 4040 2483 absimilis
4064 2426 4167 2482 est
4198 2418 4602 2504 labyrintho.

2638 2500 2733 2564 Et
2787 2501 3112 2583 quaedam
3170 2502 3255 2567 ad
3310 2501 3708 2585 torquendas
3774 2502 4377 2586 excruciandasque
4445 2524 4603 2570 con-

2639 2586 2948 2653 scientias
2983 2585 3296 2652 videntur
3337 2608 3611 2671 prorsus
3645 2588 3873 2653 factae.
3960 2588 4171 2654 Porro
4210 2609 4445 2654 earum
4485 2589 4604 2655 ob-

2639 2673 2922 2737 servatio
2957 2672 3390 2738 nihilominus
3426 2693 3656 2741 severe
3691 2672 4081 2754 vindicatur,
4127 2695 4327 2757 quam
4362 2677 4421 2741 si
4462 2683 4604 2740 tota

2635 2757 2740 2822 vis
2793 2758 3057 2840 pietatis
3110 2759 3185 2823 in
3238 2759 3369 2825 illis
3421 2759 3827 2826 consisteret.
3917 2759 4101 2841 Quin
4153 2762 4355 2825 etiam
4396 2780 4606 2844 quum

2639 2841 2721 2907 de
2754 2842 3015 2909 violatis
3050 2844 3181 2910 Dei
3214 2844 3562 2921 mandatis,
3608 2851 3728 2909 aut
3759 2843 3946 2911 nulla
3980 2847 4100 2910 fiat
4131 2847 4451 2928 quaestio,
4484 2857 4607 2912 aut

2637 2935 2988 2993 sumantur
3022 2950 3153 2994 non
3194 2930 3290 2996 ita
3321 2951 3560 3014 graves
3591 2949 3858 3012 poenae,
3903 2930 4218 2997 adversus
4254 2931 4606 2997 hominum

2636 3011 2899 3078 decreta
2932 3014 3180 3098 aliquid
3196 3014 3538 3083 admisisse
3575 3037 3910 3082 summum
3941 3016 4275 3099 piaculum
4297 3017 4602 3083 habetur.

2639 3096 2869 3179 Quum
2904 3099 3030 3165 hoc
3062 3102 3410 3185 tyrannico
3453 3103 3608 3186 iugo
3641 3109 3982 3185 prematur
4022 3101 4314 3182 ecclesia,
4355 3105 4413 3168 si
4446 3102 4603 3186 quis

2636 3185 2917 3250 verbum
2968 3194 3197 3252 contra
3250 3187 3464 3253 facere
3518 3187 3785 3268 audeat,
3837 3189 4064 3253 statim
4103 3208 4228 3273 pro
4270 3189 4606 3257 haeretico

2639 3268 3008 3336 damnatur.
3096 3273 3401 3357 Denique
3414 3325 3431 3354 ,
3517 3273 3799 3339 liberum
3874 3273 4199 3357 gemitum
4272 3276 4595 3354 emittere,

2639 3356 2920 3438 capitale
2963 3363 3081 3423 est.
3171 3358 3391 3441 Atque
3436 3366 3512 3425 ut
3552 3360 3725 3426 hanc
3765 3380 3899 3424 non
3946 3359 4254 3426 ferendae
4299 3359 4597 3426 domina-

2635 3442 2836 3508 tionis
2879 3443 3355 3526 possessionem
3392 3435 3753 3524 retineant,
3809 3445 4127 3529 populum
4171 3467 4211 3510 a
4252 3467 4598 3512 sacrorum

2637 3526 2916 3595 lectione
2959 3538 3026 3594 et
3064 3530 3507 3614 intelligentia
3563 3530 4003 3615 sanguinariis
4057 3529 4291 3598 edictis
4334 3541 4595 3598 arcent:

2638 3613 3000 3679 fulminant
3054 3616 3372 3682 adversus
3420 3637 3532 3683 eos
3585 3618 3698 3701 qui
3749 3616 3833 3681 de
3888 3638 4009 3682 sua
4059 3623 4389 3700 potestate
4444 3640 4600 3685 con·

2637 3700 3032 3766 troversiam
3098 3703 3456 3781 moverint,
3529 3710 3597 3767 et
3658 3701 3870 3767 indies
3925 3703 4160 3768 crescit
4209 3703 4601 3771 immodicus

2639 3784 2753 3849 1110
2797 3786 3009 3868 rigor:
3067 3794 3144 3852 ut
3196 3787 3333 3853 iam
3389 3789 3862 3871 propemodum
3913 3787 4086 3854 nihil
4139 3787 4221 3853 de
4276 3788 4601 3874 religione

2638 3871 2973 3952 inquirere
3015 3873 3417 3956 permittant.

2809 3956 2940 4022 His
2985 3964 3083 4023 tot
3126 3977 3203 4023 ac
3248 3968 3386 4023 tam
3429 3958 3651 4025 densis
3692 3958 3983 4025 tenebris
4026 3980 4234 4042 quum
4277 3960 4607 4027 suffocata

2637 4049 2811 4108 esset
2851 4043 2978 4109 Dei
3023 4045 3269 4110 veritas
3284 4095 3298 4122 ,
3351 4066 3557 4127 quum
3599 4052 3699 4110 tot
3741 4046 3962 4128 impiis
4015 4046 4607 4129 superstitionibus

2637 4128 2887 4211 polluta
2921 4138 3099 4195 esset
3139 4130 3389 4214 religi0,
3436 4152 3640 4215 quum
3668 4130 4015 4198 horrendis
4049 4129 4415 4216 sacrilegiis
4459 4153 4608 4200 cor-

2635 4222 2871 4298 ruptus
2912 4215 3043 4280 Dei
3086 4214 3302 4282 cultus
3346 4216 3516 4281 foret
3534 4267 3552 4295 ,
3610 4223 3939 4301 prostrata
3982 4217 4124 4283 eius
4168 4217 4383 4302 gloria
4426 4219 4609 4284 iace-

2636 4308 2759 4379 ret,
2804 4321 3009 4384 quum
3054 4306 3203 4382 [pag.
3243 4307 3352 4383 30]
3396 4302 3625 4368 multis
3661 4302 3991 4386 perversis
4025 4302 4444 4386 opinionibus
4488 4305 4611 4372 ob-

2639 4393 2866 4451 rutum
2909 4393 3083 4452 esset
3121 4386 3593 4470 redemptionis
3644 4388 4061 4468 beneficium,
4113 4388 4411 4454 homines
4454 4392 4615 4455 exi-

2636 4471 2780 4536 tiali
2818 4492 3091 4555 operum
3149 4471 3394 4540 fiducia
3446 4473 3780 4553 inebriati,
3840 4475 4123 4541 salutem
4182 4474 4337 4541 alibi
4392 4495 4616 4558 quam

2635 4556 2711 4621 in
2746 4555 3014 4622 Christo
3057 4565 3450 4641 quaererent
3466 4610 3483 4638 ,
3519 4568 4081 4627 sacramentorum
4112 4559 4616 4628 administratio

2636 4643 2882 4726 partim
2922 4642 3139 4710 lacera
3181 4664 3258 4709 ac
3315 4643 3664 4729 dissipata,
3718 4648 3961 4730 partim
4004 4645 4318 4714 admixtis
4365 4648 4619 4715 multis

2636 4729 2971 4814 figmentis
3004 4736 3333 4816 corrupta,
3354 4745 3359 4754 ’
3381 4732 3624 4814 partim
3660 4733 4069 4816 quaestuosis
4102 4730 4618 4801 nundinationi-

2636 4814 2760 4882 bus
2778 4816 3125 4899 profanata
3147 4823 3338 4896 esset,
3360 4837 3566 4900 quum
3587 4817 3899 4885 ecclesiae
3916 4817 4307 4903 gubernatio
4336 4819 4415 4884 in
4454 4841 4619 4888 vae—

2635 4900 2895 4967 titatem
2935 4922 3205 4985 prorsus
3238 4904 3581 4968 confusam
3623 4904 4100 4988 degenerasset,
4143 4924 4350 4987 quum
4392 4905 4455 4970 ii
4499 4907 4621 4990 qni

2634 4995 2977 5070 pastorum
3032 4987 3175 5054 loco
3230 4986 3547 5054 sedebant
3602 4990 3892 5074 primum
3948 4989 4265 5057 dissoluto
4322 4990 4619 5058 vivendi

2634 5093 2818 5139 more
2860 5072 3201 5140 ecclesiam
3245 5074 3605 5158 plurimum
3646 5075 4004 5156 laederent,
4048 5073 4286 5141 deinde
4326 5096 4620 5145 saevam

2634 5165 2702 5224 et
2744 5159 3032 5224 maxime
3083 5159 3353 5225 noxiam
3409 5159 3835 5246 tyrannidem
3887 5162 3959 5228 in
4016 5159 4273 5227 animas
4325 5182 4622 5230 exme-
