4967 5992
577 357 701 419 511

573 540 857 608 mediam
901 536 1425 620 desperationem
1479 555 1904 618 prorumpere
1948 534 2274 600 convenit.
2362 533 2536 599 Vult

571 626 901 694 Dominus
966 621 1386 707 evangelium
1450 641 1645 686 suum
1707 620 2091 702 praedicari.
2184 625 2333 698 [pag.
2382 624 2530 698 100]

571 711 750 778 Ηο10
792 708 1104 775 mandato
1147 728 1512 792 pareamus,
1557 714 1625 772 et
1666 727 2036 790 sequamur,
2083 726 2209 789 quo
2253 726 2374 770 nos
2415 724 2534 769 vo-

571 805 696 865 cat.

572 893 909 949 nostrum:
982 880 1113 945 nisi
1166 877 1339 962 quod
1393 899 1544 943 eum
1602 897 1802 961 quam
1858 877 2184 960 optimum
2236 883 2305 942 et
2359 876 2532 941 votis

572 977 802 1054 optare
852 974 920 1031 et
986 965 1289 1050 precibus
1345 986 1385 1029 a
1435 964 1723 1029 Domino
1789 962 2128 1046 postulare
2188 960 2528 1028 debemus:

573 1057 735 1122 eniti
779 1052 978 1118 etiam
1019 1051 1199 1117 omni
1242 1049 1489 1129 studi0,
1535 1048 1994 1127 sollicitudine,
2041 1048 2414 1132 diligentia,
2457 1052 2535 1111 ut

575 1141 727 1205 talis
793 1138 1156 1221 contingat:
1223 1135 1479 1201 interea
1542 1142 1770 1201 tamen
1836 1134 2309 1217 qualiscunque
2386 1133 2532 1211 erit,

573 1246 781 1311 aequo
822 1223 1042 1288 animo
1085 1223 1276 1287 ferre.

744 1309 1088 1375 Immerito
1140 1307 1350 1391 igitur
1396 1306 1519 1372 hoc
1573 1306 1765 1371 nobis
1818 1305 2077 1370 crimini
2122 1304 2345 1381 datur,
2400 1324 2533 1369 non

574 1403 840 1462 tantum
892 1394 1216 1480 profuisse
1246 1393 1297 1478 ¹)
1362 1412 1483 1457 nos
1551 1398 1877 1474 quantum
1931 1397 1998 1455 et
2052 1390 2423 1456 studuimus
2468 1397 2536 1455 et

581 1480 949 1567 optandum
992 1480 1242 1545 fuisset.
1330 1477 1649 1542 Plantare
1686 1484 1753 1541 et
1793 1477 2009 1560 rigare
2053 1497 2174 1541 nos
2209 1475 2396 1541 Deus
2432 1476 2533 1540 iu-

572 1570 703 1636 bet.
764 1568 1096 1633 Fecimus.
1161 1562 1365 1629 Solus
1400 1563 1540 1645 ipse
1576 1569 1679 1628 est
1717 1563 1829 1645 qui
1872 1561 1988 1626 dat
2028 1562 2530 1628 incrementum.

575 1653 757 1736 Quid
802 1653 856 1718 si
904 1672 1023 1735 pro
1065 1657 1290 1715 nostro
1346 1657 1497 1717 voto
1541 1648 1698 1713 dare
1752 1647 1957 1712 nolit?
2049 1645 2126 1713 Si
2170 1645 2345 1731 quod
2383 1668 2534 1712 nos-

574 1748 830 1806 trarum
882 1737 1172 1821 partium
1227 1741 1369 1800 erat
1382 1785 1399 1814 ,
1452 1733 1735 1799 fideliter
1776 1754 1896 1798 nos
1954 1751 2097 1798 esse
2140 1739 2537 1815 exsequutos

578 1831 865 1903 constat,
921 1843 1006 1886 ne
1050 1820 1209 1904 quid
1259 1819 1539 1902 amplius
1594 1840 1635 1883 a
1674 1819 1861 1885 nobis
1914 1819 2259 1903 requirant
2302 1816 2535 1885 adver-

579 1911 765 1985 sarii,
828 1907 909 1973 de
953 1926 1258 1974 successu
1302 1908 1522 1971 minus
1560 1925 1873 1989 prospero
1917 1925 2070 1971 cum
2112 1903 2259 1969 Deo
2304 1924 2539 1986 expos-

578 1995 810 2061 tulent.
881 1992 1277 2075 Quanquam
1317 1991 1387 2056 id
1426 2012 1700 2075 quoque,
1737 1988 1911 2074 quod
1952 1989 2341 2068 obtendunt,
2386 1990 2538 2055 nul-

578 2081 721 2146 lum
760 2086 1021 2145 exstare
1071 2077 1406 2144 doctrinae
1458 2085 1723 2143 nostrae
1767 2077 2056 2143 fructum
2108 2075 2538 2142 falsissimum

579 2173 698 2233 est.
770 2164 1022 2231 Omitto
1065 2172 1377 2229 externae
1419 2161 1828 2229 idololatriae
1870 2162 2361 2240 correctionem,
2409 2168 2539 2226 tot·

577 2274 705 2337 000
748 2250 1287 2334 superstitionum
1324 2269 1401 2314 ao
1443 2270 1769 2314 errorum:
1816 2268 1982 2331 quae
2025 2269 2144 2331 pro
2172 2247 2384 2312 nihilo
2417 2246 2540 2311 du-

578 2337 787 2404 cenda
828 2357 962 2401 non
1008 2343 1126 2401 est.
1198 2332 1336 2401 Sed
1377 2357 1463 2400 an
1506 2334 1733 2400 nullus
1768 2340 1870 2400 est
1904 2334 2014 2401 hic
2046 2335 2318 2411 fructus,
2364 2330 2543 2415 quod

577 2423 770 2489 multi
816 2442 972 2488 vere
1014 2422 1107 2506 pii
1143 2421 1331 2487 nobis
1374 2428 1714 2504 acceptum
1750 2421 2064 2497 referunt,
2112 2417 2289 2503 quod
2318 2419 2542 2484 Deum

580 2531 744 2594 puro
807 2507 1078 2574 tandem
1144 2504 1341 2573 corde
1409 2506 1622 2573 colere
1688 2504 2078 2571 didicerint?
2147 2504 2319 2589 quod
2389 2525 2541 2570 eum

580 2595 919 2678 coeperint
960 2613 1199 2660 serena
1229 2592 1629 2658 conscientia
1658 2591 2009 2658 invocare?
2055 2590 2229 2674 quod
2265 2611 2349 2655 ex
2392 2610 2543 2672 per-

577 2681 801 2765 petuis
884 2678 1234 2744 tormentis
1301 2675 1559 2742 liberati
1625 2697 1865 2742 verum
1933 2676 2184 2742 Christi
2252 2685 2540 2760 gustum,

579 2767 654 2831 in
696 2784 828 2849 quo
873 2763 1388 2847 acquiescerent,
1441 2761 1894 2911 perceperint?
1987 2761 2181 2843 Quod
2228 2762 2284 2826 si
2343 2782 2543 2845 quae-

580 2858 818 2917 rantur
860 2849 1255 2915 documenta
1308 2868 1477 2930 0000
1518 2849 1590 2911 10
1684 2847 1975 2912 ominum
2030 2853 2384 2931 conspectu
2428 2868 2543 2930 ap-

581 2939 890 3020 pareant,
947 2954 1084 2999 non
1138 2933 1232 2997 ita
1283 2932 1636 2998 infeliciter
1687 2932 2022 2998 nobiscum
2078 2932 2326 3017 agitur,
2381 2934 2545 3016 quin

584 3020 894 3105 plurimis
951 3018 1219 3117 gloriari
1262 3017 1477 3084 liceat.
1566 3016 1789 3099 Quam
1844 3017 2067 3096 multi,
2126 3039 2332 3102 quum
2389 3027 2543 3084 ante

584 3106 1008 3189 corruptioris
1068 3104 1240 3171 vitae
1292 3105 1604 3182 fuissent,
1671 3104 1767 3168 ita
1829 3106 2278 3187 resipuerunt,
2343 3112 2419 3169 ut
2469 3105 2542 3168 in

582 3213 790 3257 novos
872 3190 1172 3255 homines
1249 3190 1637 3255 viderentur
1720 3190 2061 3256 conversi?
2168 3194 2316 3270 [pag.
2390 3192 2539 3270 101]

582 3277 803 3359 Quam
857 3275 1076 3354 multi,
1146 3296 1347 3359 quum
1414 3277 1592 3341 omni
1658 3275 2166 3361 reprehensione
2224 3276 2544 3342 caruisset

582 3384 808 3430 eorum
853 3369 1006 3427 ante
1043 3368 1188 3428 act-a
1220 3363 1377 3443 vita,
1421 3363 1554 3427 imo
1589 3383 1794 3445 quum
1828 3359 2233 3445 praeclaram
2277 3361 2544 3427 laudem

580 3448 937 3527 habuisset,
972 3447 1134 3513 adeo
1169 3458 1389 3512 tamen
1420 3468 1558 3513 non
1590 3454 2121 3527 retrocesserunt,
2165 3456 2243 3513 ut
2282 3446 2544 3513 abunde

583 3535 722 3600 vita
766 3555 883 3599 sua
937 3540 1293 3612 testentur,
1349 3554 1483 3598 non
1527 3554 1670 3599 esse
1726 3533 1950 3600 sterile
2003 3555 2126 3600 neo
2179 3534 2543 3599 infructuo-

587 3642 734 3686 sum
801 3627 1098 3685 nostrum
1157 3618 1650 3685 ministerium?
1742 3619 2113 3686 Traducere
2171 3640 2295 3685 nos
2348 3618 2542 3684 adeo-

583 3727 709 3790 que
771 3704 1063 3771 lacerare
1129 3706 1268 3770 suis
1322 3704 1668 3771 calumniis
1711 3705 1934 3771 hostes
1986 3706 2194 3771 nostri
2244 3712 2541 3789 possunt,

584 3791 758 3876 apud
813 3791 1152 3873 imperitos
1206 3791 1623 3874 praesertim:
1681 3789 1795 3856 sed
1840 3790 1963 3857 hoc
2007 3790 2197 3857 nobis
2240 3812 2371 3855 non
2414 3790 2542 3855 eri-

583 3878 787 3961 pient,
834 3877 994 3959 quin
1037 3874 1190 3958 plus
1235 3873 1409 3959 apud
1433 3897 1562 3951 000,
1610 3877 1722 3960 qui
1756 3874 2125 3943 doctrinam
2168 3885 2463 3941 nostram
2480 3879 2542 3960 ⁴²)

585 3971 742 4028 sunt
810 3960 1100 4044 amplexi
1114 4012 1129 4038 ,
1222 3963 1632 4027 innocentiae
1647 4013 1661 4040 ,
1742 3962 2146 4047 integritatis
2213 3983 2543 4046 veraeque

583 4048 1055 4115 sanctimoniae
1111 4048 1505 4130 reperiatur,
1564 4069 1760 4129 quam
1802 4049 1876 4112 in
1917 4049 1999 4114 iis
2052 4049 2385 4127 omnibus,
2432 4047 2545 4130 qui

583 4134 917 4199 habentur
984 4133 1163 4198 inter
1226 4154 1337 4198 000
1394 4132 1948 4198 excellentissimi.
2039 4133 2234 4215 90011
2302 4136 2358 4200 01
2426 4135 2542 4218 001

584 4229 755 4298 sunt,
816 4227 890 4283 ut
935 4218 1134 4285 nimis
1186 4219 1431 4284 multos
1474 4219 1761 4283 fatemur
1806 4240 1967 4300 esse,
2013 4221 2127 4304 qui
2171 4220 2253 4285 ad
2308 4220 2542 4285 laxan-

584 4305 702 4372 das
767 4306 1096 4389 nequitiae
1170 4325 1329 4371 suae
1394 4304 1685 4369 habenas
1760 4305 2102 4390 evangelio
2166 4307 2544 4385 abutantur,

587 4412 723 4457 non
797 4412 1050 4457 novum
1135 4389 1204 4455 id
1271 4390 1538 4475 quidem
1615 4397 1746 4456 est:
1835 4391 1949 4457 sed
1996 4389 2155 4474 quid
2225 4391 2310 4457 ad
2398 4411 2543 4472 nos,

587 4484 667 4539 ut
728 4478 872 4543 eius
939 4476 1204 4559 eulpam
1270 4477 1597 4544 sustinere
1674 4496 1796 4541 nos
1880 4477 2220 4561 oporteat?
2313 4475 2543 4543 801101·

590 4563 1006 4642 evangelium
1076 4564 1342 4628 unicam
1409 4583 1553 4628 0000
1619 4562 1787 4629 bene
1845 4571 2199 4646 sancteque
2265 4562 2544 4628 vivendi

591 4644 909 4727 regulam.
952 4645 1146 4727 90011
1192 4656 1417 4740 autem
1457 4670 1590 4713 non
1631 4669 1859 4716 omnes
1896 4650 2037 4749 regi
2073 4671 2144 4715 se
2180 4649 2542 4731 patiuntur,

589 4727 763 4812 quod
806 4731 1008 4827 etiam
1051 4733 1196 4812 alii,
1252 4735 1439 4818 quasi
1481 4734 1639 4818 iugo
1682 4735 1914 4815 soluti,
1956 4735 2229 4800 liberius
2271 4735 2545 4800 insoles-

590 4824 784 4890 cunt,
851 4836 919 4879 111
975 4837 1050 4879 00
1107 4820 1523 4901 agnoscimus
1575 4842 1809 4887 verum
1864 4841 2007 4887 0000
2060 4820 2236 4904 quod
2289 4820 2549 4887 dicebat

590 4897 893 4966 Simeon:
938 4898 1278 4967 Christum
1317 4905 1391 4969 in
1431 4904 1557 4971 hoc
1599 4909 1888 4990 positum
1923 4928 2086 4985 esse,
2127 4917 2204 4971 ut
2244 4907 2547 4972 revelen-

587 4994 704 5051 tur
745 5006 829 5050 ex
871 4984 1099 5050 multis
1141 4988 1443 5055 cordibus
1483 4993 1906 5074 cogitationes
1949 4992 2142 5075 (Luc.
2188 4996 2241 5071 1,
2280 4994 2411 5076 33).
2470 4990 2547 5058 81

591 5070 918 5155 evangelii
972 5071 1188 5137 lucem
1243 5074 1390 5139 ideo
1437 5076 1818 5156 accendere,
1876 5086 1953 5142 ut
2008 5078 2264 5144 occulta
2314 5079 2549 5162 impio·

727 5258 787 5326 1)
818 5261 1120 5330 profecisse
1144 5259 1242 5330 (?).
1355 5260 1418 5328 2)
1455 5267 1697 5316 nostram
1731 5262 1877 5318 deest
1908 5263 2065 5332 apud
2100 5264 2303 5319 Bezam
2336 5270 2387 5319 et
2406 5280 2550 5336 seqq.

2187 345 2317 411 DE
2361 341 3002 411 NECESSITATE

788 795 956 876 91110
998 795 1261 859 futurus
1305 792 1396 858 sit
1436 812 1803 873 successus,
1848 792 2209 876 inquirere,
2253 812 2386 855 non
2431 790 2566 855 est'

4479 345 4604 407 512

2635 552 2787 597 rum
2830 530 3123 614 nequitia
3136 533 3150 546 ‘
3167 529 3539 614 detegatur,
3587 528 3733 596 Deo
3772 530 3989 614 placet
4002 582 4017 609 ,
4071 529 4228 597 inde
4273 531 4605 616 evangelii

2636 618 2959 682 ministris
3022 637 3377 699 eorumque
3440 615 3913 698 praedicationi
3977 618 4231 683 crimen
4295 618 4601 697 conflare,

2635 710 2971 769 extremae
3026 701 3472 785 impudentiae
3528 710 3596 767 et
3660 702 3951 768 malitiae
4017 710 4137 767 est.
4228 703 4376 787 Ego
4442 724 4605 768 vero

2637 788 2892 853 nullam
2943 788 3075 853 illis
3128 788 3442 852 iniuriam
3498 788 3791 853 facturus
3846 789 4001 868 sim,
4058 788 4117 853 si
4171 787 4298 853 hoc
4351 787 4435 852 (10
4476 810 4604 872 000

2637 873 2955 941 invidiam
2986 874 3273 940 conflare
3304 872 3493 938 uobis
3525 881 3869 952 conantur,
3914 874 3985 938 in
4022 895 4132 939 000
4164 881 4601 956 retorqueam.

2635 959 2831 1027 Unde
2876 960 3052 1024 enim
3094 958 3479 1025 lasciviendi
3523 957 3863 1025 audaciam
3906 959 4241 1043 arripiunt
4272 959 4407 1024 Dei
4449 981 4605 1026 con-

2637 1052 3022 1128 temptores,
3081 1045 3209 1109 nisi
3257 1042 3463 1127 quod,
3521 1044 3597 1107 in
3638 1045 3857 1110 medio
3903 1042 4389 1111 dissensionum
4431 1053 4604 1110 stre-

2636 1131 2813 1214 pitu,
2881 1131 3101 1195 omnia
3165 1130 3289 1195 sibi
3353 1129 3557 1195 licere
3621 1130 3901 1214 putant?
3992 1129 4209 1197 Suum
4264 1151 4422 1215 ergo
4479 1131 4606 1198 hoc

2637 1237 2779 1282 esse
2821 1221 2969 1297 [pag.
3013 1220 3156 1293 102]
3196 1216 3447 1286 crimen
3482 1223 3862 1298 agnoscant,
3908 1216 4082 1300 quod
4113 1217 4418 1283 veritatis
4454 1238 4605 1281 cur-

2635 1324 2786 1367 sum
2828 1301 3234 1377 remorand0,
3276 1301 3739 1383 impunitatem
3782 1301 3973 1367 alunt
4011 1302 4485 1388 improborum.

2810 1387 3007 1470 Quod
3063 1386 3416 1470 disciplina
3466 1395 3534 1452 et
3586 1386 3874 1472 legibus,
3942 1408 4110 1471 quae
4166 1391 4487 1473 populum
4528 1392 4608 1455 in

2638 1473 2868 1540 ordine
2924 1474 3333 1549 cont-ineant,
3389 1492 3611 1538 carere
3655 1494 3775 1538 nos
3815 1474 4047 1551 aiunt,
4103 1474 4185 1539 ad
4231 1496 4383 1540 eam
4426 1476 4608 1541 vitu-

2638 1560 3046 1642 perationem
3092 1559 3335 1641 duplex
3392 1558 3583 1624 nobis
3625 1559 3698 1624 in
3739 1566 4052 1644 promptu
4096 1570 4197 1625 est
4238 1563 4605 1644 responsio.

2639 1643 2717 1711 81
2772 1643 3069 1709 ordinem
3125 1645 3252 1709 rite
3310 1643 3487 1727 apud
3541 1665 3661 1710 nos
3705 1646 4133 1710 constitutum
4177 1644 4438 1726 dixero,
4495 1670 4608 1714 re-

2637 1730 2869 1795 fellent
2910 1751 3016 1794 me
3061 1730 3477 1813 quotidianae
3522 1735 3899 1795 nostrorum
3956 1731 4299 1797 hominum
4346 1735 4611 1800 concio-

2638 1838 2778 1895 nes,
2824 1816 3064 1899 quibus
3109 1814 3522 1900 disciplinam
3558 1816 3771 1882 iacere
3815 1815 4032 1881 adhuc
4075 1838 4157 1882 ne
4205 1816 4449 1888 lectam
4492 1819 4609 1887 de-

2638 1901 2921 1986 plorant.
3008 1902 3156 1985 Ego
3201 1922 3375 1980 ver0,
3422 1902 3591 1967 sicut
3633 1923 3754 1968 nos
3786 1902 3915 1967 isto
3952 1900 4120 1968 bono
4207 1905 4437 1971 estitui
4470 1927 4611 1974 non

2640 1988 2917 2068 infitior,
2960 1988 3057 2052 ita
3098 2009 3217 2070 per
3253 2009 3414 2071 quos
3457 1987 3712 2053 steterit
3751 1988 4088 2066 hactenus,
4131 1997 4202 2055 et
4234 2011 4417 2057 nunc
4453 2000 4610 2075 stet,

2643 2074 2992 2157 quominus
3048 2094 3124 2138 00
3181 2074 3480 2138 fruamur
3494 2124 3510 2151 ,
3566 2072 4053 2156 respiciendum
4108 2095 4252 2141 esso
4296 2075 4475 2156 dico,
4530 2089 4612 2145 ut

2645 2160 2752 2226 his
2797 2159 2991 2245 culpa
3032 2160 3418 2242 imputetur.
3507 2159 3770 2243 Negent
3813 2159 4038 2226 hostes
4076 2162 4307 2240 nostri,
4355 2163 4414 2227 si
4457 2185 4610 2248 pos·

2645 2253 2826 2324 sunt,
2888 2247 3110 2310 omnia
3147 2266 3217 2311 se
3260 2245 3652 2323 machinari,
3710 2266 3837 2328 quo
3880 2267 4018 2310 non
4068 2246 4265 2311 modo
4308 2247 4613 2316 laborem

2644 2332 2715 2397 in
2772 2329 3136 2414 formandis
3189 2329 3698 2414 ordinandisque
3753 2330 4041 2398 ecclesiis
4114 2339 4423 2400 nostrum
4478 2337 4611 2401 im-

2644 2416 2933 2501 pediant,
2980 2416 3097 2483 sed
3140 2437 3269 2499 quo
3315 2415 3638 2499 dissipent
3679 2417 3877 2483 etiam
3934 2439 4011 2484 ao
4053 2425 4365 2485 evertant
4462 2422 4615 2487 uid-

2645 2501 2806 2586 quid
2847 2523 2966 2586 per
3009 2524 3130 2569 000
3170 2502 3557 2569 inchoatum
3595 2503 3810 2569 fuerit.
3885 2501 4133 2569 Sedulo
4177 2526 4301 2573 000
4344 2507 4616 2591 00111010

2646 2591 2719 2655 10
2763 2589 3071 2656 ecclesiae
3115 2589 3565 2655 aedificatione
3599 2588 4026 2655 elaboramus.
4084 2591 4269 2656 Dum
4303 2593 4377 2657 in
4413 2613 4617 2677 opere

2648 2697 2878 2741 sumus
2936 2675 3263 2759 occupati,
3314 2674 3413 2740 illi
3469 2673 3554 2739 ad
3598 2673 3926 2740 turbanda
3967 2672 4295 2760 principia
4334 2679 4619 2746 infestos

2649 2784 2719 2827 se
2764 2760 3045 2828 subinde
3088 2761 3431 2845 ingerunt,
3477 2781 3601 2826 nec
3644 2760 3849 2826 ullam
3893 2760 4083 2827 nobis
4126 2762 4619 2831 relaxationem

2645 2848 3063 2931 permittunt,
3107 2855 3186 2912 ut
3226 2866 3614 2930 componere
3657 2846 4090 2912 domesticum
4125 2848 4432 2914 ecclesiae
4465 2861 4621 2917 sta-

2647 2941 2795 2998 tum
2847 2933 3056 2999 liceat.
3145 2933 3390 2998 Postea
3434 2932 3959 3016 dissipationem,
4006 2934 4186 3001 cuius
4227 2934 4353 3016 ip&
4398 2956 4622 3003 causa

2646 3028 2836 3099 sunt,
2894 3019 3117 3103 probri
3171 3017 3312 3083 loco
3376 3018 3564 3084 nobis
3631 3020 3978 3085 obiectant.
4080 3018 4422 3100 Quaenam
4474 3022 4623 3090 ista

2647 3113 2748 3171 est
2781 3105 3176 3189 ingenuitas,
3219 3103 3409 3168 nobis
3447 3105 3826 3170 continuam
3862 3103 4173 3171 exhibere
4200 3106 4619 3174 molestiam:

2647 3190 2883 3257 deinde
2936 3191 3234 3257 criminis
3290 3189 3432 3255 loco
3477 3189 3745 3268 ducere,
3799 3189 3974 3274 quod
4025 3212 4147 3274 per
4188 3212 4338 3257 eam
4375 3214 4615 3261 omnes

2646 3277 2954 3344 ecclesiae
2997 3284 3220 3360 partes
3263 3276 3662 3342 constituere
3704 3298 3840 3341 non
3873 3276 4105 3343 vacet?
4192 3275 4393 3359 Quod
4431 3280 4615 3345 mul-

2646 3371 2792 3428 tum
2835 3362 3052 3429 adhuc
3109 3360 3294 3427 dees't
3333 3360 3415 3426 ad
3459 3363 3955 3444 perfectionem,
4008 3362 4197 3429 Deus
4240 3364 4615 3449 gemituum

2646 3457 3038 3526 nostrorum,
3064 3447 3365 3512 homines
3400 3447 3817 3530 querelarum
3847 3455 4050 3514 testes
4075 3455 4253 3515 sunt.
4312 3452 4409 3517 At
4440 3472 4614 3517 non-

2647 3534 2859 3614 nulla,
2919 3554 3087 3618 quae
3131 3531 3213 3598 ad
3258 3531 3674 3616 disciplinam
3717 3534 4167 3617 pertinebant,
4210 3535 4355 3601 1000
4396 3538 4611 3602 movi·

2645 3642 2815 3686 mus.
2904 3620 3159 3702 Nempe
3203 3618 3753 3702 quemadmodum
3799 3621 4013 3687 facere
4047 3620 4281 3700 solent,
4371 3625 4443 3688 ui
4478 3623 4612 3689 col-

2647 3706 2908 3790 lapsum
2951 3710 3098 3785 [pag.
3144 3709 3291 3784 103]
3334 3704 3705 3771 aedificium
3747 3727 4060 3790 reparare
4102 3727 4312 3807 aggre
4364 3710 4613 3790 untur,

2647 3802 2725 3858 ut
2766 3800 3077 3876 congesta
3126 3791 3199 3855 in
3254 3809 3569 3855 acervum
3620 3799 3688 3856 et
3729 3793 3998 3858 confusa
4038 3813 4387 3859 ruinarum
4428 3796 4615 3881 frag-

2648 3886 2871 3943 menta
2924 3876 3281 3942 extrahant
3334 3897 3410 3942 ac
3466 3876 3805 3965 colligant,
3859 3877 4148 3960 aptanda
4206 3888 4437 3964 postea
4486 3903 4617 3949 suo

2647 3964 2813 4030 loco:
2859 3963 2955 4028 ita
2997 3961 3184 4028 nobis
3227 3962 3440 4029 iacere
3484 3983 3751 4029 necesse
3794 3965 3937 4028 fuit.
4000 3963 4173 4029 Nam
4222 3967 4282 4032 si
4324 3966 4475 4050 quid
4513 3988 4621 4033 ex

2651 4050 2857 4115 veteri
2902 4047 3249 4133 disciplina
3293 4048 3640 4130 superfuit,
3700 4049 3773 4114 in
3818 4058 4006 4115 tanta
4049 4051 4357 4117 ecclesiae
4399 4055 4626 4118 vasti-

2648 4144 2801 4213 tate,
2848 4135 2943 4200 ita
2986 4135 3059 4198 in
3102 4132 3380 4198 deformi
3420 4135 3766 4200 ruinarum
3814 4156 4053 4220 aggere
4095 4139 4503 4219 permixtum
4538 4148 4630 4205 et

2648 4223 3010 4305 proiectum
3051 4220 3398 4303 pristinam
3437 4221 3671 4286 faciem
3714 4223 4052 4300 amiserat,
4098 4229 4178 4287 ut
4219 4224 4483 4289 nullum
4524 4225 4633 4292 ad

2649 4329 2878 4384 usum,
2934 4307 3064 4371 nisi
3117 4306 3303 4389 prius
3347 4313 3715 4371 extractum
3765 4327 3848 4372 ex
3891 4307 4008 4374 illa
4050 4309 4454 4390 confusione,
4503 4331 4637 4379 ao—

2645 4392 3045 4460 commodari
3085 4398 3326 4475 posset.

2820 4478 3095 4545 Utinam
3141 4485 3362 4542 autem
3407 4498 3525 4543 suo
3582 4477 3818 4543 saltem
3862 4479 4165 4577 exemplo
4203 4499 4325 4544 1100
4362 4499 4647 4561 provo-

2650 4572 2894 4630 carent.
2986 4563 3123 4630 8011
3174 4561 3375 4646 quid?
3465 4563 3903 4646 Disciplinam
3961 4585 4074 4648 qm
4129 4563 4377 4630 nullam
4423 4570 4651 4650 apud

2649 4670 2773 4716 nos
2832 4671 2975 4715 esse
3039 4650 3409 4728 clamitant,
3476 4650 3602 4732 ipsi
3657 4670 3855 4732 quam
3917 4650 4205 4716 habent?
4297 4651 4409 4716 An
4473 4676 4651 4723 non

2648 4743 3032 4820 praestaret,
3076 4735 3317 4801 vitium
3361 4755 3556 4799 suum
3599 4756 3952 4820 agnoscere
3988 4738 4166 4819 ipsos
4201 4757 4428 4803 coram
4464 4737 4653 4810 Deo

2650 4822 2990 4888 nobiseum
3008 4873 3023 4900 ,
3081 4829 3149 4886 et
3202 4821 3391 4887 fateri
3409 4872 3426 4898 ,
3487 4841 3685 4904 quam
3739 4822 3928 4888 nobis
3981 4824 4384 4904 exprobrare
4439 4829 4661 4908 quod.

2653 4929 2806 4973 mox
2849 4909 2921 4972 in
2965 4928 3084 4974 sua
3126 4906 3341 4989 capita
3392 4906 3890 4990 retorqueatur?
3978 4908 4171 4973 Duae
4216 4915 4377 4974 sunt
4416 4908 4661 4981 111εοί-
4746 4911 4755 4918 ’

2651 4993 2871 5077 plinae
2911 5001 3154 5077 partes.
3219 4992 3375 5058 Una
3416 4993 3595 5057 enim
3638 4992 3720 5058 ad
3758 4991 4029 5070 clerum,
4066 4992 4283 5060 altera
4319 5015 4499 5061 vero
4556 5003 4663 5069 ad

2651 5078 2911 5162 plebem
2953 5078 3259 5163 pertinet.
3348 5077 3534 5144 Scire
3575 5098 3752 5144 nunc
3795 5077 4024 5158 velim,
4081 5099 4215 5161 qua
4256 5083 4666 5156 severitate

2654 5165 2905 5232 clerum
2959 5186 3153 5231 suum
3197 5165 3270 5228 in
3324 5163 3622 5230 honestis
3675 5164 3997 5247 cast-isqne
4049 5164 4349 5232 moribus
4400 5176 4664 5242 conti-

2653 5257 2874 5316 neant.
2961 5250 3307 5315 Puriorem
3347 5249 3533 5314 illam
3576 5257 3642 5315 et
3683 5249 3895 5335 magis
3935 5251 4336 5334 exquisitam
4369 5263 4669 5327 sancti-
