4967 5992
442 379 563 441 139

433 565 927 643 entendement,
982 562 1192 645 lequel
1259 567 1359 627 est
1415 561 1496 626 de
1553 581 1922 645 soymesme
1977 561 2279 647 aveugle,
2340 568 2383 628 a

415 674 513 719 -ce
556 652 708 736 qu’il
751 650 973 733 puisse
1014 646 1441 730 comprendi-e
1482 647 1550 711 la
1593 646 1883 712 doctrine
1926 649 2039 730 qui
2079 668 2187 712 me
2232 670 2383 714 sera

438 737 718 803 donnee:
777 735 1051 801 vueilles
1104 735 1470 798 confermer
1525 753 1636 797 ma
1686 734 1999 798 memoire
2017 785 2031 811 ,
2098 755 2264 816 pour
2316 734 2382 799 la

436 823 591 889 bien
629 822 905 887 retenir:
962 819 1233 886 vueilles
1291 819 1583 901 disposer
1638 840 1795 882 mon
1839 840 2041 885 cucur
2083 827 2125 885 8
2167 820 2236 884 18
2277 841 2381 885 re-

435 910 655 974 cevoir
697 907 1082 983 voluntiers,
1128 914 1195 970 et
1237 926 1398 970 avec
1439 903 1534 969 tel
1578 904 1753 970 desir
1787 905 1945 987 qu’il
1980 906 2379 988 appartient:

434 996 572 1060 afin
616 1016 741 1078 que
784 1015 907 1077 par
952 1012 1106 1056 mon
1149 990 1570 1075 ingratitudo,
1614 990 1959 1056 l'occasion
2003 1013 2131 1074 que
2170 998 2241 1055 tu
2275 1012 2382 1056 me

434 1087 774 1166 presentes
827 1101 911 1144 ne
962 1079 1227 1160 perisse.
1327 1077 1508 1141 Pour
1562 1098 1635 1142 ce
1692 1077 1881 1155 faire,
1952 1076 2224 1141 vueilles
2281 1099 2382 1142 es-

435 1164 688 1252 pandre
721 1187 837 1230 sur
879 1186 1033 1248 moy
1079 1173 1193 1227 ton
1240 1164 1451 1227 sainct
1489 1162 1734 1245 Esprit,
1772 1162 2043 1244 l’Esprit
2077 1162 2259 1247 dy-ie
2303 1161 2383 1228 de

437 1261 622 1318 toute
685 1251 1127 1334 intelligenco,
1183 1250 1421 1325 verite,
1477 1249 1841 1331 ingement,
1898 1247 2259 1330 prudence‚
2318 1255 2385 1312 et

438 1338 763 1405 doctrine:
811 1336 1025 1420 lequel
1069 1356 1175 1399 me
1217 1333 1420 1399 rende
1465 1333 1732 1417 capable
1775 1332 2051 1422 desbien
2089 1335 2382 1416 profiter:

439 1427 574 1489 afin
619 1446 746 1507 que
790 1422 854 1488 la
897 1424 1087 1506 peine
1123 1421 1317 1503 qu'on
1361 1419 1650 1502 prendra
1705 1427 1746 1483 a
1789 1420 2254 1503 m’enseigner‚
2304 1441 2386 1484 ne

439 1513 568 1576 soit
608 1510 873 1594 perduc.
972 1508 1066 1572 Et
1104 1513 1146 1571 8
1189 1505 1465 1589 quelque
1510 1502 1737 1569 estude
1791 1527 1916 1587 que
1971 1506 2034 1570 ie
2088 1505 2384 1588 m’appli·

439 1619 586 1680 que,
640 1597 750 1680 fay
805 1615 932 1677 que
986 1593 1048 1656 18
1112 1592 1179 1656 18
1233 1589 1491 1656 reduise
1562 1598 1603 1654 a
1654 1590 1722 1655 18
1778 1611 1983 1675 vraye
2049 1592 2170 1655 fin:
2232 1596 2389 1656 c'est

440 1683 522 1747 de
557 1693 624 1746 10
660 1680 1078 1762 congnoistre
1112 1698 1198 1741 en
1231 1688 1452 1741 nostre
1489 1675 1815 1760 Seigneur
1838 1675 2109 1742 IESUS
2140 1676 2385 1753 Christ,

438 1790 604 1852 pour
670 1767 852 1830 avoir
915 1763 1134 1847 pleine
1201 1764 1406 1828 fiance
1461 1762 1541 1826 de
1617 1762 1794 1827 salut
1857 1771 1923 1827 et
1988 1764 2092 1827 vie
2164 1783 2247 1826 en
2319 1771 2388 1826 ta

441 1875 654 1938 grace,
684 1855 732 1935 ¹)
814 1857 881 1915 81
951 1857 1017 1914 18
1100 1849 1311 1914 servir
1388 1848 1820 1913 droictement
1897 1856 1966 1913 et
2019 1856 2385 1933 purement‚

440 1940 626 2004 selon
684 1946 801 2001 ton
855 1934 1106 2019 plaisir:
1168 1932 1506 1999 tellement
1557 1930 1682 2016 que
1735 1941 1879 1998 tout
1934 1956 2006 1999 08
2049 1955 2174 2016 que
2227 1936 2387 2017 i’ap-

439 2023 803 2108 prendray,
861 2021 988 2085 soit
1026 2041 1275 2086 comme
1319 2019 1721 2084 instrument
1762 2040 1930 2102 pour
1972 2040 2080 2084 me
2123 2017 2304 2084 aider
2348 2028 2389 2084 a

440 2110 598 2176 cela.
711 2109 800 2172 Et
851 2107 1001 2191 puis
1060 2128 1184 2189 que
1240 2115 1310 2168 tu
1367 2115 1655 2188 promets
1709 2103 1789 2169 de
1831 2106 2084 2170 donner
2126 2126 2389 2189 sagcsse

442 2218 574 2261 aux
617 2196 785 2278 petis
826 2203 891 2258 et
935 2214 1066 2256 aux
1103 2190 1435 2267 humbles,
1481 2200 1549 2255 et
1583 2190 1938 2256 confondre
1974 2191 2068 2256 les
2104 2190 2387 2275 orgueil·

440 2282 595 2347 leux
638 2303 721 2345 en
763 2279 829 2344 la
872 2279 1094 2343 vanite
1139 2277 1218 2342 de
1261 2277 1409 2341 leur
1450 2297 1632 2342 sens:
1699 2277 2156 2359 pareillement
2200 2278 2279 2342 de
2322 2285 2388 2341 18

440 2367 821 2432 manifestor
876 2371 918 2429 8
972 2386 1137 2429 ceux
1191 2363 1301 2445 qui
1358 2374 1583 2427 serent
1626 2361 1706 2427 de
1764 2383 1965 2427 cueur
2008 2363 2243 2428 droict:
2304 2385 2390 2427 au

440 2454 784 2530 contraire,
832 2450 1144 2534 aveugler
1186 2450 1284 2514 les
1328 2448 1613 2532 malings
1657 2457 1723 2513 et
1763 2468 2066 2532 pervers:
2113 2448 2388 2513 vueilles

438 2561 597 2624 moy
653 2558 891 2621 renger
942 2542 985 2602 a
1037 2555 1241 2619 vraye
1295 2534 1628 2612 humilite,
1687 2554 1805 2615 par
1859 2533 2140 2615 laquelle
2180 2535 2244 2598 ie
2282 2555 2390 2597 me

438 2624 640 2691 rende
684 2622 893 2689 docile
937 2629 1004 2686 et
1045 2621 1403 2685 obeissant:
1462 2620 1967 2701 premierement
2010 2627 2052 2685 8
2096 2629 2242 2704 toy,
2288 2640 2389 2684 se-

438 2711 833 2778 condement
895 2715 938 2772 a
998 2727 1138 2771 mes
1204 2705 1610 2787 superieurs,
1667 2726 1793 2786 que
1850 2714 1926 2769 tu
1990 2726 2063 2770 as
2117 2707 2390 2771 commis

437 2819 603 2881 pour
655 2815 763 2858 me
817 2794 995 2876 regii·
1048 2797 1118 2857 et
1170 2791 1531 2873 enseigner.
1643 2789 2055 2874 Davantage,
2117 2791 2391 2856 vueilles

440 2882 734 2966 disposer
775 2899 932 2943 mon
973 2897 1179 2941 cueur
1221 2884 1262 2940 a
1305 2883 1370 2940 te
1414 2876 1729 2941 chercher
1772 2896 1926 2941 8888
1970 2877 2243 2955 feintise,
2288 2898 2392 2942 re·

440 2972 737 3050 11080881
778 2971 820 3029 a
858 2971 1040 3028 toute
1075 2959 1375 3028 affection
1412 2960 1746 3027 charnelle
1781 2971 1850 3026 et
1882 2963 2232 3028 mauvaise.
2301 2963 2393 3028 Et

440 3057 638 3136 qu’en
681 3050 834 3115 telle
876 3057 1049 3114 sorte
1093 3048 1154 3112 ie
1196 3069 1305 3112 me
1347 3068 1621 3130 prepare
1664 3049 2077 3113 maintenant
2120 3070 2284 3132 pour
2325 3057 2390 3114 te

441 3138 655 3203 servir
696 3157 828 3202 une
882 3134 1006 3199 fois
1049 3155 1134 3199 en
1190 3135 1410 3199 l’estat
1462 3142 1531 3198 et
1571 3135 1872 3200 vocation
1913 3134 2192 3217 laquelle
2233 3134 2283 3200 il
2326 3143 2391 3200 te

439 3223 649 3308 plaira
691 3221 1134 3299 m’ordonner,
1179 3219 1404 3303 quand
1445 3220 1508 3284 ie
1551 3241 1746 3305 seray
1786 3241 1967 3285 venu
2010 3242 2093 3286 en
2136 3242 2312 3305 eage.
2330 3222 2389 3307 ²)

1090 3391 1195 3447 DU
1229 3389 1519 3445 PSALME
1555 3391 1726 3445 XXV.

613 3514 713 3578 Le
763 3511 1092 3598 Seigneur
1135 3511 1379 3578 revelle
1435 3534 1540 3578 ses
1585 3518 1830 3578 secrete
1875 3519 1917 3576 a
1961 3533 2128 3578 ceux
2172 3513 2283 3595 qui
2326 3512 2391 3578 le

438 3601 812 3684 craignent:
859 3606 927 3664 et
969 3598 1114 3665 leur
1147 3599 1267 3663 fait
1308 3598 1722 3683 congnoistre
1766 3619 1884 3663 son
1928 3597 2224 3663 alliance.

440 3785 857 3855 ORAJSON
876 3791 933 3871 3)
968 3786 1225 3853 POUR
1248 3785 1481 3851 DIRE
1506 3784 1889 3851 DEVANT
1913 3786 2037 3851 LE
2065 3784 2392 3852 REPAS.

1117 3938 1219 3994 Do
1252 3938 1544 3994 PsALME
1581 3939 1715 3995 ow.

613 4062 860 4126 Toutes
913 4060 1141 4126 choses
1196 4058 1541 4123 attendent
1595 4080 1787 4143 apres
1840 4067 1987 4143 toy,
2043 4058 2392 4144 Seigneur,

440 4155 512 4216 et
553 4157 627 4213 tu
673 4147 821 4211 leur
866 4145 1114 4211 donnes
1158 4144 1397 4209 viando
1441 4166 1525 4209 en
1570 4144 1713 4210 leur
1756 4153 1984 4227 temps.

617 4231 861 4313 Quand
906 4241 980 4297 tu
1025 4232 1168 4296 leur
1213 4230 1490 4309 donnes,
1535 4230 1692 4295 elles
1750 4231 1815 4295 la
1868 4230 2279 4296 recueillent:
2328 4239 2396 4295 et

439 4319 665 4403 quand
723 4327 796 4383 tu
853 4339 1090 4383 ouvres
1138 4326 1208 4381 ta
1265 4317 1474 4395 main,
1514 4316 1672 4382 elles
1730 4325 1880 4382 sont
1926 4318 2277 4382 rassasiees
2313 4316 2393 4382 de

439 4405 647 4470 biens.

618 4573 949 4658 Scigneur
984 4574 1219 4657 auquel
1258 4575 1390 4658 gist
1424 4573 1488 4638 la
1521 4572 1861 4656 plenitude
1897 4574 1977 4639 de
2004 4579 2153 4638 tous
2188 4572 2391 4653 biens,

438 4661 723 4731 vueilles
778 4659 1081 4726 estendre
1139 4671 1210 4728 ta
1266 4660 1679 4726 benediction
1733 4680 1848 4725 sus
1901 4680 2070 4724 nous
2124 4667 2226 4724 tes
2279 4679 2392 4741 po-

590 4907 622 4936 0

754 5018 812 5080 1)
851 5036 915 5072 en
953 5027 1013 5073 ta
1047 5020 1194 5073 seule
1231 5033 1392 5084 grace
1429 5015 1580 5071 1561.

443 5099 628 5144 nostre
649 5088 905 5155 Seigneur
928 5087 1081 5141 lesus
1111 5088 1304 5152 Christ,
1341 5091 1525 5140 Amen.

1736 373 1861 439 LE
1906 370 2510 441 oArsofflsmi
2558 373 2682 439 DE
2729 373 3132 474 amaya.

4320 380 4442 462 ⁸140

2434 563 2440 576 '
2482 567 2620 625 tate
2664 561 2906 645 alioqui
2948 560 3222 639 laborat,
3267 560 3689 641 illustrando,
3736 563 3933 628 simul
3977 563 4160 630 effice
4174 616 4190 643 ,
4238 571 4316 630 ut
4357 564 4445 631 ad

2482 647 2970 731 percipiendam
3034 647 3400 713 doctrinam
3475 649 3601 712 sim
3678 648 3979 715 idoneus:
4056 651 4443 715 memoriam

2484 753 2699 797 meam
2726 734 3058 810 confirma,
3094 740 3171 797 ut
3201 733 3371 817 quod
3398 732 3701 813 didicero,
3742 735 4025 801 fideliter
4068 735 4364 801 haereat:
4384 738 4443 821 ⁴)

2486 839 2601 883 cor
2663 818 2945 901 denique
3015 840 3234 883 meum
3292 819 3621 902 guberna,
3693 836 3764 883 ut
3818 821 3902 886 ad
3967 821 4443 905 proficiendum

2486 903 2902 969 voluntarius
2960 912 3156 987 atque
3212 907 3410 969 etiam
3468 905 3700 970 avidus
3746 907 4081 987 accedam,
4139 928 4227 971 ne
4272 907 4442 972 mihi

2485 988 2666 1068 haec,
2708 1009 2905 1072 quam
2948 999 3023 1053 18
3068 1012 3244 1055 8880
3278 990 3595 1069 00808ἀ18,
3640 993 3933 1069 18081188,
3979 1014 4127 1057 1888
4173 993 4444 1077 ignavia

2485 1083 2725 1158 pereat.
2838 1075 3126 1140 Proinde
3192 1076 3499 1159 spiritum
3562 1077 3632 1141 in
3709 1098 3817 1142 me
3883 1088 4074 1142 tuum
4140 1078 4438 1144 infunde:

2485 1161 2817 1243 spiritum,
2873 1162 3178 1243 inquam,
3236 1162 3743 1246 intelligentiae.
3814 1164 4140 1241 veritatis,
4195 1164 4440 1245 iudicii,

2489 1267 2564 1312 ac
2607 1246 3026 1329 prudentiae:
3085 1269 3170 1312 ne
3224 1268 3524 1313 successu
3584 1249 3875 1314 studium
3933 1271 4152 1314 meum
4203 1259 4440 1329 careat,

2490 1339 2557 1396 et
2598 1333 2826 1396 irritus
2870 1334 2953 1397 sit
2998 1353 3157 1416 erga
3199 1355 3307 1398 me
3349 1335 3648 1417 magistri
3693 1334 3892 1399 labor.
3982 1336 4191 1400 Porro
4238 1335 4444 1419 quod-

2489 1438 2747 1500 cunque
2803 1416 3003 1483 studii
3039 1421 3675 1502 genussuscipiam,
3721 1422 3824 1485 fac
3869 1431 3941 1484 ut
3974 1421 4140 1486 illud
4186 1423 4255 1485 in
4302 1443 4446 1488 rec-

2490 1511 2635 1567 tum
2690 1505 2889 1568 finem
2954 1502 3284 1570 destinare
3354 1509 3740 1571 meminero:
3810 1527 4047 1589 nempe
4102 1515 4179 1572 ut
4242 1509 4443 1572 18111

2491 1588 2759 1654 Christo
2803 1590 2935 1654 filio
2971 1598 3085 1654 tuo
3137 1611 3539 1674 cognoscam.
3561 1596 3619 1674 ὃ)
3720 1595 3938 1675 Atque
3983 1594 4078 1657 ita
4120 1592 4443 1676 quidquid

2491 1673 2854 1753 addiscam,
2910 1677 3075 1739 mihi
3119 1677 3204 1741 811
3249 1675 3332 1740 ad
3379 1689 3625 1741 rectam
3668 1679 3932 1759 pietatis
3976 1679 4277 1761 regulam
4320 1678 4437 1743 ad·

2489 1761 2819 1826 miniculo.
2911 1760 3018 1826 Ad
3072 1762 3233 1826 haec
3274 1763 3534 1844 quando
3591 1764 3896 1845 parvulos
3939 1773 4008 1828 et
4064 1764 4363 1843 humiles,
4382 1765 4443 1848 ⁶)

2492 1848 2841 1929 sapientia,
2888 1859 3096 1911 rectos
3140 1847 3364 1924 corde,
3408 1849 3640 1913 notitia
3694 1851 3789 1913 tui
3844 1849 4334 1916 illustraturum
4375 1858 4443 1915 te

2492 1933 2850 2014 promittis:
2921 1933 3233 2017 superbos
3292 1955 3444 1998 vero
3500 1946 3566 1999 et
3637 1934 3970 2018 improbos
4036 1934 4445 2001 deiecturum

2492 2027 2559 2082 te
2604 2018 2981 2097 denuncias,
3043 2029 3117 2083 ut
3155 2020 3225 2083 in
3268 2042 3465 2084 sensu
3521 2042 3638 2086 suo
3681 2028 4111 2086 evanescant:
4171 2027 4323 2105 peto
4365 2028 4444 2086 ut

2491 2124 2600 2168 me
2657 2104 2741 2169 ad
2796 2125 3020 2169 veram
3077 2105 3519 2170 humilitatem
3572 2108 3854 2171 formare
3910 2107 4101 2187 velis,
4155 2129 4285 2191 qua
4334 2126 4443 2171 me

2492 2188 2610 2254 tibi
2662 2191 2981 2274 primum,
3051 2190 3286 2255 deinde
3341 2194 3541 2257 etiam
3583 2192 3665 2256 iis
3711 2194 3820 2275 qui
3878 2193 4043 2257 mihi
4085 2202 4202 2258 188
4257 2201 4444 2258 auto·

2491 2277 2688 2340 ritate
2733 2285 3070 2358 praesunt,
3117 2277 3389 2343 docilem
3434 2286 3502 2342 et
3542 2278 4005 2360 obsequentem
4065 2279 4439 2344 exhibeam:

2495 2361 2694 2425 simul
2737 2369 2814 2425 81
2870 2362 3046 2427 cordi
3104 2383 3276 2439 meo,
3336 2364 3579 2430 evulsis
3623 2364 3778 2428 inde
3826 2364 4076 2429 vitiosis
4119 2364 4442 2447 cupidita-

2497 2448 2689 2524 tibus,
2736 2448 2980 2512 serinm
3024 2447 3379 2530 quaerendi
3424 2452 3521 2515 tui
3575 2449 3970 2515 desiderium
4017 2450 4362 2532 insculpas.
4388 2451 4446 2530 ⁷)

2497 2532 2628 2597 Hic
2674 2532 2953 2615 denique
3006 2534 3170 2597 mihi
3217 2556 3391 2600 8888
3422 2536 3523 2600 sit
3564 2538 3934 2619 propositus
3976 2536 4156 2616 finis,
4200 2557 4307 2600 me
4351 2536 4447 2601 sic

2498 2638 2875 2701 comparare
2935 2620 3003 2683 in
3060 2620 3183 2684 hac
3248 2628 3480 2687 tenera
3531 2630 3745 2686 aetate
3760 2672 3776 2699 ,
3836 2630 3912 2686 ut
3967 2642 4173 2705 quum
4227 2620 4448 2686 adole-

2497 2724 2687 2782 ver0‚
2730 2703 2814 2769 ad
2856 2703 3287 2788 quodcunque
3332 2710 3505 2773 vitae
3548 2729 3759 2792 genus
3802 2728 3909 2772 me
3946 2705 4318 2786 vocaveris,
4374 2708 4451 2773 in

2497 2811 2573 2855 80
2614 2790 2734 2854 tibi
2778 2791 3083 2856 serviam.

3199 3390 3303 3447 Ex
3336 3391 3626 3447 PSALMO
3659 3391 3746 3447 25.

2667 3516 2786 3591 [fol.
2830 3515 2938 3591 86]
2993 3508 3345 3578 Secretum
3400 3513 3673 3578 Domini
3715 3514 4101 3580 timentibus
4142 3536 4322 3595 eum,
4381 3521 4461 3580 et

2497 3596 2726 3663 foedus
2770 3619 2959 3663 suum
3004 3603 3237 3663 notum
3279 3597 3410 3665 illis
3452 3599 3664 3666 faciet,

2964 3785 3537 3853 BENEDIC'HO
3582 3786 3983 3855 MENSAE.

2669 4057 2915 4125 Omnia
2958 4057 3041 4123 ad
3085 4067 3150 4124 te
3193 4061 3555 4143 respiciunt
3593 4061 3897 4140 Domine,
3944 4072 4012 4129 et
4052 4071 4128 4129 18
4165 4061 4283 4128 (188
4316 4064 4459 4132 11118

2498 4167 2715 4213 escam
2756 4154 3077 4228 tempore:
3123 4155 3187 4210 18
3227 4145 3359 4210 11118
3402 4146 3633 4225 (18818,
3679 4149 4021 4228 colligunt:
4068 4160 4135 4215 te
4176 4170 4461 4216 manum

2498 4233 2850 4316 aperiente,
2887 4231 3108 4295 omnia
3152 4232 3512 4314 implentur
3546 4234 3963 4301 abundantia.
4030 4235 4275 4302 Psalm.
4306 4242 4457 4303 104.

2670 4575 2972 4652 Domine,
3009 4596 3213 4658 penes
3247 4597 3437 4659 quem
3476 4576 3620 4642 fons
3650 4584 3752 4640 est
3774 4576 4096 4641 bonorum
4129 4577 4456 4659 omnium,

2498 4665 2565 4725 et
2606 4661 3003 4726 inexhausta
3045 4664 3390 4747 scaturigo,
3436 4662 3953 4728 benedictionem
3992 4673 4175 4727 tuam
4214 4663 4285 4728 in
4327 4686 4459 4733 nos

1855 5015 1915 5080 2)
1967 5017 2116 5074 1561.
2155 5018 2292 5073 1563
2315 5018 2592 5086 qioutent:
2626 5021 2819 5088 Amen3
2858 5017 3005 5072 1562.
3044 5017 3207 5072 1566:
3257 5019 3640 5089 Evince-moy,
3674 5021 3813 5074 Pere
3848 5019 3915 5074 de
3950 5020 4314 5093 misericorde,
4347 5038 4461 5092 par
4492 5039 4509 5064 ¹

1801 5084 1862 5144 3)
1903 5086 2052 5142 1562.
2091 5088 2252 5142 1566:
2291 5089 2476 5142 Priere
2510 5104 2647 5156 pour
2682 5089 2796 5142 dire
2830 5097 2988 5142 avant
3025 5089 3073 5140 18

753 5155 1018 5219 411563:
1055 5157 1364 5209 memoriam
1399 5168 1612 5223 quoqne
1649 5169 1823 5208 meam
1859 5157 2119 5211 confirma
2155 5174 2221 5211 ne
2257 5157 2352 5211 1118
2385 5157 2513 5210 mihi
2549 5157 2776 5212 excidat.
3019 5156 3080 5222 5)
3109 5103 3285 5210 11εέἒέΒῖ
3329 5172 3677 5225 cognoscens,
3726 5157 3940 5226 plenam
3988 5157 4177 5213 salutis
4210 5163 4267 5212 et
4300 5160 4457 5217 vitae

441 5225 694 5280 fiduciam
729 5226 781 5278 18
827 5235 921 5280 188
965 5226 1141 5293 gratia
1186 5223 1475 5292 collocem,
1533 5233 1693 5289 teque
1757 5239 1887 5277 vero
1934 5234 1990 5279 et
2024 5234 2250 5293 accepto
2297 5225 2393 5278 tibi
2441 5225 2701 5294 obsequio
2749 5223 2938 5278 0018111.

444 5296 645 5360 mittas,
679 5299 771 5348 etc.
1017 5291 1075 5356 7)
1119 5292 1308 5344 Etiam
1344 5292 1396 5345 h.
1433 5292 1466 5344 l.
1499 5290 1666 5358 plura
1700 5290 1985 5345 adduntur
2017 5295 2081 5346 in
2116 5295 2198 5347 ed.
2236 5291 2387 5346 1563.

3253 5223 3314 5289 6)
3362 5224 3450 5279 Ad
3483 5226 3620 5280 11880
3656 5242 3819 5294 quum
3853 5226 4082 5281 humiles
4119 5266 4133 5279 .
4168 5265 4183 5279 .
4219 5266 4232 5279 .
4267 5265 4284 5281 .
4318 5243 4461 5295 pro·
