4967 5992
530 354 651 416 391
1831 342 2360 413 RESPONSIO
2405 341 2785 428 comm
2823 340 3241 409 menum
3952 399 3963 408 .
4417 336 4536 401 392

529 557 732 622 quam
785 536 1033 603 malum
1086 533 1430 618 concipere
1480 555 1564 599 ex
1617 554 1689 599 se
1742 541 1969 617 queat,
2012 541 2090 599 ut
2131 531 2489 599 anathema

533 622 837 690 omnibus
892 623 1006 705 qui
1060 622 1156 687 sic
1218 620 1513 686 sentiunt
1575 618 1820 686 centies
1886 621 2207 697 minetur,
2273 616 2486 681 nihilo

533 709 683 793 plus
724 707 844 773 tali
887 707 1174 773 clamore
1217 725 1416 788 quam
1458 704 1704 770 latratu
1747 705 2062 788 proficiet,
2108 703 2316 769 donec
2359 701 2490 766 alia

535 794 900 876 scripturae
955 791 1336 857 testimonia
1399 790 1705 873 proferat.
1794 791 1922 856 Dei
1984 790 2163 855 enim
2219 788 2486 866 veritas,

533 899 730 963 quam
775 876 1099 954 docemus,
1135 876 1367 942 maiori
1410 875 1765 941 stabilitate
1804 873 2086 940 subnixa
2128 881 2247 952 est,
2292 892 2492 957 quam

533 976 613 1030 ut
652 964 944 1029 ventosis
986 964 1128 1027 eius
1183 960 1865 1045 argumentationibus
1920 968 2058 1026 tam
2113 960 2350 1025 leviter
2392 956 2493 1023 di-

534 1059 787 1116 matur.

707 1133 855 1200 Hoc
896 1132 1378 1200 controversiae
1412 1132 1626 1213 capite
1668 1138 1810 1196 tam
1851 1129 2019 1195 bene
2053 1135 2387 1195 transacto
2430 1137 2498 1192 et

539 1220 831 1287 absoluto
875 1218 958 1284 ad
1001 1218 1286 1283 alterum
1328 1217 1582 1281 transit.
1672 1216 1846 1281 Nam
1889 1215 2061 1298 quod
2103 1215 2368 1298 scripsi,
2410 1233 2496 1277 ne

622 1306 1001 1388 dissequam
1041 1303 1307 1387 quidem
1352 1302 1603 1387 gratiae
1651 1301 1800 1366 ideo
1845 1299 2082 1366 debere
2128 1298 2496 1367 existimari

537 1326 825 1457 {Zminis
873 1389 1288 1456 voluntatem
1304 1438 1319 1465 ,
1365 1387 1521 1470 quia
1558 1407 1679 1469 per
1719 1406 1809 1465 se,
1853 1388 2115 1469 proprio
2161 1395 2494 1469 separato-

540 1497 667 1561 que
709 1483 913 1554 motu,
960 1481 1371 1556 cooperetur:
1429 1472 1592 1555 quin
1635 1472 1855 1554 potius
1909 1470 2034 1537 hoc
2078 1491 2332 1555 quoque
2375 1489 2496 1535 vo-

540 1562 819 1628 luntatis
877 1560 1260 1642 obsequium
1274 1608 1290 1636 ,
1351 1558 1494 1623 sive
1548 1555 1632 1622 ad
1686 1555 2135 1639 recipiendum
2152 1609 2166 1633 ,
2223 1557 2367 1621 sive
2411 1553 2495 1620 ad

541 1645 964 1714 retinendum
1008 1644 1281 1728 spiritus
1336 1643 1546 1708 sancti
1599 1650 1852 1707 motum
1867 1694 1884 1722 ,
1940 1663 2138 1725 quam
2189 1659 2497 1724 coopera-

543 1735 794 1798 tionem
838 1729 1203 1814 appellant,
1258 1727 1414 1793 inde
1456 1747 1756 1808 manare,
1801 1725 1971 1811 quod
2014 1727 2319 1794 voluntas
2362 1727 2497 1790 iam

544 1818 903 1883 reformata
975 1814 1236 1897 spiritui
1307 1820 1679 1897 promptam
1763 1813 2352 1896 obsequentemque
2427 1831 2503 1876 se

546 1901 884 1987 praebeat:
936 1900 1226 1983 primum
1274 1898 1345 1964 id
1398 1907 1537 1964 tam
1596 1899 1946 1964 obscurum
2003 1919 2149 1964 esse
2206 1918 2499 1982 pronun-

547 1989 696 2066 ciat,
740 1993 818 2051 ut
854 2006 976 2052 nec
1019 2005 1143 2069 ego
1179 1983 1544 2068 intelligam
1588 1984 1745 2068 quid
1784 1983 1954 2049 mihi
1987 1984 2187 2050 velim
2202 2006 2218 2063 3
2264 1980 2501 2048 deinde

548 2073 730 2139 hunc
773 2092 915 2137 oese
955 2070 1313 2153 impietatis
1355 2069 1714 2146 cumulum,
1761 2069 1867 2135 cui
1911 2069 2079 2135 nihil
2120 2067 2315 2135 adiici
2358 2089 2500 2132 am-

548 2157 723 2242 plius
764 2165 981 2241 queat,
1023 2157 1395 2238 frustraque
1434 2175 1545 2221 me
1587 2152 1942 2220 obtendere
1978 2157 2088 2220 Au
2214 2154 2337 2218 tini
2381 2172 2500 2236 pa-

547 2243 917 2322 trocinium,
961 2262 1157 2325 quem
1200 2240 1368 2305 mihi
1407 2260 1677 2323 prorsus
1720 2239 2056 2306 adversari
2137 2245 2501 2305 emonstra-

549 2331 736 2395 verit.
802 2326 997 2409 Quod
1038 2334 1260 2391 autem
1302 2326 1374 2392 in
1417 2327 1557 2391 eius
1598 2325 1819 2392 verbis
1862 2326 2102 2391 fuerim
2134 2324 2501 2391 hallucina-

547 2424 676 2493 tus,
720 2432 985 2480 causam
1028 2411 1200 2476 hane
1242 2432 1386 2477 esse
1400 2461 1416 2489 ,
1472 2411 1629 2494 quia
1670 2410 1881 2476 obiter
1921 2417 2183 2476 tantum
2225 2410 2500 2476 cursim-

549 2521 674 2584 que
717 2500 1083 2586 inspectus,
1144 2518 1484 2579 nunquam
1524 2503 1773 2561 attento
1817 2495 2037 2561 studio
2080 2495 2292 2562 lectus
2333 2493 2502 2558 mihi

545 2587 758 2652 fuerit.
811 2584 1088 2651 Utinam
1120 2603 1282 2648 vero
1317 2589 1505 2646 tanta
1547 2588 1625 2661 et,
1649 2583 2016 2646 attentione
2059 2589 2129 2646 et
2162 2579 2503 2664 diligentia

550 2679 851 2738 versatus
896 2669 1065 2733 foret
1103 2669 1176 2734 in
1220 2666 1583 2749 scripturis,
1629 2674 1893 2749 tamque
1935 2666 2350 2731 familiariter
2385 2686 2503 2729 no-

547 2766 697 2822 tum
739 2754 1011 2819 haberet
1053 2772 1284 2817 earum
1317 2772 1586 2816 sensum
1601 2802 1617 2828 ,
1662 2771 1862 2834 quam
1906 2758 1974 2815 et
2015 2750 2366 2835 diligenter
2408 2750 2503 2814 le-

551 2843 727 2926 gisse
768 2859 876 2903 me
918 2837 1403 2920 Augustinum,
1447 2844 1515 2901 et
1556 2836 1966 2902 familiariter
2008 2837 2338 2921 cognitam
2383 2835 2503 2900 ha-

550 2928 707 2992 bere
750 2924 892 2988 eius
945 2929 1267 3001 mentem,
1321 2923 1568 2987 iactare
1621 2921 1789 2986 mihi
1842 2920 2053 2988 liceat.
2134 2920 2390 2986 Verum
2433 2919 2504 2985 id

552 3031 638 3076 ex
688 3029 762 3073 re
804 3009 950 3091 ipsa
1005 3007 1342 3073 aestimari
1411 3006 1600 3072 malo.
1702 3004 1899 3087 Quod
1952 3006 2037 3071 ad
2089 3017 2506 3089 praesentem

551 3094 1002 3180 quaestionem
1044 3099 1315 3176 spectat,
1357 3092 1512 3176 quia
1551 3090 1719 3157 illud
1762 3091 2217 3178 Chrysostomi
2259 3093 2505 3176 impro-

550 3181 882 3257 baveram,
926 3200 974 3243 n
1056 3198 1142 3243 ue
1185 3178 1589 3244 voluntatem
1633 3178 1777 3245 sine
1817 3179 2052 3261 gratia,
2096 3198 2309 3260 neque
2352 3196 2505 3261 graf-

550 3268 715 3332 tiam
756 3265 899 3330 sine
940 3284 1026 3331 vo
1053 3271 1285 3329 untate
1328 3262 1687 3347 quidquam
1726 3285 1917 3349 posse
1959 3264 2143 3342 boni,
2197 3261 2506 3347 maligni-

553 3352 709 3417 tatis
765 3370 873 3414 me
931 3356 1222 3428 accusat,
1276 3350 1429 3433 quia
1469 3349 1592 3413 uni
1634 3348 2110 3433 chrysostomo
2165 3354 2312 3428 [pag.
2352 3352 2504 3427 221]

552 3439 890 3519 imputem,
940 3434 1114 3518 quod
1158 3443 1227 3500 et
1267 3456 1350 3500 ex
1394 3435 1727 3500 communi
1771 3435 2082 3502 ecclesiae
2126 3433 2506 3500 definitione

551 3529 894 3604 sumptum
936 3520 1038 3600 sit,
1082 3528 1150 3585 et
1190 3519 1464 3585 totidem
1506 3540 1711 3603 prope
1751 3521 1972 3587 verbis
2014 3518 2098 3585 ab
2130 3520 2506 3604 Augustino

557 3614 910 3673 asseratur.
999 3607 1251 3672 Locum
1310 3615 1531 3671 autem
1601 3607 1838 3672 recitat
1880 3626 1965 3671 ex
2018 3605 2213 3670 tertio
2266 3603 2506 3689 Hypo-

556 3693 897 3778 gnosticm
933 3690 1118 3771 libre,
1164 3692 1352 3757 cuius
1390 3689 1755 3758 clausulam
1797 3691 2017 3757 verbis
2059 3688 2323 3774 quidem
2368 3710 2507 3754 non

557 3777 844 3843 multum
900 3776 1264 3841 absimilem
1319 3797 1463 3842 esse
1516 3777 1725 3841 fateor
1793 3776 1874 3841 ab
1931 3798 2006 3842 eo
2022 3826 2038 3854 ,
2105 3774 2280 3859 quod
2347 3773 2509 3840 dicit

557 3863 1099 3948 chrysostomum
1143 3861 1258 3927 sed
1301 3883 1570 3928 sensum
1614 3862 2133 3927 diversissimum
2168 3881 2311 3926 esse
2351 3880 2506 3926 con-

551 3948 766 4015 tendo.
866 3946 1060 4013 Bona
1112 3967 1311 4029 opera
1362 3969 1481 4031 per
1532 3948 1816 4031 gratiam
1873 3955 1941 4012 et
1993 3947 2276 4012 liberum
2330 3946 2506 4011 arbi-

551 4037 761 4100 trium
818 4033 962 4098 fieri
1010 4032 1244 4111 tradit,
1309 4037 1678 4115 quicunque
1735 4034 1823 4098 sit
1863 4032 2041 4098 illius
2084 4031 2236 4098 libri
2279 4037 2502 4097 autor:

551 4122 728 4186 sicut
768 4120 880 4185 via
924 4117 1007 4182 ab
1051 4138 1217 4201 equo
1260 4118 1459 4184 simul
1502 4127 1572 4183 et
1624 4138 1878 4183 sessore
1921 4118 2291 4184 conficitur:
2345 4115 2504 4181 dum

551 4227 759 4289 equus
800 4203 1064 4287 quidem
1109 4204 1336 4281 currit,
1381 4202 1498 4269 sed
1542 4203 1828 4269 directus
1863 4203 2135 4269 sessoris
2168 4222 2392 4280 manu,
2430 4209 2509 4266 ut

551 4304 804 4356 rectum
869 4291 997 4355 iter
1072 4297 1310 4355 teneat.
1421 4289 1630 4354 Porro
1684 4287 1862 4353 viam
1924 4290 2080 4354 facit
2142 4286 2504 4353 Christum.

553 4377 873 4443 Liberum
918 4375 1259 4440 arbitrium
1305 4377 1520 4440 instar
1560 4375 1717 4459 vagi
1775 4381 1844 4439 et
1894 4373 2072 4440 devii
2112 4373 2392 4438 iumenti
2435 4373 2507 4436 in

551 4460 785 4526 mundi
836 4462 1131 4527 vanitate
1187 4480 1411 4525 errare
1460 4459 1676 4536 docet,
1718 4480 1926 4543 usque
1968 4458 2127 4523 dum
2170 4458 2270 4522 illi
2313 4458 2507 4541 spiri-

553 4555 664 4611 tus
701 4544 834 4610 Dei
869 4543 1169 4624 insideat,
1206 4567 1335 4628 quo
1369 4566 1409 4610 a
1434 4545 2112 4630 concupiscentiarum
2161 4564 2380 4608 errore
2423 4542 2509 4607 ad

551 4630 733 4696 viam
775 4630 1064 4696 iustitiae
1106 4632 1411 4710 reducat
1454 4632 1796 4698 reductum
1831 4641 2146 4716 perpetuo
2183 4629 2508 4713 regimine

648 4712 906 4792 bei-net,
965 4714 1172 4782 donec
1226 4715 1310 4782 ad
1373 4715 1767 4782 destinatam
1831 4727 2079 4782 metam
2141 4715 2503 4799 perveniat.

614 4819 844 4865 urrere
868 4819 1025 4883 ergo
1045 4801 1328 4867 liberum
1363 4802 1705 4868 arbitrium
1730 4800 2093 4881 concludit
2136 4800 2251 4867 sed
2287 4801 2508 4866 Deum

553 4889 788 4962 facere,
834 4892 913 4947 ut
953 4893 1132 4950 recte
1176 4895 1412 4951 currat.
1493 4887 1588 4953 Et
1620 4888 1779 4971 quid
1820 4888 1944 4955 hoc
1988 4885 2170 4953 aliud
2214 4895 2334 4964 est,
2379 4885 2509 4951 nisi

554 4969 726 5054 quod
770 4990 1031 5052 semper
1066 4970 1304 5036 docui?
1351 4970 1593 5038 habere
1627 4973 1876 5039 scilicet
1918 4995 1958 5038 a
2000 4981 2240 5038 natura
2274 4971 2509 5036 volun-

555 5064 782 5132 tatem,
828 5066 904 5120 ut
944 5056 1136 5121 velit:
1184 5065 1260 5120 ut
1281 5066 1502 5120 autem
1542 5057 1711 5123 bene
1735 5059 1919 5137 velit,
1950 5057 2340 5124 beneficium
2363 5076 2509 5121 esse

555 5142 824 5227 gratiae,
866 5162 1002 5206 non
1045 5140 1428 5206 facultatem
1461 5151 1752 5208 naturae.
1816 5143 1966 5209 Hoc
2001 5164 2200 5209 sensu
2235 5142 2510 5207 minime

553 5247 868 5312 repugno,
914 5229 1070 5311 quin
1117 5226 1397 5311 gratiam
1432 5227 1778 5294 comitetur
1811 5227 2140 5305 voluntas,
2178 5228 2349 5293 sicut
2390 5247 2509 5291 ne-

2589 531 2874 597 cessario
2916 528 3197 595 materia
3238 528 3486 595 formae
3528 526 3767 592 subest.
3850 525 4024 591 Nam
4062 545 4265 609 quum
4308 523 4541 590 volun

2589 623 2693 682 tas
2736 617 2924 682 velut
2963 616 3241 680 materia
3281 613 3399 691 sit,
3443 612 3529 678 ad
3569 611 4013 695 recipiendam
4055 611 4337 676 formam
4393 621 4544 694 apta

2592 711 2660 766 et
2696 701 2954 780 habilis,
3001 706 3156 766 ante
3201 699 3692 765 renovationem
3733 697 3905 762 male
3946 697 4228 761 formata
4264 703 4383 774 est,
4429 716 4545 760 ua-

2591 795 2784 853 turae
2826 786 3169 871 pravitate.
3247 784 3380 851 Ubi
3424 790 3647 849 autem
3701 783 3939 866 spiritu
3980 780 4113 846 Dei
4161 780 4246 845 ad
4289 781 4545 847 bonita-

2593 879 2730 938 tem
2774 879 3147 950 renovatur,
3193 870 3385 954 quasi
3425 869 3707 934 alteram
3741 869 4020 933 formam
4053 865 4288 931 induit.
4356 865 4547 932 Velle

2595 959 2802 1042 igitur
2853 957 3053 1023 habet
3106 956 3328 1022 homo:
3394 963 3472 1020 ut
3523 961 3744 1020 autem
3787 954 4035 1020 bonum
4075 952 4267 1028 velit,
4319 974 4360 1017 a
4404 952 4548 1018 Deo

2594 1044 3037 1128 praevenitur.
3125 1041 3312 1107 Haec
3356 1041 3534 1106 enim
3591 1040 3954 1122 posteriora
4005 1039 4211 1105 verba
4254 1038 4390 1103 ilhc
4432 1037 4550 1102 ha-

2595 1131 2854 1195 bentur.
2931 1129 3081 1193 Non
3125 1127 3313 1205 dicit,
3355 1134 3435 1191 ut
3476 1125 3645 1192 velle
3688 1125 3923 1207 possit:
3980 1123 4097 1189 sed
4139 1132 4552 1208 praesentem

2599 1214 2904 1280 effectum
2969 1215 3263 1299 assignat
3324 1211 3609 1296 gratiae
3683 1209 4237 1293 'quemadmodum
4302 1217 4371 1274 et
4431 1209 4553 1275 ali-

2598 1306 2845 1383 quanto
2910 1307 3063 1365 ante
3078 1350 3094 1378 ,
3179 1319 3382 1381 quum
3447 1296 3696 1362 diceret
3716 1347 3731 1374 ,
3797 1302 3937 1360 tam
3992 1295 4290 1380 reparari
4355 1315 4558 1378 quam

2599 1386 2976 1534 praeparari
3021 1382 3452 1460 voluntatem,
3498 1388 3575 1446 ut
3615 1379 3789 1446 bona
3832 1380 3922 1446 sit
3964 1400 4134 1464 quae
4168 1379 4346 1445 mala
4387 1391 4551 1446 erat.

2602 1468 2739 1551 Qui
2839 1477 3060 1535 autem
3127 1467 3640 1553 Chrysostomus
3653 1467 3685 1530 ?
3776 1464 3890 1532 Sic
3944 1467 4247 1532 comitem
4303 1467 4556 1550 gratiae

2598 1556 3012 1622 voluntatem
3054 1554 3410 1631 constituit,
3455 1562 3530 1618 ut
3573 1552 3656 1618 ab
3697 1551 3822 1617 hac
3862 1550 4149 1634 pendeat
4189 1551 4371 1617 illius
4415 1552 4557 1616 effi-

2601 1643 2795 1709 cacia.
2884 1640 3115 1726 Neque
3158 1639 3348 1705 aliter
3390 1638 3467 1704 P
3520 1637 3673 1703 hius
3715 1637 3966 1720 accipit.
4046 1633 4227 1718 Quid
4270 1657 4430 1721 ergo
4473 1658 4559 1702 ex

2602 1727 2957 1793 verborum
3001 1723 3429 1792 similitudine
3543 1745 3694 1789 cum
3735 1721 3909 1801 facit,
3952 1723 4026 1787 in
4069 1729 4255 1787 tanta
4288 1731 4561 1787 senten

2604 1814 2732 1877 tiae
2776 1810 3201 1877 diversitate?
3284 1807 3479 1892 Quod
3534 1811 3592 1874 si
3634 1808 3925 1875 nondum
3969 1808 4324 1890 acquiescit
4339 1859 4355 1886 ,
4418 1829 4558 1873 me-

2601 1898 2920 1962 minerint
2970 1897 3248 1963 lectores
3295 1896 3463 1974 eius,
3523 1893 3698 1976 quod
3751 1900 3901 1974 [pag.
3940 1896 4091 1973 222]
4130 1892 4286 1959 alibi
4328 1893 4559 1958 retuli-

2603 2004 2751 2048 mus
2765 2034 2781 2061 ,
2847 2003 2965 2065 pro
3023 2002 3266 2066 magno
3319 1979 3601 2046 absurdo
3657 1978 4109 2065 Augustinum
4163 1978 4404 2043 ducere
4417 2030 4433 2059 ,
4498 1979 4561 2044 si

2602 2069 2752 2151 quis
2794 2065 2988 2144 dicat,
3028 2087 3167 2132 non
3200 2066 3502 2132 sufficere
3533 2065 3666 2131 Dei
3702 2062 4236 2142 misericordiam,
4274 2064 4406 2130 nisi
4442 2064 4560 2129 ad

2604 2155 2693 2219 sit
2735 2153 3023 2219 hominis
3067 2153 3387 2218 voluntas.
3416 2151 3468 2235 )
3555 2150 3708 2216 Non
3754 2152 3955 2235 igitur
3996 2149 4297 2228 volentis,
4344 2170 4560 2233 neque

2603 2238 2950 2316 currentis,
2994 2246 3070 2303 ut
3112 2246 3323 2304 totum
3364 2235 3556 2302 detur
3593 2234 3766 2301 Deo:
3824 2236 3940 2318 qui
3984 2236 4396 2300 voluntatem
4439 2237 4560 2301 ho-

2603 2325 2834 2402 minis,
2892 2331 2962 2389 et
3022 2331 3375 2407 praeparat
3429 2321 3866 2388 adiuvandam
3882 2372 3899 2400 ,
3944 2330 4011 2385 et
4054 2320 4329 2386 adiuvat
4369 2342 4558 2404 prae-

2604 2417 2930 2493 paratam
2985 2409 3098 2491 qui
3155 2407 3485 2474 nolentem
3530 2408 3873 2492 praevenit
3886 2458 3903 2484 ,
3949 2413 4025 2472 ut
4065 2405 4267 2487 velit3
4335 2406 4559 2472 volen-

2603 2503 2738 2560 tem
2781 2493 3215 2577 subsequitur,
3260 2514 3347 2558 ne
3388 2493 3643 2558 frustra
3681 2492 3860 2559 velit.
3924 2493 4019 2556 At
4058 2491 4173 2557 illo
4217 2492 4561 2575 superiore

2602 2581 2745 2646 loco
2787 2580 3108 2658 innuitur,
3153 2599 3289 2644 non
3330 2579 3501 2657 tolli,
3544 2579 3717 2645 sicut
3759 2597 3979 2643 assem
3997 2628 4014 2657 ,
4058 2577 4343 2674 liberum
4386 2579 4560 2643 arbi-

2602 2667 2807 2731 trium
2851 2685 2970 2749 per
3012 2666 3294 2749 gratiam
3305 2688 3320 2745 3
3374 2663 3491 2730 sed
3533 2664 3953 2729 vulneratum
4003 2684 4086 2746 ap
4133 2662 4441 2742 rehendi,
4484 2673 4561 2729 ut

2605 2749 2912 2816 dometur
2954 2752 3449 2835 corrigaturque
3493 2748 3578 2815 ad
3619 2748 4055 2814 obediendum
4169 2768 4265 2814 eo.
4346 2747 4559 2829 Quasi

2604 2856 2728 2921 ego
2770 2837 3208 2902 substantiam
3245 2836 3608 2901 voluntatis
3652 2832 3858 2919 redigi
3912 2835 3984 2899 in
4034 2834 4321 2899 nihilum
4365 2854 4562 2919 opor-

2603 2930 2765 3001 tere,
2808 2921 2919 2987 vel
2962 2919 3291 2987 docuerim
3332 2942 3645 3005 unquam,
3689 2920 3796 2984 vel
3838 2920 4036 2985 etiam
4070 2920 4559 2986 somniaverim.

2602 3009 2711 3073 De
2763 3006 3078 3090 qualitate
3135 3008 3311 3072 enim
3361 3027 3621 3089 semper
3678 3005 3988 3089 loquutus
4051 3027 4198 3071 sum
4214 3056 4230 3084 ,
4294 3005 4369 3070 in
4429 3028 4564 3089 qua

2608 3092 2715 3157 hic
2756 3092 3035 3176 scriptor
3077 3093 3545 3158 correctionem
3579 3092 3737 3156 dum
3771 3091 4066 3174 requirit,
4101 3091 4260 3175 quid
4293 3092 4563 3158 omnino

2609 3200 2650 3244 a
2681 3197 2789 3243 me
2844 3176 3337 3244 dissentaneum
3380 3177 3617 3243 habet?
3697 3175 3833 3243 Sed
3886 3175 4050 3243 haec
4101 3185 4259 3241 sunt
4323 3187 4565 3243 strata

2608 3270 2872 3348 gemata
2912 3263 3141 3328 factitii
3186 3264 3396 3328 nostri
3432 3262 3760 3340 Herculia,
3806 3263 3918 3346 qui
3951 3270 4253 3328 monstra
4285 3262 4570 3329 subinde

2610 3349 2735 3415 sibi
2791 3350 3148 3415 fabricatur
3166 3400 3180 3426 ,
3238 3349 3474 3432 quibus
3530 3346 3807 3414 devictis
3857 3348 3928 3412 in
3972 3348 4121 3413 sinu
4167 3369 4285 3413 suo
4330 3349 4570 3414 trium-

2609 3433 2786 3517 phet.
2851 3437 3070 3517 Atque
3112 3442 3189 3499 ut
3230 3434 3452 3498 omnia
3493 3435 3668 3498 inter
3707 3454 3778 3499 se
3821 3433 4281 3516 respondeant,
4329 3436 4569 3499 trium

2609 3519 2807 3603 phale
2848 3518 2974 3585 hoc
3017 3518 3139 3584 sibi
3184 3539 3449 3587 carmen
3492 3519 3757 3585 occinit:
3814 3518 3921 3584 his
3964 3520 4186 3585 verbis
4230 3539 4355 3585 nos
4390 3539 4570 3585 com-

2608 3604 2843 3689 pellari
2887 3604 2969 3669 ab
3014 3605 3417 3689 Augustino:
3463 3603 3642 3669 Audi
3687 3604 4033 3682 haeretice,
4071 3604 4292 3682 stulte,
4341 3616 4412 3670 et
4442 3607 4570 3670 ini-

2608 3690 2777 3757 mice
2820 3690 3001 3755 fidei:
3047 3688 3273 3773 Opera
3310 3689 3502 3754 liberi
3545 3689 3796 3755 arbitrii
3830 3689 4021 3768 bona,
4066 3709 4233 3773 quae
4269 3699 4349 3755 ut
4382 3692 4567 3769 fiant,

2609 3782 3087 3859 praeparantur
3110 3795 3229 3859 per
3254 3775 3509 3860 gratiae
3534 3783 3987 3858 praeventum,
4024 3774 4209 3840 nullo
4231 3774 4427 3840 liberi
4460 3797 4571 3841 ar-

2609 3861 2790 3927 bitrii
2834 3861 3096 3940 merito,
3162 3862 3307 3944 ipsa
3358 3861 3636 3927 faciente
3699 3860 4110 3946 gubernante
4166 3862 4569 3945 perficiente,

2608 3961 2685 4011 ut
2710 3947 2781 4011 in
2820 3946 3024 4012 libero
3050 3946 3321 4012 arbitrio
3354 3945 3711 4025 abundent,
3749 3967 3880 4011 non
3905 3945 4319 4012 damnamus.
4378 3946 4571 4014 Adeo

2608 4038 2677 4096 et
2718 4051 2947 4098 caecus
2992 4039 3095 4097 est
3132 4039 3201 4096 et
3240 4030 3593 4116 improbus,
3638 4041 3714 4097 ut
3754 4053 3891 4097 non
3933 4038 4175 4110 cernat,
4218 4030 4386 4097 haec
4427 4054 4573 4097 om-

2607 4117 2719 4180 nia
2761 4116 3032 4201 perinde
3073 4118 3319 4200 scripta
3360 4138 3521 4197 esse,
3567 4139 3641 4182 ac
3684 4118 3745 4183 si
3777 4117 3927 4201 quis
3968 4139 4054 4183 ex
4095 4116 4286 4182 nobis
4328 4116 4574 4184 dictae-

2793 4211 2861 4266 et
2902 4203 3050 4268 aliis
3091 4210 3379 4268 mentem
3429 4201 3901 4286 iudiciumque,
3960 4224 4042 4268 ne
4084 4211 4393 4284 cernant,
4442 4223 4572 4270 sua

2607 4288 2940 4370 protervia
2973 4287 3202 4353 tollere
3245 4309 3316 4353 se
3358 4308 3551 4372 posse
3593 4286 3894 4353 confidat.

2782 4373 2889 4439 Ad
2945 4373 3200 4456 reliqua
3255 4372 3493 4439 deinde
3548 4394 3694 4438 mea
3750 4385 4140 4457 argumenta
4247 4372 4368 4439 sed
4417 4378 4572 4457 pari

2610 4478 2739 4541 qua
2779 4458 3097 4524 hactenus
3130 4458 3458 4538 felicitate,
3504 4456 3862 4525 refellenda
3885 4459 4120 4543 pergit.
4189 4458 4573 4538 Caeterum,

2611 4541 2696 4607 ad
2738 4563 2818 4609 ea
2860 4563 3026 4627 quae
3069 4564 3153 4609 ex
3195 4545 3480 4610 Ieremia
3521 4545 3677 4609 cito:
3724 4544 4058 4609 Timorem
4101 4546 4392 4610 nominis
4434 4547 4575 4612 mei

2610 4627 2778 4693 dabo
2820 4630 2894 4693 in
2938 4625 3138 4695 corda
3180 4650 3407 4696 eorum
3464 4637 3539 4694 ut
3575 4650 3710 4694 non
3753 4628 4066 4695 recedant
4108 4650 4148 4694 a
4189 4650 4331 4710 me
4375 4632 4571 4698 item:

2611 4714 2800 4779 Dabo
2843 4716 2941 4779 eis
2983 4735 3097 4780 cor
3138 4736 3400 4793 novum,
3445 4724 3524 4779 ut
3566 4715 3843 4781 timeant
3889 4736 3993 4780 me
4035 4716 4296 4782 cunetis
4335 4716 4575 4783 diebus

2612 4799 2769 4883 (Ier.
2812 4803 2913 4880 32,
2950 4805 3049 4864 39.
3090 4800 3224 4885 40),
3271 4801 3531 4866 abunde
3585 4821 3972 4884 responsum
4018 4822 4161 4866 esse
4207 4802 4570 4885 praefatur,

2610 4905 2696 4950 ne
2736 4906 3003 4970 operam
3042 4886 3116 4951 in
3161 4907 3235 4952 re
3281 4907 3692 4969 supervacua
3734 4897 4093 4952 consumat.
4160 4886 4221 4951 E
4346 4896 4575 4954 autem

2610 4992 2745 5037 non
2789 4971 3063 5037 alteram
3106 4972 3595 5054 responsionem
3637 4969 3880 5052 audivi,
3926 4972 4051 5037 uisi
4138 4994 4185 5037 u
4312 4973 4578 5039 fortiter

2609 5055 2718 5120 his
2763 5057 2984 5122 verbis
3029 5058 3403 5142 refragatus
3444 5066 3563 5122 est.
3652 5056 3746 5123 Ut
3787 5057 3965 5122 enim
4009 5078 4051 5123 a
4161 5059 4387 5124 omino
4427 5079 4575 5124 non

2750 5243 2809 5307 1)
2846 5242 3067 5298 Enchir.
3104 5241 3172 5298 ad
3210 5243 3574 5300 Laurentium.
