4967 5992
395 341 517 403 109

1242 527 1508 583 L’rurm.

567 598 841 662 Comme
906 597 1031 662 elle
1093 619 1259 663 nous
1325 606 1429 663 est
1491 600 1860 682 comprinse
1928 607 2016 680 66.
2063 598 2346 663 66166166

393 682 790 749 Eser-ituree.

1191 805 1259 839 m
1292 805 1549 840 mm.

565 853 917 920 Commeat
969 856 1146 921 faut-
1160 855 1226 920 11·
1255 877 1380 939 que
1434 875 1602 920 nous
1645 875 1731 920 en
1785 856 2009 921 usions
2053 874 2219 937 pour
2262 875 2347 919 en

393 940 579 1007 avoir
618 940 682 1004 le
727 940 967 1023 profit?

1235 1044 1503 1097 n’mur.

563 1112 676 1177 En
728 1111 795 1176 la
847 1121 1162 1178 recevant
1229 1134 1312 1177 en
1377 1112 1595 1195 pleine
1658 1112 1982 1178 certitudo
2048 1112 2128 1177 de
2193 1132 2346 1177 con-

391 1199 680 1276 science,
724 1218 977 1268 66161116
1020 1199 1231 1264 verite
1317 1199 1589 1264 rocedee
1624 1197 1714 1264 du
1756 1197 1929 1264 Ciel:
1982 1218 2149 1263 nous
2193 1197 2346 1262 sub·

391 1291 678 1350 mettant
720 1291 762 1348 a
804 1283 990 1350 icelle
1035 1305 1122 1349 611
1165 1284 1416 1350 (1161616
1460 1285 1853 1364 6661666666,
1898 1284 2221 1368 l’aymant
2265 1282 2346 1346 de

389 1391 598 1456 vraye
633 1371 954 1448 affection,
1000 1381 1069 1434 et
1110 1370 1382 1447 entiere,
1426 1369 1676 1456 l’ayant
1715 1369 2057 1452 1166111666
2102 1390 2187 1433 66
2226 1390 2347 1433 noa

389 1477 648 1535 cueurs,
694 1477 860 1539 pour
902 1455 969 1520 la
1011 1476 1276 1542 suyvre,
1322 1468 1390 1521 et
1432 1476 1599 1522 nous
1643 1456 2010 1522 conformer
2054 1462 2097 1520 a
2138 1454 2343 1519 icelle.

1141 1918 1145 1922 “
1185 1919 1249 1953 m
1285 1917 1542 1952 mmm.

565 1974 735 2038 'l'out
779 1971 921 2037 6616
965 1968 1145 2035 661-11
1188 1988 1272 2033 66
1318 1974 1543 2033 nostre
1585 1967 1978 2051 puissance‘l

1241 2071 1507 2125 n'menn'r.

565 2145 626 2209 Il
670 2143 785 2228 n’y
830 2166 912 2208 66
959 2165 999 2207 6
1042 2141 1130 2207 du
1173 2149 1319 2207 tout
1359 2142 1533 2205 rien:
1598 2138 1765 2204 mais
1809 2143 1969 2204 c’est
2013 2138 2187 2203 Dieu
2232 2138 2344 2219 qui

387 2232 728 2315 besongne
791 2251 872 2295 66
943 2250 1106 2294 nous
1169 2229 1253 2292 611
1321 2225 1476 2290 telle
1528 2231 1731 2303 sorte,
1792 2243 1917 2307 par
1971 2243 2091 2288 son
2134 2223 2346 2289 sainct

387 2318 637 2401 Esprit.

1193 2433 1258 2467 m!
1294 2432 1550 2468 mmm.

565 2490 741 2556 Mais
802 2509 885 2553 66
944 2489 1087 2551 faut
1120 2484 1171 2548 il
1225 2503 1343 2567 pas
1398 2503 1523 2565 que
1568 2503 1736 2547 nous
1777 2481 2091 2546 mettions
2149 2481 2343 2564 peine

387 2586 458 2644 et
503 2576 824 2660 diligence
864 2579 907 2637 a
939 2594 1108 2655 ouyr
1142 2577 1209 2634 et
1249 2569 1373 2633 lire
1407 2569 1472 2633 16
1509 2567 1820 2647 doctrine,
1857 2566 2138 2649 laquelle
2173 2588 2337 2632 66116

387 2683 437 2748 y
484 2669 588 2729 est
629 2657 1003 2725 monstree?

1233 2758 1497 2811 6311111161.

565 2834 722 2916 Ouy
764 2832 934 2897 bien.
1026 2830 1117 2894 Et
1162 2829 1693 2911 promisi-emeat,
1752 2847 1878 2908 que
1923 2820 2213 2890 chascun
2258 2844 2341 2888 611

390 2943 513 2989 666
558 2917 940 3003 661116111161·
981 2939 1026 3002 y
1079 2913 1399 2979 travaille.
1487 2912 1581 2976 Et
1625 2931 1741 2976 sur
1779 2919 1953 2987 tout,
2000 2929 2131 2992 que
2175 2929 2341 2974 nous

387 3006 841 3091 frequentions
889 3002 986 3067 166
1041 2989 1482 3083 predicatione
1498 3050 1513 3075 ‚
1569 2997 1940 3080 ausquelles
1993 3003 2169 3061 ceste
2211 2995 2340 3060 Pa-

387 3094 557 3160 16116
600 3104 704 3157 661
746 3096 1025 3173 61166666
1069 3108 1154 3151 en
1191 3082 1622 3150 l’Assemblee
1666 3083 1781 3148 des
1825 3081 2231 3148 Chrestiens.

1185 3207 1250 3242 101¹:
1285 3205 1543 3240 mm.

564 3264 950 3328 Entens-tu
999 3257 1162 3342 ‘qu’il
1217 3275 1305 3320 ne
1360 3256 1576 3321 suffist
1631 3274 1749 3337 pas
1803 3252 1885 3318 de
1940 3251 2062 3317 lire
2128 3272 2213 3316 en
2270 3271 2345 3315 66

385 3350 676 3428 1661666,
732 3347 925 3413 61666
978 3364 1103 3428 que
1157 3348 1303 3408 tous
1365 3341 1696 3406 ensemble
1749 3346 1954 3423 oyent
2004 3358 2138 3403 une
2195 3336 2344 3402 doc-

387 3438 567 3502 trine
611 3429 1000 3500 commune?
2243 3457 2250 3464 ·

1243 3529 1507 3583 fimet-mr.

565 3607 640 3671 16
681 3605 959 3670 l’entens
1004 3602 1199 3667 ainsi:
1247 3598 1614 3683 cependant
1649 3616 1777 3678 que
1795 3593 1972 3659 Dieu
2007 3614 2091 3657 en
2127 3593 2343 3658 (16666

389 3693 460 3758 16
502 3714 761 3777 moyen.

1191 3807 1256 3841 ΒΕ
1291 3803 1548 3841 mmm.

566 3865 671 3929 La
713 3860 981 3928 raison?

1235 3977 1502 4031 L'rmrm.

562 4055 818 4119 Pource
873 4069 1000 4134 que
1053 4049 1243 4113 Iesus
1295 4045 1526 4111 Christ
1579 4065 1620 4108 a
1673 4040 1929 4124 estably
1972 4047 2109 4105 cest
2149 4039 2343 4105 ordre

386 4162 476 4207 en
522 4161 640 4205 6611
683 4138 911 4224 Eglise
956 4133 1160 4220 (Eph.
1201 4139 1259 4211 4,
1303 4133 1440 4216 ll),
1498 4151 1628 4194 non
1717 4149 1789 4193 66
1832 4146 1998 4210 66111
2041 4125 2215 4191 deux
2257 4146 2342 4190 ne

383 4247 561 4313 pour
601 4224 781 4303 11616,
825 4222 994 4287 16616
1036 4241 1203 4304 66111
1245 4227 1394 4283 16116
1438 4236 1682 4300 genera
1732 4220 1978 4278 ement:
2037 4222 2105 4275 61
2146 4232 2186 4275 6
2229 4211 2342 4276 de-

383 4312 594 4379 claire
636 4307 762 4395 que
806 4316 964 4376 c'est
1002 4305 1063 4371 le
1106 4305 1247 4371 seul
1288 4323 1531 4388 moyen
1574 4299 1656 4366 de
1696 4298 1971 4365 l’edifier
2013 4307 2081 4362 61
2104 4311 2342 4363 ’66116-

381 4394 581 4464 161111.
669 4396 862 4461 Ainsi
903 4393 952 4457 il
995 4414 1163 4457 nous
1204 4391 1345 4455 faut
1383 4389 1454 4454 la
1496 4397 1645 4452 tous
1687 4406 1943 4469 renger,
1993 4391 2060 4448 et
2100 4388 2343 4450 n’estre

383 4506 511 4574 pas
554 4483 702 4567 plus
746 4500 935 4566 sages
979 4499 1104 4563 quo
1146 4485 1370 4543 nostre
1413 4475 1704 4539 Maistre.

565 4917 680 4989 [fol.
723 4913 831 4988 56]
885 4908 1013 4973 Est
1030 4926 1147 4972 -ce
1181 4851 1599 4970 ”Jonmffiffle
1654 4897 2020 4964 necessaire
2076 4897 2234 4980 qu'il
2290 4918 2336 4982 y

383 4998 482 5063 ait
526 4994 641 5061 des
684 4991 1046 5060 Pasteurs?

921 5132 1208 5140 ————-——-

700 5201 759 5266 1)
807 5198 1064 5254 docibiles
1110 5195 1247 5250 1550
1291 5196 1354 5248 in
1404 5193 1521 5248 Cat.
1573 5198 1622 5246 et
1666 5207 1757 5259 ap.
1806 5189 2017 5245 Gallae.

379 5288 509 5332 etan
539 5268 996 5341 praecedentibus
1027 5266 1207 5335 maqt‘c
1241 5265 1507 5319 convenit.
1580 5260 1673 5317 Sic
1702 5260 1919 5329 prasus
1957 5256 2256 5313 Galla-siue.

1738 339 2397 410 OATEOEISMUS
2440 338 3054 409 GENEVENSIS.

4282 343 4407 406 110

2624 599 2707 664 In
2751 599 3094 682 scripturis
3134 549 3678 683 sanotiffiujbus
3719 600 4109 664 continetur.

2453 941 2497 1007 d
2622 857 3059 1006 Uttgssructum
3114 857 3270 922 inde
3296 807 3674 940 Ἑζῖπῗίω,
3743 855 4025 939 qualiter
4077 874 4154 920 eo
4213 861 4408 920 uten-

2498 963 2613 1006 um
2657 964 2727 1007 es

2626 1112 2703 1179 Si
2747 1113 2968 1197 ipsum
3006 1114 3213 1180 solida
3235 1064 3891 1197 oorfiffilersuasione
3928 1110 4407 1194 amplectimur,

2453 1220 2588 1265 non
2632 1220 2818 1265 secus
2873 1221 2949 1266 66
3004 1208 3252 1266 certam
3310 1202 3653 1266 veritatem
3698 1222 3734 1264 6
3789 1197 3969 1262 66616
4016 1197 4405 1281 profectam:

2453 1287 2511 1350 si
2554 1307 2675 1351 nos
2720 1285 2821 1349 illi
2866 1285 3106 1351 dociles
3134 1286 3182 1369 ¹)
3236 1286 3655 1370 praebemus:
3705 1285 3761 1350 si
3804 1284 4176 1349 voluntates
4217 1303 4405 1347 men-

2454 1379 2677 1453 tesque
2713 1378 2973 1438 nostras
3006 1372 3079 1436 in
3102 1372 3242 1436 eius
3274 1371 3652 1453 obsequium
3686 1370 4092 1436 subiicimus:
4141 1369 4198 1434 61
4228 1388 4406 1432 6166-
4502 1425 4509 1432 .

2451 1479 2601 1521 mus
2616 1461 2673 1538 2)
2731 1459 2943 1540 ipsum
3002 1479 3085 1522 ex
3146 1458 3395 1522 animo:
3456 1459 3511 1520 si
3556 1454 3855 1521 cordibus
3908 1454 4157 1520 nostris
4200 1452 4405 1519 semel

2451 1544 2885 1625 insculptum,
2946 1546 3113 1608 fixas
3167 1543 3308 1608 illic
3365 1541 3618 1607 radices
3672 1540 3939 1618 habeat,
3988 1547 4065 1604 ut
4119 1541 4406 1604 fructum

2452 1629 2740 1711 proferat
2791 1630 2861 1693 in
2904 1630 3070 1695 vita:
3131 1629 3185 1694 si
3240 1628 3519 1710 denique
3576 1631 3935 1692 formemur
3989 1625 4074 1691 ad
4117 1626 4256 1690 eius
4300 1645 4402 1688 re-

2449 1715 2705 1866 ξὲιὲειῑηε
2756 1725 2896 1779 tum
2934 1714 3121 1780 nobis
3154 1715 3220 1779 in
3267 1714 3566 1789 salutem,
3613 1714 3803 1779 sicuti
3839 1712 4240 1777 destinatum
4283 1717 4403 1789 est,

2571 1809 2654 1866 et.

3304 1922 3559 1956 mmsmn.
4447 1933 4453 1940 ·

2625 1971 2888 2039 Suntne
2932 1973 3154 2037 omnia
3202 1973 3363 2037 haec
3407 1971 3479 2035 in
3522 1972 3832 2036 facultate
3876 1975 4100 2034 nostra
4143 1965 4398 2052 posita?

3345 2093 3495 2128 PUEB.

2627 2148 2744 2224 [fol.
2792 2151 2900 2224 68]
2947 2144 3130 2209 Nihil
3174 2144 3469 2226 ipsorum
3512 2164 3812 2225 prorsus,
3872 2141 3988 2206 sed
4031 2141 4230 2205 unius
4268 2138 4400 2204 Dei

2450 2237 2552 2294 661
2596 2229 2717 2295 1166
2762 2239 2989 2306 totum,
3034 2229 3206 2312 quod
3238 2228 3453 2304 retuli,
3499 2229 3569 2293 in
3615 2228 3803 2293 nobis
3833 2228 4088 2291 efficere
4132 2225 4402 2308 spiritus

2448 2317 2550 2379 sui
2595 2317 2824 2398 gratia.

3304 2434 3563 2469 mmmm

2621 2489 2894 2564 Verum,
2941 2506 3161 2551 annon
3194 2484 3570 2550 adhibenda
3601 2493 3701 2549 est
3734 2506 3774 2549 a
3808 2483 3995 2548 nobis
4038 2480 4396 2565 diligentia,

2448 2582 2517 2636 61
2560 2574 2738 2637 omni
2784 2570 2999 2637 studio
3043 2570 3453 2649 enitendum,
3510 2569 3815 2654 legendo,
3862 2567 4212 2646 audiendo,
4258 2586 4397 2631 me·

2448 2656 2737 2736 ditando,
2782 2665 2856 2722 ut
2899 2677 2975 2722 eo
3018 2656 3479 2739 proficiamus?

3350 2778 3501 2812 Pmm.

2619 2832 2763 2896 Imo
2794 2851 2979 2896 vero:
3024 2849 3228 2912 quum
3273 2848 3343 2892 se
3376 2828 3650 2911 quisque
3681 2826 3990 2909 privatim
4023 2824 4403 2909 quotidiana

2444 2917 2724 2984 lectione
2768 2925 3100 2982 exerceat:
3148 2924 3294 2979 tum
3331 2935 3488 2980 vero
3533 2912 3733 2978 simul
3776 2932 4004 2977 omnes
4050 2910 4402 2994 praecipue

2446 3003 2673 3069 sedulo
2708 3004 3051 3069 conciones
3088 3002 3522 3083 frequentent,
3567 2999 3681 3064 ubi
3726 2998 3959 3064 salutis
3994 2996 4289 3063 doctrina
4330 2995 4400 3060 in

2446 3097 2635 3155 666111
2672 3088 2963 3154 fidelium
3009 3086 3394 3170 explicatur.

3298 3206 3556 3242 mmm

2620 3260 2844 3344 Negas
2879 3280 3035 3343 ergo
3074 3279 3218 3323 esse
3263 3256 3452 3335 satis,
3492 3257 3547 3321 si
3593 3255 3771 3319 domi
3814 3273 4107 3319 seorsum
4152 3252 4257 3316 616
4380 3251 4393 3265 ’

2446 3345 2704 3429 legant,
2763 3345 2893 3410 nisi
2936 3365 3162 3409 omnes
3216 3343 3413 3409 simul
3466 3343 3537 3405 in
3596 3360 3941 3406 commune
3995 3336 4079 3401 ad
4122 3357 4247 3401 ean
4293 3357 4398 3401 em

2448 3430 2809 3497 doctrinam
2855 3429 3244 3495 audiendam
3287 3425 3724 3494 conveniant?

3348 3547 3498 3583 PUER-

2618 3601 2994 3668 Convenire
3037 3621 3301 3666 necesse
3340 3608 3457 3678 est,
3503 3597 3613 3663 ubi
3651 3596 3827 3674 licet,
3873 3594 3998 3658 hoc
4032 3600 4150 3671 est,
4197 3612 4399 3674 quum

2447 3688 2727 3753 facultas
2772 3687 2978 3752 datur.

3294 3805 3551 3840 numana.

2620 3860 2965 3926 Poterisne
3007 3857 3173 3922 mihi
3217 3856 3341 3922 1166
3382 3852 3692 3939 probare?

3344 3977 3494 4013 PUER-

2621 4032 2940 4099 Sufficere
2995 4019 3079 4096 ad
3135 4030 3586 4112 probationem
3652 4021 3908 4090 abunde
3962 4022 4152 4088 nobis
4204 4021 4396 4086 debet

2447 4143 2583 4186 una
2624 4118 2891 4184 Domini
2938 4118 3266 4183 voluntas.
3334 4116 3537 4179 Hunc
3562 4121 3779 4176 autem
3823 4106 4124 4172 ordinem
4191 4106 4394 4172 eccle-

2447 4209 2582 4273 siae
2616 4227 2774 4270 61166
2801 4201 3302 4278 commendavit,
3352 4222 3483 4264 non
3509 4219 3703 4282 quem
3737 4194 3866 4258 duo
3902 4200 4018 4257 aut
4052 4200 4186 4256 tres
4230 4191 4395 4256 dun-

2445 4301 2635 4357 taxat
2676 4297 3034 4368 servarent,
3080 4288 3197 4354 sed
3238 4288 3346 4352 cui
3397 4287 3740 4351 subessent
3783 4277 4215 4346 communiter
4257 4299 4395 4344 om-

2446 4400 2582 4444 nes.
2672 4377 2781 4442 Ad
2839 4376 2962 4443 hoc
2981 4426 2997 4451 ,
3062 4374 3239 4439 illius
3304 4381 3446 4437 tum
3504 4365 3973 4443 aedificandae,
4040 4377 4185 4428 tum
4242 4384 4395 4428 con·

2447 4461 2828 4538 servandae,
2889 4462 3058 4527 hanc
3116 4480 3260 4525 esse
3304 4458 3569 4522 unicam
3620 4455 3942 4520 rationem
3985 4449 4393 4534 pronunciat.

2445 4549 2556 4616 Sit
2599 4571 2755 4634 ergo
2807 4549 2966 4613 haec
3021 4545 3207 4610 nobis
3263 4549 3486 4610 sancta
3538 4549 3605 4606 et
3678 4536 4078 4605 inviolabilis
4130 4535 4391 4620 regula:

2313 4699 2318 4704 .
2443 4657 2565 4702 nec
2611 4636 2733 4701 sibi
2778 4636 2875 4700 fas
2919 4633 3263 4717 quisquam
3308 4650 3451 4693 esse
3496 4627 3709 4704 ducat,
3757 4645 3958 4708 supra
4000 4623 4391 4706 magistrum

2359 4795 2374 4812 .
2440 4742 2687 4805 666616.

3287 4836 3543 4871 ΠΗῙΒΤΕΒ.

2616 4892 2827 4957 Estne
2848 4891 3052 4973 igitur
3073 4908 3359 4964 necesse,
3397 4906 3697 4970 praeesse
3729 4879 4017 4949 ecclesiis
4051 4877 4389 4963 pastores?

2326 5186 2387 5255 2)
2440 5141 2638 5240 Plures
2670 5184 2944 5239 amount.-
2988 5196 3227 5236 amamus
3266 5219 3279 5232 .
3319 5220 3330 5232 .
3369 5220 3382 5233 .
3420 5221 3432 5232 .
3468 5180 3639 5232 habet
3677 5211 3697 5230 2.
3726 5218 3738 5230 .
3775 5216 3787 5228 .
3828 5216 3839 5227 .
3876 5175 4195 5240 formamur,
4243 5169 4391 5266 quod
