4967 5992
389 313 512 374 513

385 496 704 570 moniam,
764 494 848 559 ad
893 513 1094 577 quam
1134 492 1404 560 clericos
1462 492 1889 576 adstringunt
1942 493 2196 591 antiqui
2239 514 2345 559 ca-

386 602 622 660 nones,
677 578 811 646 illis
867 578 1148 644 remitto.
1251 576 1403 644 Scio
1469 579 1642 644 enim
1700 589 1778 643 ut
1829 579 2009 643 intus
2064 577 2344 659 rideant,

385 689 592 751 quum
650 665 796 749 quis
848 664 1027 748 leges
1072 663 1250 743 illas,
1306 663 1440 727 iam
1493 663 1794 747 pluribus
1848 663 2123 729 saeculis
2169 685 2344 729 mor-

391 763 568 832 tuas,
624 773 707 817 ex
753 749 1066 815 diuturna
1108 749 1437 815 oblivione
1489 750 1781 815 suscitat.
1859 749 2150 813 Tantum
2191 749 2343 815 vul-

386 858 613 923 garem
657 837 727 901 in
771 856 996 900 eorum
1040 834 1294 900 clericis
1349 834 1763 901 honestatem
1817 833 2108 917 requiro:
2166 841 2242 898 61
2285 835 2340 899 61

387 945 524 988 non
569 920 897 988 excellant
949 920 1126 986 vitae
1170 920 1572 1000 innocentia,
1625 920 1862 987 saltem
1925 939 2009 984 ne
2055 919 2342 1002 turpitu-

389 1008 541 1074 dine
586 1009 720 1074 sint
771 1007 1069 1072 infames.
1161 1004 1241 1071 si
1283 1005 1428 1089 quis
1471 1007 1578 1073 vel
1619 1005 2033 1082 muneribus,
2092 1005 2200 1070 vel
2243 1005 2341 1069 fa-

389 1115 575 1172 vore,
633 1093 738 1159 vcl
804 1090 1083 1158 sordidis
1139 1091 1501 1174 obsequiis,
1569 1091 1676 1156 vel
1730 1090 2122 1174 subreptitia
2164 1110 2341 1155 com-

388 1179 804 1245 mendatione
880 1177 1241 1259 obrepserit
1313 1176 1396 1242 ad
1460 1176 1925 1256 sacerdotium,
1993 1175 2340 1240 simoniam

389 1288 532 1332 esso
569 1265 1012 1349 pronunciant
1047 1282 1346 1343 canones,
1386 1271 1452 1328 et
1488 1260 1806 1328 vindicari
1842 1262 2087 1327 iubent.
2158 1259 2338 1341 Quo-

388 1352 771 1435 tusquisque
836 1348 1027 1413 hodie
1086 1355 1212 1428 est,
1295 1351 1407 1431 qui
1471 1349 1661 1414 aliter
1722 1345 2112 1432 perveniat?
2205 1344 2339 1411 Sed

390 1442 541 1519 [pag.
591 1441 734 1513 104]
784 1433 1026 1513 valeat,
1073 1433 1619 1517 quemadmodum
1676 1434 1843 1511 dixi,
1889 1451 2186 1498 summus
2230 1430 2341 1495 ille

389 1523 590 1606 rigor.
688 1521 943 1586 Verum
1011 1526 1085 1584 61
1139 1518 1307 1583 nihil
1370 1520 1624 1604 legibus
1685 1519 2162 1603 praescriptum
2233 1517 2338 1594 sit,

388 1609 844 1691 episcoporum
888 1604 1114 1669 domos
1169 1614 1435 1688 apertae
1478 1613 1546 1669 et
1586 1605 1979 1688 prostitutae
2020 1602 2339 1667 simoniae

388 1713 531 1759 esse
576 1691 901 1770 officinas,
958 1698 1279 1772 quantum
1323 1699 1423 1756 est
1468 1689 1794 1756 dedecus‘?
1886 1687 2066 1770 Quid
2112 1686 2191 1752 de
2235 1707 2340 1752 ro-

387 1798 586 1843 mana
637 1777 820 1842 curia
870 1775 1112 1854 dicam,
1172 1775 1286 1841 ubi
1340 1776 1809 1843 licitationibus
1863 1774 2078 1857 palam
2123 1772 2341 1839 subia-

388 1885 535 1931 cere
581 1861 945 1929 sacerdotia
980 1860 1333 1928 leviculum
1375 1863 1508 1927 iam
1554 1860 1841 1927 videtur:
1891 1880 2094 1942 quum
2138 1865 2207 1923 et
2248 1855 2342 1923 le-

387 1948 827 2026 nociniorum,
882 1955 947 2012 et
997 1948 1499 2027 veneficiorum,
1559 1953 1627 2013 et
1668 1946 2159 2012 obscoeniorum
2205 1963 2344 2008 sce-

387 2035 601 2100 lerum
643 2033 780 2099 sint
817 2031 1194 2099 mercedes?
1261 2031 1341 2099 Si
1375 2054 1506 2117 qua
1539 2033 1772 2098 saltem
1807 2032 1980 2095 inter
2015 2050 2132 2094 nos
2168 2027 2346 2093 valet

391 2119 826 2186 humanitatis
883 2118 1080 2196 ratio,
1136 2118 1479 2186 duodecim
1522 2137 1848 2182 annorum
1891 2114 2112 2199 pueris
2151 2132 2341 2176 man-

390 2206 532 2271 dari
575 2205 1188 2287 archiepiscopatus,
1230 2212 1549 2288 quantum
1593 2209 1697 2267 est
1736 2198 2157 2284 portentum?
2231 2198 2343 2262 An

387 2313 591 2376 quum
637 2290 929 2373 colaphis
971 2288 1355 2355 caederetur
1397 2288 1725 2367 Christus,
1769 2284 2143 2369 indigniore
2187 2303 2343 2348 con-

389 2376 666 2442 tumelia
722 2376 996 2440 affectus
1051 2375 1223 2439 suit?
1315 2376 1425 2440 An
1479 2374 1771 2457 apertius
1813 2372 1956 2437 Deo
2012 2377 2078 2434 61
2130 2368 2342 2432 homi-

386 2462 582 2529 nibus
625 2460 814 2525 illudi
857 2467 1098 2543 potest,
1151 2480 1346 2542 qnam
1388 2458 1501 2525 ubi
1556 2458 1913 2526 christiano
1955 2453 2194 2539 populo
2239 2474 2345 2517 re-

387 2546 606 2633 gendo
648 2545 1024 2631 praeficitur
1067 2566 1249 2629 puer,
1294 2555 1362 2612 61
1395 2547 1466 2610 16
1501 2544 1707 2630 patris
1740 2542 2155 2627 pastorisque
2191 2538 2343 2604 scde

387 2630 789 2700 collocatur?
890 2629 996 2695 De
1070 2632 1474 2717 presbyteris
1539 2639 1607 2695 61
1671 2628 1987 2713 episcopis
2051 2626 2144 2690 ita
2210 2633 2343 2689 sta-

386 2725 590 2784 tuunt
630 2737 942 2784 canones:
991 2723 1069 2780 61
1109 2716 1182 2780 16
1226 2739 1348 2783 666
1387 2717 1662 2801 6616666
1705 2715 1990 2781 61611666
2033 2709 2344 2777 excubias

387 2811 572 2889 agat3
619 2823 703 2867 ne
748 2802 897 2885 quis
943 2802 1204 2886 longius
1247 2804 1420 2869 absit
1462 2824 1502 2868 a
1545 2823 1666 2867 sua
1708 2799 1996 2865 ecclesia.
2087 2793 2344 2860 Verum

387 2892 722 2974 fingamus
759 2887 924 2952 nihil
971 2888 1102 2952 tale
1145 2888 1460 2972 praecipi:
1506 2888 1653 2971 quis
1699 2893 1921 2950 tamen
1965 2903 2098 2947 non
2144 2879 2340 2960 videt,

389 2977 759 3041 'furcarum
823 2994 1078 3057 666666
1154 2975 1453 3041 ludibriis
1527 2971 1833 3057 prostitui
1906 2967 2343 3036 christianum

389 3081 648 3138 nomen,
695 3081 899 3143 quum
941 3067 1162 3142 pastor
1206 3066 1481 3127 vocatur
1523 3058 1849 3142 quispiam
1885 3054 2211 3132 ecclesiae,
2258 3050 2342 3116 ad

388 3167 587 3230 quam
629 3165 715 3210 66
759 3146 962 3210 semel
1004 3146 1266 3229 quidem
1311 3154 1450 3212 tota
1490 3146 1632 3211 vita
1674 3139 1982 3208 accedat?
2047 3139 2223 3203 Nam
2270 3142 2344 3201 61

389 3233 538 3316 6616
581 3231 714 3296 11116
770 3237 1086 3315 perpetuo
1130 3232 1411 3310 habitet,
1468 3229 1583 3295 ubi
1638 3228 1999 3293 destinatus
2043 3231 2146 3289 est
2188 3244 2340 3306 pas-

389 3327 514 3398 tor,
558 3317 688 3382 iam
694 3315 951 3400 pridem
994 3338 1222 3383 rarum
1266 3316 1643 3400 exemplum
1677 3332 1820 3379 esse
1855 3311 2083 3392 coepit.
2144 3305 2339 3391 Epis-

389 3404 535 3489 copi
580 3410 648 3469 et
689 3402 975 3482 abbates,
1022 3411 1139 3469 aut
1180 3404 1307 3487 ipsi
1351 3401 1649 3487 proprias
1693 3397 1878 3463 aulas
1917 3394 2180 3473 habent,
2226 3398 2343 3457 aut

388 3487 705 3555 ordinarii
759 3494 916 3553 sunt
978 3489 1047 3553 in
1112 3491 1482 3575 principum
1548 3484 1732 3550 aulis.
1836 3479 1974 3546 Alii
2036 3499 2158 3562 pro
2222 3498 2340 3543 suo

384 3576 663 3726 {uisque
706 3575 900 3658 genio
943 3574 1159 3642 locum
1204 3575 1478 3660 eligunt,
1529 3571 1642 3637 ubi
1685 3567 2095 3634 delicientur.
2126 3650 2139 3664 ·
2174 3562 2340 3645 Qui-

434 3682 513 3727 us
552 3666 779 3726 autem
823 3657 1019 3725 nidus
1053 3683 1212 3728 suus
1255 3660 1465 3746 magis
1508 3657 1740 3743 placet,
1783 3652 1883 3718 illi
1924 3670 2080 3719 vere
2121 3671 2194 3715 m
2237 3668 2341 3714 ec-

388 3746 608 3814 clesiis
650 3746 788 3811 suis
830 3745 1146 3813 resident:
1204 3754 1364 3814 6661
1412 3745 1590 3812 enim
1645 3739 1837 3808 otiosi
1878 3744 2175 3816 ventres,
2231 3735 2342 3819 qui

387 3830 564 3898 nihil
612 3831 832 3896 minus
870 3841 1222 3913 noverunt,
1281 3854 1480 3917 quam
1520 3828 1807 3895 officium
1850 3844 2064 3890 suum.
2157 3821 2344 3887 Veti-

389 3927 539 3984 tum
593 3914 762 3980 illud
816 3936 1072 3999 quoque
1126 3927 1229 3985 est
1295 3916 1581 4002 antiquis
1644 3911 2033 3989 canonibus,
2100 3929 2185 3973 ne
2240 3907 2346 3972 cui

389 4009 542 4086 [pag.
587 4005 733 4079 105]
776 4002 1291 4071 attribuerentur
1326 4003 1494 4070 duae
1528 4000 1854 4068 ecclesiae.
1921 3993 2028 4061 Sit
2067 3994 2192 4059 hoc
2227 4013 2346 4075 pro

393 4111 530 4155 666
590 4086 782 4152 dicto.
873 4086 1009 4154 Sed
1065 4111 1352 4174 quonam
1405 4091 1619 4157 colore
1686 4079 2108 4150 excusabitur
2160 4086 2349 4144 tanta

395 4171 799 4252 absurditas,
855 4175 1029 4257 quod
1080 4177 1392 4261 quinque,
1451 4182 1565 4242 aut
1617 4171 1809 4257 plura
1859 4164 2226 4234 sacerdotia
2275 4164 2347 4228 16

395 4282 604 4327 66661
648 4258 986 4325 hominem
1030 4261 1520 4347 congeruntur?
1565 4256 1741 4345 quod
1781 4275 1973 4334 unus,
2016 4249 2348 4316 interdum

396 4348 600 4413 etiam
698 4366 847 4427 uer,
904 4354 1040 4414 tres
1083 4351 1495 4434 episcopatus
1537 4351 1840 4427 occupat,
1901 4347 2086 4405 16616
2141 4338 2350 4434 16161·-

399 4433 570 4498 vallo
685 4433 930 4513 ‘ssitos,
996 4442 1071 4500 ut
1139 4456 1249 4500 eos
1314 4456 1485 4500 anno
1541 4437 1836 4495 vertente
1896 4424 2169 4491 circuire
2233 4443 2350 4488 vix

397 4519 635 4604 possit,
681 4518 942 4586 etiamsi
987 4521 1152 4586 nihil
1197 4519 1378 4586 aliud
1423 4516 1617 4604 agat?
1707 4514 2039 4609 Examen,
2084 4510 2153 4574 in
2198 4529 2349 4593 pro·

397 4602 737 4671 movendis
782 4606 1246 4686 sacerdotibus,
1293 4614 1361 4672 et
1401 4626 1684 4677 morum,
1729 4606 1796 4663 et
1834 4596 2195 4675 doctrinae,
2240 4616 2348 4662 ca-

401 4712 613 4758 nones
664 4693 1009 4775 requirunt
1060 4699 1370 4761 exactum
1432 4697 1499 4757 61
1561 4683 1994 4756 66661661616.
2095 4683 2350 4746 Demus

400 4779 527 4845 hoc
572 4779 991 4861 temporibus,
1037 4801 1120 4845 ne
1164 4778 1251 4844 ad
1282 4776 1468 4843 illam
1501 4776 1699 4841 nimis
1736 4775 2067 4834 austeram
2101 4767 2350 4831 formu-

400 4865 536 4930 lam
576 4863 945 4946 alligentur.
1035 4864 1170 4932 Sed
1217 4863 1515 4932 videmus
1559 4881 1759 4946 quam
1801 4852 2064 4932 indocti,
2110 4861 2179 4917 0ss
2211 4872 2350 4915 om*-

403 4952 509 5016 nis
555 4970 687 5014 non
733 4957 996 5016 tantum
1039 4952 1354 5017 scientiae
1408 4948 1524 5015 sed
1568 4948 1768 5015 ctiam
1812 4940 2201 5027 prudentiae
2245 4962 2360 5006 ex-

404 5043 655 5119 pertes,
724 5035 865 5101 sine
936 5035 1193 5103 delectu
1269 5038 1679 5121 ingerantur.
1776 5032 1872 5096 Et
1931 5028 2005 5093 in
2069 5027 2360 5094 mulione

406 5120 828 5187 conducendo
889 5122 1100 5187 maior
1164 5129 1506 5189 anteactae
1572 5121 1751 5188 vitae
1829 5114 1995 5182 ratio
2061 5115 2357 5192 habetur,

405 5227 606 5290 qnam
648 5207 718 5271 in
761 5206 1061 5292 eligendo
1105 5207 1462 5273 sacerdote.
1541 5205 1726 5271 Nihil
1772 5206 1968 5290 fingo,
2013 5200 2186 5267 nihil
2221 5220 2360 5264 am-

618 5308 840 5365 Galm’ai
863 5325 1050 5379 opera.
1131 5310 1242 5367 Vol.
1295 5311 1388 5366 VI.

1749 302 2474 372 REFORMANDAE
2512 302 3060 372 EGOLESIAE.

4288 311 4418 374 514

2399 494 2685 577 Γ6111166.
2789 493 3023 577 Agunt
3090 493 3386 576 quidem,
3470 514 3593 559 ceu
3661 493 4014 560 histriones
4068 495 4140 559 in
4195 517 4412 578 scena,

2448 578 2770 657 fabulam,
2829 587 2905 643 ut
2946 578 3373 645 simulacrum
3426 579 3691 662 aliquod
3746 580 4000 662 antiqui
4050 581 4250 645 moris
4306 604 4414 647 re·-

2449 671 2893 747 praesentent.
2993 664 3418 748 Interrogant
3475 665 3579 730 vel
3634 666 3944 748 episcopi,
4017 665 4120 730 vel
4184 688 4410 732 eorum

2448 750 2877 834 suffraganei,
2920 772 3081 816 num
3126 750 3311 834 digni
3354 751 3517 830 sint,
3574 772 3735 833 6666
3778 751 4194 816 destinarunt
4235 751 4409 817 ordi-

2448 856 2628 901 nare.
2731 834 2942 901 Adest
2997 836 3106 920 qui
3184 834 3574 919 respondeat
3639 836 3873 920 dignos
3928 857 4088 902 esse.
4177 837 4408 921 Neque

2449 941 2608 985 vero
2667 921 2893 1003 procul
2937 921 3350 1004 quaerendus
3409 929 3510 987 est
3566 924 3781 999 testis,
3839 930 3954 987 aut
4010 923 4221 1006 pretio
4265 943 4408 988 cor-

2448 1004 2880 1088 rumpendus:
2939 1008 3091 1090 quia
3145 1009 3321 1072 enim
3388 1008 3834 1073 caeremoniae
3891 1010 4410 1074 tantum'servit

2446 1089 2611 1155 haec
2676 1092 3038 1173 responsio,
3105 1113 3248 1157 eam
3316 1113 3544 1157 omnes
3603 1094 4019 1172 cubicularii,
4087 1101 4407 1171 tonsoreS,

2445 1176 2758 1242 ianitores
2802 1176 3170 1242 edocentur.
3229 1178 3374 1243 Iam
3411 1186 3556 1261 post
3590 1178 4086 1258 ordinationem,
4130 1180 4409 1246 minima

2445 1262 2517 1326 in
2561 1261 2814 1327 clericis
2860 1261 3274 1328 scortationis
3328 1264 3638 1345 suspicio,
3697 1265 4056 1330 secundum
4103 1266 4406 1348 antiquos

2445 1367 2754 1420 canones.
2802 1346 3040 1432 corrigi
3088 1347 3310 1412 debet:
3370 1349 3425 1413 si
3471 1350 3844 1415 convictum
3890 1350 4091 1415 fuerit
4133 1350 4402 1429 crimen,
4444 1356 4451 1363 “

2446 1433 2854 1499 abdicatione
2920 1443 2986 1497 et
3057 1434 3733 1500 excommunicatione
3799 1435 4214 1518 puniendum
4281 1445 4399 1501 est.

2445 1519 2890 1583 Remittamus
2934 1518 3181 1601 aliquid
3226 1539 3310 1582 66
3351 1519 3706 1601 asperitate
3750 1520 3863 1585 illa
3903 1522 4132 1586 veteri.
4222 1519 4400 1602 Quid

2445 1611 2697 1682 tamen,
2745 1604 2914 1685 quod
2961 1603 3343 1687 quotidiana
3386 1605 3454 1668 in
3498 1604 3631 1670 11116
3677 1606 3982 1671 scortatio
4027 1607 4120 1671 sic
4164 1608 4400 1672 tolcra-

2446 1696 2573 1769 tur,
2619 1700 2928 1772 tanquam
2974 1689 3117 1754 iure
3151 1689 3475 1772 permissa
3517 1694 3662 1769 [pag.
3722 1696 3867 1770 106]
3915 1691 4121 1756 foret?
4192 1691 4402 1758 Cleri-

2446 1797 2615 1855 cum,
2663 1774 2775 1858 qui
2817 1782 2933 1839 aut
2964 1775 3314 1852 venationi,
3361 1785 3476 1839 aut
3518 1775 3714 1852 aleae,
3762 1784 3876 1840 aut
3918 1777 4406 1843 comessationi-

2447 1862 2599 1942 bus,
2658 1868 2774 1926 aut
2837 1859 3090 1925 choreis
3143 1860 3512 1944 indulgeat,
3573 1861 3751 1926 nullo
3805 1861 3998 1926 modo
4063 1861 4406 1927 ferendum

2445 1947 2890 2029 pronunciant
2944 1966 3244 2012 canones.
3336 1944 3517 2026 Quin
3564 1947 3765 2011 etiam
3811 1946 4094 2012 eradunt
4151 1970 4235 2013 66
4278 1947 4407 2012 mi-

2445 2032 2734 2111 nisteri0,
2779 2033 3152 2114 quicunque
3194 2031 3466 2095 infamia
3511 2031 3728 2114 aliqua
3772 2034 3979 2097 notati
4035 2040 4208 2099 6661.
4301 2031 4407 2098 Si-

2444 2118 2693 2183 militer
2738 2138 2849 2182 666
2893 2137 3152 2194 661666,
3212 2116 3322 2199 661
3371 2137 3441 2180 66
3486 2117 3826 2200 implicant
3870 2119 4162 2216 profanis
4209 2140 4290 2184 ne

2447 2205 2593 2282 tiis,
2652 2204 2761 2286 qui
2807 2202 3112 2268 civilibus
3166 2202 3395 2268 officiis
3453 2222 3526 2266 se
3570 2203 3663 2265 ita
3706 2203 4096 2282 immiscent,
4144 2210 4219 2268 ut
4261 2225 4300 2270 a
4347 2226 4410 2269 s-

2443 2290 2800 2354 trahantur
2843 2310 2884 2353 a
2937 2287 3284 2353 ministerii
3326 2308 3513 2365 cura,
3569 2287 3681 2369 661
3739 2286 4021 2369 denique
4067 2310 4200 2352 non
4244 2295 4408 2353 sunt

2446 2377 2518 2440 in
2560 2395 2834 2439 munere
2877 2395 2994 2438 suo
3039 2372 3453 2456 exsequendo
3497 2372 3760 2451 assidui,
3807 2373 4044 2457 corrigi
4091 2374 4407 2457 graviter,

2448 2469 2515 2526 61
2570 2461 2697 2528 6161
2752 2460 3169 2543 resipiscant,
3219 2458 3455 2541 deponi
3512 2458 3939 2542 praecipiunt.
4028 2459 4406 2543 Excipient,

2448 2553 2588 2612 tam
2641 2567 2876 2630 aspera
2930 2545 3247 2624 remedia,
3313 2563 3478 2628 6666
3536 2543 3620 2608 ad
3674 2545 3897 2610 vivum
3963 2545 4183 2609 omnia
4248 2544 4410 2610 vitia

2447 2643 2765 2712 resecant,
2810 2637 3096 2697 aetatem
3142 2630 3315 2696 hanc
3369 2650 3505 2694 non
3548 2630 3736 2694 ferre.
3828 2626 3935 2695 Sit
3977 2630 4088 2694 ita.
4178 2630 4406 2712 Neque

2447 2720 2627 2783 enim
2684 2725 2935 2783 tantam
2991 2717 3073 2782 ab
3125 2714 3261 2781 illis
3329 2716 3684 2798 puritatem
3749 2716 3989 2799 flagito.
4080 2714 4216 2781 Sed
4267 2722 4406 2779 tam

2449 2804 2807 2870 effraenem
2861 2800 3174 2886 peccandi
3229 2801 3566 2867 licentiam
3632 2802 3702 2864 in
3755 2801 4007 2866 clericis
4062 2800 4404 2878 dominari,

2448 2898 2523 2956 ut
2565 2889 2886 2955 mundum
2929 2887 3167 2972 alioqui
3213 2887 3777 2970 corruptissimum
3834 2887 4044 2970 magis
4088 2886 4402 2963 inficiant,

2447 2998 2647 3061 quam
2690 2976 2868 3041 ullus
2912 2975 3082 3041 alius
3127 2974 3306 3052 ord0,
3348 2972 3497 3057 quis
3542 2971 3666 3037 hoc
3709 2972 3840 3037 illis
3884 2972 4217 3057 ignoscat?

2619 3061 2844 3127 Plebis
2888 3082 3044 3125 vero
3099 3059 3446 3142 disciplina
3488 3057 3582 3123 sic
3626 3057 3852 3122 habet:
3913 3057 4104 3122 modo
4147 3057 4403 3124 clericis

2443 3154 2714 3213 maneat
2755 3148 3001 3212 intacta
3044 3167 3163 3211 sua
3208 3144 3581 3222 dominatio,
3629 3142 3820 3207 modo
3866 3143 4133 3210 tributis
4177 3164 4252 3209 ac
4297 3165 4405 3208 ra-

2445 3234 2623 3316 pinis
2666 3231 2835 3298 nihil
2880 3230 3205 3314 depereat,
3251 3236 3328 3294 61
3369 3229 3623 3312 reliqua
3669 3230 3801 3292 fere
3847 3228 4071 3293 omnia
4114 3237 4231 3293 aut
4277 3230 4403 3292 im·

2445 3339 2621 3402 pune
2664 3317 2923 3397 liceant,
2972 3323 3087 3382 661
3129 3320 3631 3400 praetereantur
3673 3313 4107 3397 negligenter.
4199 3313 4404 3378 Vide-

2447 3425 2624 3482 mus,
2684 3410 2759 3467 ut
2802 3403 2872 3466 in
2916 3423 3108 3466 omne
3153 3422 3363 3485 genus
3416 3398 3748 3482 nequitiae
3805 3399 4049 3480 passim
4096 3397 4402 3464 diffluxe-

2445 3489 2585 3553 rint
2626 3488 2967 3553 hominum
3010 3506 3242 3551 mores.
3303 3486 3444 3550 Nee
3487 3504 3643 3549 vero
3688 3485 3829 3548 eius
3875 3484 3967 3549 rei
4005 3484 4165 3549 alios
4202 3483 4404 3549 advo-

2446 3574 2607 3641 cabo
2660 3580 2892 3652 testes,
2960 3593 3159 3655 quam
3214 3578 3281 3636 te
3338 3571 3588 3654 ipsum,
3644 3569 4071 3634 invictissime
4139 3568 4402 3648 Caesar,

2448 3679 2693 3745 vosque
2733 3657 3161 3724 illustrissimi
3200 3656 3563 3739 Principes,
3630 3655 3922 3720 Possunt
3954 3654 4237 3737 quidem,
4283 3674 4405 3719 cur

2445 3748 2542 3812 ita
2585 3747 2687 3824 sit,
2731 3744 2980 3809 multae
3014 3763 3248 3809 causae
3285 3741 3537 3821 adduci,
3581 3742 3819 3805 fateor:
3865 3739 3980 3804 sed
4023 3740 4199 3805 inter
4231 3739 4406 3804 mul-

2448 3843 2552 3899 tas
2597 3833 2758 3897 haec
2800 3832 3016 3913 prima
3058 3830 3211 3908 erit,
3280 3827 3455 3911 quod
3514 3847 3635 3891 sua
3678 3826 3785 3894 vel
3840 3825 4255 3909 indulgentia
4295 3824 4405 3893 vel

2448 3917 2740 3986 socordia
2794 3915 3241 3998 improborum
3294 3912 3552 3978 libidini
3595 3913 3824 3977 fraena
3865 3911 4157 3975 laxarint
4189 3932 4405 3977 sacer-

2451 4004 2653 4070 dotes.
2717 4001 2899 4084 Quid
2931 3998 3167 4066 hodie?
3229 3999 3447 4080 Quam
3487 3995 3846 4082 purgandis
3880 3997 4078 4073 vitiis,
4125 4002 4240 4060 aut
4274 3996 4405 4060 sal-

2452 4099 2588 4155 tem
2610 4086 3066 4171 reprimendis,
3112 4108 3338 4153 curam
3374 4082 3733 4158 adhibent?
3802 4081 3935 4148 Ubi
3969 4080 4402 4147 monitiones?

2451 4174 2584 4243 Ubi
2650 4172 3009 4241 censurae?
3101 4170 3737 4244 Excommunicatio,
3804 4174 3882 4231 ut
3945 4167 4075 4232 alia
4132 4173 4402 4244 taceam,

2452 4262 2739 4346 optimus
2793 4259 3177 4342 disciplinae
3233 4278 3510 4334 nervus,
3568 4273 3765 4336 quem
3823 4256 3973 4330 [pag.
4018 4259 4160 4329 107]
4207 4250 4407 4317 habet

2453 4345 2694 4413 nsum?
2768 4345 3041 4410 Habent
3072 4343 3354 4428 quidem,
3392 4337 4089 4407 excommunicationis
4123 4337 4410 4415 nomine,

2455 4433 2879 4519 tyrannicum
2915 4431 3185 4508 fulmen,
3231 4426 3403 4511 quod
3446 4426 3518 4489 in
3556 4431 3991 4502 contumaces,
4037 4429 4115 4486 ut
4156 4431 4410 4502 vocant,

2453 4519 2843 4587 iaculantur.
2934 4514 3069 4582 Sed
3127 4534 3326 4597 quam
3379 4510 3862 4577 contumaciam
3905 4509 4220 4590 puniunt,
4282 4510 4411 4575 nisi

2454 4626 2716 4683 eorum,
2775 4603 2886 4685 qui
2934 4600 3013 4667 de
3049 4599 3261 4664 causis
3305 4594 3703 4680 pecuniariis
3748 4591 3833 4658 ad
3878 4593 4169 4658 tribunal
4214 4615 4412 4660 suum

2454 4690 2666 4766 citati,
2713 4687 2819 4753 vel
2862 4707 2993 4751 non
3038 4684 3328 4750 stiterint
3370 4704 3440 4747 66
3483 4679 3753 4757 iudicio,
3811 4679 3920 4745 vel
3964 4680 4411 4758 creditoribus,

2500 4781 2723 4858 ropter
2766 4773 3072 4855 inopiam,
3119 4790 3256 4834 non
3298 4765 3777 4833 satisfecerint?
3867 4765 3973 4830 Ita
4017 4766 4190 4848 quod
4236 4767 4412 4831 salu-

2454 4798 2817 4926 berrimum
2861 4864 3003 4923 erat
3045 4854 3128 4919 ad
3173 4852 3594 4937 corrigendos
3639 4851 3869 4917 noxios
3904 4852 4286 4929 remedium,
4334 4871 4412 4916 eo

2457 4943 2911 5011 tantummodo
2982 4941 3064 5007 ad
3138 4940 3416 5006 miseros
3493 4939 4000 5020 innocentesque
4074 4936 4412 5003 vexandos

2457 5032 2834 5097 abutuntur.
2934 5026 3316 5094 Ridiculum
3370 5044 3566 5109 porro
3614 5032 3743 5103 est,
3802 5022 3977 5106 quod
4020 5022 4274 5089 occulta
4314 5024 4411 5088 fa-

2456 5118 2683 5184 cinora
2734 5113 3066 5180 interdum
3120 5112 3539 5179 anathemate
3593 5108 3959 5194 flagellant:
4030 5119 4105 5172 ut
4160 5109 4217 5172 61
4272 5109 4411 5172 fur-

2459 5211 2607 5268 tum
2651 5200 3012 5267 admissum
3054 5199 3283 5276 fuerit,
3330 5219 3451 5264 nec
3495 5197 3862 5279 reperiatur
3903 5198 4109 5258 autor.
4176 5192 4419 5258 Aliena
