4967 5992
572 378 701 440 243

572 560 944 647 praedicas,
999 559 1112 626 ubi
1156 562 1286 626 Dei
1344 562 1590 626 veritas
1631 561 1851 627 locum
1904 578 2042 623 non
2086 555 2316 636 habet,
2374 577 2542 639 quae

572 648 842 713 unicum
907 646 1045 711 eius
1117 647 1453 712 vinculum
1513 667 1656 712 esse
1726 643 2041 710 debebat?
2130 644 2545 709 Pronuneiat

576 733 850 816 spiritus
894 739 1193 808 sanctus,
1242 733 1559 798 eeclesiae
1603 732 1931 797 unitatem
1977 750 2178 796 sanae
2216 748 2542 811 veraeque

576 818 915 885 doetrinae
970 819 1399 884 consensione
1438 818 1793 896 contineri,
1849 837 1972 881 nee
2015 814 2215 881 audet
2256 813 2541 897 Pighius

575 905 780 970 verbo
824 924 1206 987 repugnare,
1253 905 1449 969 etiam
1495 905 1550 969 si
1595 905 1816 968 animo
1861 900 2223 967 dissentiat.
2294 899 2541 965 Videa-

575 1011 728 1055 mus
773 1011 969 1067 nunc,
1016 989 1319 1072 qualibus
1357 990 1639 1055 vinculis
1675 995 1793 1053 aut
1834 987 2026 1054 nodis
2063 986 2409 1069 colligatus
2453 985 2542 1050 sit

625 1098 665 1141 a
710 1096 931 1140 1smus.

576 1098 621 1160 p
664 1096 707 1159 p
750 1161 1050 1226 Primum
1100 1180 1293 1225 omne
1348 1183 1559 1245 genus
1631 1158 2038 1226 idololatriae
2093 1155 2229 1223 illie
2283 1163 2537 1240 regnat,

582 1267 715 1311 non
771 1246 914 1324 sine
959 1247 1312 1311 manifesta
1370 1247 1495 1312 Dei
1554 1245 2006 1329 abnegatione.
2098 1241 2539 1324 Quantulum-

581 1351 839 1414 eunque
911 1352 995 1396 ex
1046 1331 1227 1396 cultu
1286 1331 1415 1396 Dei
1493 1330 1832 1397 residuum
1901 1335 2232 1412 superest,
2298 1328 2539 1410 partim

579 1417 1049 1483 commentitiis
1116 1417 1355 1482 ritibus
1425 1416 1904 1494 adulterat-um,
1970 1414 2211 1498 partim
2283 1413 2540 1478 vitiosis

581 1502 1001 1587 opinionibus
1056 1511 1468 1585 corruptum,
1538 1521 1791 1568 meram
1847 1500 2379 1584 superstitionem
2431 1520 2538 1564 re-

581 1589 773 1653 dolet.
879 1589 1237 1654 Doctrinae
1293 1588 1538 1652 veritas
1559 1640 1575 1669 ,
1633 1594 1751 1651 aut
1792 1607 2025 1652 eversa
2066 1605 2366 1670 prorsus,
2421 1591 2540 1649 aut

579 1674 1036 1739 contaminata.
1139 1673 1446 1739 Christus
1525 1671 2019 1755 semisepultus,
2107 1679 2185 1736 ut
2271 1671 2538 1734 inanem

578 1758 774 1823 modo
819 1758 1082 1822 titulum
1139 1760 1281 1823 siue
1326 1759 1592 1824 virtutis
1635 1758 1846 1843 gloria
1887 1758 2194 1837 retineat,
2240 1764 2309 1821 et
2351 1776 2538 1838 spee-

581 1852 686 1909 tro
742 1843 1022 1925 denique
1080 1865 1276 1926 quam
1331 1843 1455 1911 sibi
1509 1844 1799 1909 similior.
1890 1842 2124 1908 Virtus
2169 1843 2348 1906 enim
2392 1841 2537 1908 eius

579 1929 734 1994 altis
777 1929 1066 1994 tenebris
1111 1928 1470 2010 submersa,
1514 1930 1797 1995 officium
1835 1928 2273 2006 obliteratum,
2321 1927 2539 2012 gratia

578 2014 716 2079 fere
765 2014 838 2078 in
895 2014 1177 2079 nihilum
1240 2015 1518 2081 redacta.
1614 2013 2199 2081 Sacramentorum
2254 2011 2536 2078 admini-

579 2099 812 2164 stratio
852 2100 1088 2164 mutila
1129 2102 1414 2184 primum
1452 2109 1518 2166 et
1550 2101 1785 2179 lacera,
1831 2098 1914 2165 ad
1949 2099 2111 2166 haec
2146 2098 2374 2164 multis
2419 2120 2535 2163 ex-

578 2186 827 2251 traneis
870 2187 1202 2269 figmentis
1247 2186 1622 2268 deformata,
1667 2194 1999 2271 postremo
2041 2185 2269 2251 multis
2313 2183 2536 2267 impiis

577 2271 1153 2354 imaginationibus
1194 2271 1530 2354 implicita.

750 2354 928 2438 Quid
969 2357 1102 2421 iam
1147 2358 1333 2424 nobis
1376 2357 1765 2440 praescribit
1803 2355 2131 2441 Pighius?
2178 2378 2261 2421 ne
2305 2376 2534 2439 pacem

579 2442 939 2508 turbemus.
1032 2441 1168 2508 Sed
1212 2465 1342 2526 qua
1376 2445 1523 2528 lege
1567 2451 1684 2509 aut
1723 2441 2069 2534 pactione?
2158 2442 2415 2524 Nempe
2459 2448 2538 2505 ut

576 2525 662 2591 ad
726 2527 890 2593 haee
960 2529 1185 2593 omnia
1252 2531 1744 2595 conniveamus.
1833 2526 2104 2593 Nefaria
2170 2548 2328 2592 vero
2382 2547 2533 2609 pazt,

574 2633 739 2696 quae
783 2614 955 2678 tanti
998 2622 1270 2680 constet.
1360 2615 1457 2680 At
1498 2612 1657 2679 dicit
1700 2635 1770 2679 se
1823 2619 1890 2678 et
1932 2612 2094 2678 alios
2139 2612 2536 2677 Antichristi

575 2718 770 2764 canes
787 2750 803 2776 ,
864 2699 975 2780 qui
1026 2699 1400 2764 adulatione
1455 2699 1828 2782 latratuque
1882 2697 2242 2764 sacerdotia
2283 2719 2534 2764 venan-

575 2796 705 2862 tur,
750 2783 920 2847 nihil
960 2784 1033 2847 in
1078 2784 1207 2848 fide
1241 2804 1501 2862 novare,
1549 2784 1872 2849 abusuum
1910 2784 2380 2849 correctionem
2420 2805 2536 2849 ex-

574 2875 801 2952 petere
854 2868 1121 2950 quidem
1177 2870 1333 2934 totis
1379 2871 1578 2947 votis,
1635 2870 1750 2935 sed
1796 2868 2043 2953 gradus
2087 2875 2155 2934 et
2196 2870 2390 2934 officii
2434 2868 2538 2935 sui

573 2973 901 3018 memores
959 2974 1095 3018 non
1152 2975 1473 3037 usurpare
1528 2955 1700 3038 quod
1754 2955 1837 3019 ad
1895 2975 1966 3019 se
2011 2975 2143 3019 non
2188 2956 2531 3039 pertineat.

578 3036 787 3119 Quasi
838 3058 997 3104 vero
1040 3060 1174 3105 non
1226 3040 1312 3105 sit
1351 3037 1475 3106 hoc
1510 3041 1824 3126 cuiusque
1866 3041 2179 3119 officium,
2239 3062 2279 3106 a
2319 3042 2535 3105 mani-

577 3124 759 3189 festis
803 3131 869 3188 et
913 3123 1248 3190 doetrinae
1293 3132 1361 3191 et
1411 3126 1711 3191 cultuum
1758 3125 2117 3210 sacrilegiis
2160 3126 2533 3206 abhorrere,

575 3230 743 3294 quae
796 3219 1286 3277 sacrosanctum
1346 3215 1492 3291 [pag.
1537 3216 1641 3291 15]
1687 3213 1813 3277 Dei
1859 3232 2101 3277 nomen
2145 3213 2536 3296 gravissima

574 3295 973 3360 contumelia
1008 3296 1323 3362 afficiunt.
1396 3295 1744 3363 Silendum
1783 3305 1945 3384 erat,
1980 3298 2195 3380 inquit
2229 3298 2530 3381 Pighius

573 3379 914 3448 Perfidum
969 3389 1036 3447 et
1079 3382 1479 3449 exsecrabile
1532 3383 1869 3449 silentium
1888 3435 1902 3463 ,
1962 3403 2089 3467 quo
2132 3384 2263 3449 Dei
2306 3384 2533 3469 gloria,

575 3464 916 3548 Christus,
1013 3475 1208 3551 atque
1290 3468 1710 3553 evangelium
1787 3469 2197 3553 proderetur.
2296 3469 2532 3535 Itane?

574 3550 900 3618 Ludibrio
944 3551 1151 3637 igitur
1186 3554 1534 3620 habebitur
1568 3557 1755 3621 Deus
1800 3563 1953 3621 ante
1986 3565 2246 3620 nostros
2290 3556 2531 3635 oculos,

578 3645 719 3702 tota
772 3637 1001 3722 religio
1066 3639 1491 3719 lacerabitur,
1557 3642 1869 3723 peribunt
1932 3642 2212 3705 miserae
2276 3642 2534 3706 animae

577 3721 833 3788 Christi
889 3726 1212 3808 sanguine
1258 3726 1666 3808 redemptae,
1718 3733 1785 3791 et
1841 3726 2098 3791 hiscere
2140 3727 2324 3791 nefas
2359 3726 2532 3791 erit?

575 3808 818 3874 Latrat
858 3808 1029 3875 fidus
1065 3811 1243 3876 canis
1286 3811 1369 3876 ad
1414 3813 1699 3894 primum
1736 3812 2012 3877 latronis
2055 3812 2423 3895 strepitum,
2470 3818 2538 3877 et

575 3893 789 3960 vitam
848 3915 1036 3960 suam
1092 3895 1315 3962 obiicit
1365 3896 1690 3979 pericu10,
1756 3904 1832 3962 ut
1884 3896 2132 3962 domini
2190 3897 2292 3963 sui
2338 3904 2537 3980 caput

574 3979 1020 4062 familiamque
1091 3980 1433 4048 defendat:
1503 3981 1852 4066 diripietur
1922 3983 2278 4068 impiorum
2334 3983 2535 4049 latro-

574 4066 747 4131 cinio
805 4066 1080 4132 eeclesia
1132 4075 1202 4132 et
1235 4068 1629 4146 vastabitur,
1676 4068 1953 4151 pedibus
2007 4069 2364 4134 calcabitur
2406 4071 2536 4135 Dei

542 4152 904 4233 1110100100,
950 4173 1154 4237 regno
1198 4173 1320 4220 000
1364 4152 1750 4237 spoliabitur
1793 4153 2117 4243 Christus,
2161 4155 2538 4221 videntibus

576 4237 764 4302 nobis
809 4260 885 4304 ae
934 4238 1351 4305 tacentibus?
1441 4239 1749 4322 Denique
1799 4260 1918 4322 pro
1968 4240 2376 4305 Antichristo
2420 4241 2538 4306 Pi-

576 4321 774 4406 ghius
819 4330 1036 4389 tantas
1073 4324 1301 4391 turbas
1336 4339 1576 4402 movet,
1622 4324 1736 4390 ubi
1761 4325 2125 4409 periculum
2156 4327 2299 4391 eius
2332 4347 2538 4410 regno

576 4406 759 4472 videt
799 4408 1178 4477 imminere:
1225 4432 1348 4476 nos
1381 4412 1455 4475 in
1498 4409 1716 4475 medio
1760 4411 1951 4495 regni
1990 4410 2240 4476 Christi
2287 4411 2540 4477 excidio

576 4493 1024 4573 quiescemus?
1071 4497 1337 4582 ·Neque
1393 4505 1614 4562 tamen
1661 4496 1785 4563 1100
1828 4497 2024 4562 etiam
2074 4496 2265 4562 modo
2310 4517 2538 4580 pacem

578 4575 899 4676 redimere
944 4582 1131 4647 nobis
1174 4583 1376 4662 licuit,
1422 4582 1687 4666 quando
1731 4602 1995 4649 necesse
2039 4590 2199 4661 erat,
2246 4605 2537 4649 commu-

579 4669 911 4728 nmatione
952 4665 1150 4731 etiam
1193 4669 1379 4751 quasi
1415 4670 1611 4734 tacito
1653 4670 1965 4754 suffragio
2006 4690 2111 4733 ma
2167 4691 2318 4734 nam
2364 4669 2537 4735 eius·

578 4746 788 4847 qui.
811 4748 1131 4815 scelerum
1188 4764 1442 4836 partem
1506 4754 1884 4839 approbare.
1972 4756 2066 4819 Et
2177 4776 2252 4821 oc
2302 4755 2536 4837 impie-

579 4839 735 4897 tatis
771 4854 1000 4918 Iugum
1036 4848 1361 4919 excutere,
1400 4841 1526 4904 erit
1561 4841 1951 4926 abrumpere
1984 4841 2325 4908 vinculum
2361 4840 2533 4921 fidei,

581 4918 864 4985 dissilire
922 4920 1003 4986 ab
1046 4923 1346 5003 eeclesia,
1403 4925 1669 4991 turbare
1723 4947 2136 4993 communem
2191 4948 2415 5010 pacem
2458 4949 2535 4994 ac

579 5003 1034 5103 concordiam?
1125 5005 1239 5073 Sic
1282 5009 1546 5092 quidem
1580 5012 1736 5076 olim
1781 5012 2089 5079 audiebat
2131 5035 2171 5080 a
2214 5034 2367 5097 rege
2409 5014 2534 5077 im-

580 5109 689 5172 pio
732 5100 999 5158 sanctus
1043 5091 1174 5158 Dei
1213 5095 1551 5177 propheta.
1641 5094 1778 5163 Sed
1822 5120 1951 5181 qua
1984 5097 2360 5165 defensione
2403 5100 2533 5164 uti-

579 5174 735 5240 tur?
823 5177 976 5244 Non
1020 5199 1142 5262 ego
1183 5199 1349 5259 sum,
1393 5181 1635 5263 inquit,
1677 5183 1788 5263 qui
1832 5185 2151 5250 conturbo
2192 5183 2532 5264 Israelem,

579 5260 697 5327 sed
751 5270 824 5328 tu
869 5273 938 5330 et
981 5264 1216 5331 domus
1272 5266 1478 5348 patris
1520 5266 1647 5346 tui,
1705 5266 1819 5350 qui
1860 5267 2304 5351 dereliquistis
2345 5291 2536 5334 man-

1886 366 2418 437 00οΡοΝ010
2461 366 2840 436 00111111
2881 339 3298 434 rismum

4479 366 4605 428 244
4638 443 4644 450 ,

2648 556 2804 622 data
2838 555 3127 633 Domini,
3165 564 3233 620 et
3267 554 3528 639 sequuti
3567 554 3723 620 estis
3760 551 4018 617 Baalim
4057 551 4121 634 (l
4149 551 4314 635 Reg.
4347 555 4445 630 18,
4478 552 4601 636 18),

2646 642 2832 708 Haec
2888 641 3118 707 eadem
3172 649 3273 706 est
3328 646 3557 706 nostra
3612 638 3919 704 defensio.
4010 635 4352 720 Quidquid
4413 638 4602 705 hodie

2646 726 2991 793 turbarum
3034 737 3136 793 est
3178 727 3610 804 ac‘motuum,
3654 743 3870 807 neque
3904 730 4135 788 nostra
4177 722 4375 806 culpa
4414 745 4603 791 exar-

2647 812 2837 892 sisse,
2899 834 3109 897 neque
3153 834 3330 879 nunc
3372 812 3613 878 foveri:
3659 818 3863 874 totam
3910 829 4178 875 causam
4222 829 4366 874 esse
4401 830 4601 892 penes

2645 920 2773 979 eos,
2819 899 2931 982 qui
2975 900 3270 964 animum
3313 899 3531 981 potius
3576 896 4012 972 obstinarunt,
4053 895 4325 974 coelum,
4374 903 4600 977 terras,

2645 985 2854 1050 maria
2908 986 3214 1063 miseere,
3271 1004 3469 1066 quam
3514 982 3765 1048 Christi
3822 1001 4026 1064 regno
4081 980 4296 1045 locum
4350 982 4596 1048 cedere.

2645 1068 2781 1136 Sed
2835 1077 3091 1154 oportet
3143 1070 3406 1154 impleri
3460 1067 3632 1150 quod
3686 1067 4003 1150 scriptum
4064 1074 4189 1144 est,
4261 1088 4597 1133 sessurum

2642 1157 2938 1239 iniquum
2981 1156 3198 1236 illum,
3256 1154 3461 1220 donee
3504 1175 3652 1219 eum
3699 1152 3935 1235 spiritu
3982 1153 4114 1217 oris
4154 1153 4256 1218 sui
4301 1154 4602 1218 conficiat

2641 1242 2999 1321 Dominus,
3066 1249 3134 1307 et
3200 1240 3528 1307 adventus
3593 1238 3695 1305 sui
3765 1237 4201 1303 illustratione
4268 1239 4526 1305 aboleat
4550 1240 4599 1323 ¹)

2677 1332 2714 1391 2
2761 1328 2987 1394 Thess.
3037 1330 3073 1391 2
3141 1331 3179 1391 8
3217 1376 3231 1391 .

2645 1326 2672 1412 (
2817 1411 2952 1479 Sed
3009 1329 3373 1497 qtiae)erat
3426 1410 3624 1475 unica
3681 1408 3990 1474 remediis
4043 1410 4181 1488 via,
4236 1409 4423 1474 illam
4477 1429 4596 1477 nos

2641 1507 3062 1583 praepostera
3104 1499 3356 1565 actione
3400 1495 3742 1563 sustulisse
3786 1494 3947 1560 dicit
3979 1495 4278 1579 Pighius.
4366 1497 4596 1561 Pasto-

2642 1605 2793 1650 rum
2836 1585 3015 1650 enim
3059 1585 3480 1649 autoritatem
3536 1603 3656 1667 per
3714 1602 3836 1647 nos
3888 1579 4381 1659 labefactatam,
4442 1602 4595 1665 quo·

2642 1692 2790 1735 rum
2832 1677 3026 1736 erant
3057 1670 3225 1735 istae
3268 1677 3507 1752 partes.
3599 1665 3766 1748 Quis
3809 1686 3945 1731 non
3980 1666 4203 1734 videat
4237 1667 4417 1732 hune
4460 1669 4597 1733 Lu-

2643 1755 2813 1821 eiani
2871 1754 3260 1838 discipulum
3305 1754 3525 1839 palam
3580 1758 3728 1833 [pag.
3780 1758 3884 1833 16]
3928 1753 4003 1817 in
4056 1760 4190 1817 tam
4241 1752 4599 1818 miserabili

2641 1841 2953 1908 ecclesiae
2996 1841 3180 1908 clade
3223 1841 3513 1906 suaviter
3556 1837 3830 1904 ludere?
3921 1838 4313 1905 Pontificem
4354 1839 4601 1906 scilieet

2639 1949 2985 1993 romanum
3032 1936 3098 1993 et
3140 1934 3345 1992 totam
3386 1926 3528 1991 eius
3571 1923 3907 1992 cohortem
3949 1924 4119 1989 nihil
4160 1924 4340 1990 aliud
4384 1945 4599 1991 mera-

2640 2019 2755 2078 tur
2807 2013 2881 2077 in
2925 2013 3106 2078 vitiis
3159 2009 3592 2096 corrigendis,
3650 2030 3845 2093 quam
3901 2008 4077 2093 qued
4129 2010 4262 2076 illis
4317 2031 4439 2093 per
4480 2031 4599 2076 1100

2639 2098 2948 2182 adempta
2983 2106 3084 2164 est
3118 2097 3412 2164 facultas.
3472 2099 3567 2163 At
3601 2096 3775 2181 quid,
3813 2096 4100 2174 obsecre,
4137 2097 4378 2163 facturi
4412 2105 4599 2161 erant

2642 2185 2700 2249 si
2742 2186 3203 2263 tacuissemuS,
3263 2186 3373 2266 qui
3427 2204 3606 2249 nune
3665 2180 3820 2246 dum
3878 2189 4217 2264 tantopere
4259 2193 4596 2266 urgentur,

2640 2292 2775 2335 non
2818 2271 3038 2335 minus
3076 2270 3447 2336 securitatis
3490 2289 3565 2334 ac
3611 2266 3941 2334 socordiae
3977 2266 4353 2346 ostendunt,
4399 2289 4598 2352 quam

2642 2357 2699 2421 si
2743 2356 2929 2421 nulla
2984 2356 3293 2423 eeclesiae
3360 2376 3521 2420 eura
3576 2353 4053 2438 tangerentur?
4154 2354 4365 2420 Totus
4423 2353 4595 2420 orbis

2641 2441 2967 2522 clamitat,
3030 2449 3401 2507 extremum
3442 2441 3689 2505 instare
3746 2439 4054 2505 eeclesiae
4110 2440 4413 2518 exitium,
4471 2441 4593 2506 nisi

2641 2548 2795 2592 mox
2838 2528 3203 2592 remedium
3239 2526 3656 2592 adhibeatur:
3691 2526 4050 2591 necessitas
4083 2526 4244 2608 ipsa,
4291 2545 4459 2607 quae
4501 2534 4598 2592 est

2641 2613 2844 2678 telum
2872 2613 3281 2692 acerrimum,
3328 2632 3442 2677 eos
3470 2610 3795 2690 sollicitat,
3841 2619 3910 2675 et
3951 2613 4044 2677 sic
4078 2612 4340 2694 premit,
4388 2620 4464 2675 ut
4508 2613 4596 2677 ef·

2639 2699 2819 2783 fugio
2863 2698 3088 2765 nullus
3122 2705 3344 2782 pateat
3378 2697 3579 2764 locus.
3651 2697 3788 2762 Nos
3831 2696 3903 2760 in
3947 2696 4211 2761 illorum
4247 2705 4592 2779 torporem,

2640 2785 2744 2850 vel
2791 2785 3005 2868 potius
3048 2784 3406 2849 immanem
3449 2782 3906 2850 crudelitatem
3948 2783 4223 2862 fortiter,
4268 2783 4436 2848 sicut
4476 2805 4595 2868 par

2641 2877 2768 2950 est,
2813 2869 3212 2948 invehimur,
3258 2869 3429 2952 quod
3472 2868 3870 2952 periclitanti
3914 2868 4225 2934 eeclesiae
4268 2890 4403 2933 non
4449 2889 4596 2935 sue-

2640 2963 2926 3022 currant.
3019 2954 3241 3037 Quum
3287 2964 3387 3019 tot
3429 2954 3715 3020 stimulis
3755 2975 3887 3018 non
3932 2957 4403 3038 expergefiant,
4449 2975 4593 3038 spes

2640 3043 2811 3107 bona
2862 3049 2982 3122 est,
3037 3063 3348 3125 sponsore
3401 3040 3673 3123 Pighi0,
3736 3039 3818 3104 ad
3876 3039 4298 3124 corrigendos
4353 3039 4593 3107 abusus

2640 3128 2850 3210 primo
2895 3125 2999 3192 die
3044 3135 3504 3210 properaturos
3548 3124 3777 3204 fuisse,
3835 3125 3892 3190 si
3932 3125 4103 3190 nihil
4145 3147 4185 3190 a
4229 3127 4415 3190 nobis
4458 3147 4592 3191 mo-

2639 3221 2779 3278 tum
2825 3219 3015 3279 esset.
3106 3215 3202 3277 At
3242 3213 3535 3278 facerent
3585 3232 3765 3276 nunc
3819 3211 3949 3276 nisi
3996 3234 4036 3276 a
4077 3212 4268 3277 nobis
4322 3212 4590 3295 impedi·

2640 3305 2887 3363 rentur.
2976 3298 3115 3364 Cur
3156 3320 3288 3363 non
3324 3299 3530 3382 igitur
3572 3297 3766 3361 toties
3801 3298 4042 3380 rogati,
4088 3298 4192 3362 vel
4239 3306 4434 3363 tenue
4478 3298 4591 3362 ali·

2637 3383 2810 3468 quod
2851 3385 3181 3469 specimen
3217 3382 3603 3449 ediderunt?
3675 3384 3771 3447 At
3811 3383 3971 3449 haec
4007 3382 4388 3448 turbulenta
4431 3391 4590 3449 tem·

2639 3491 2799 3555 pora
2840 3470 3113 3535 minime
3168 3468 3507 3535 commoda
3553 3477 3711 3534 sunt
3765 3468 3848 3533 ad
3904 3467 4153 3550 aliquid
4197 3470 4587 3536 novandum.

2639 3557 2892 3639 Nempe
2945 3556 3181 3620 merito
3226 3557 3462 3620 timent
3515 3577 3601 3620 ne
3658 3555 3713 3619 si
3773 3554 4067 3621 aedificio
4122 3555 4297 3620 male
4358 3555 4587 3639 alioqui

2638 3640 2941 3720 fundato,
2998 3663 3230 3707 rursus
3274 3642 3445 3707 mole
3488 3662 3608 3707 sua
3651 3639 3977 3706 laboranti
4022 3649 4089 3705 et
4131 3642 4318 3723 quasi
4363 3643 4590 3720 ruenti,

2640 3727 2724 3793 ad
2754 3727 2934 3807 haee,
2980 3734 3325 3812 corruptae
3352 3748 3429 3792 ac
3463 3727 3866 3809 putrefactae
3902 3726 4243 3804 materiae,
4268 3735 4590 3809 postremo

2637 3814 2769 3878 iam
2803 3814 3063 3878 nutanti
3115 3821 3181 3877 ct
3227 3814 3597 3896 quatefacto
3640 3833 3875 3878 manus
3911 3812 4112 3878 semel
4149 3812 4590 3892 admoveatur,

2641 3898 2852 3964 subito
2893 3905 3044 3963 ruat
3076 3899 3147 3963 in
3188 3919 3518 3983 praeeepS,
3565 3919 3810 3981 suoque
3854 3919 4008 3964 casu
4062 3898 4458 3965 architectos
4497 3899 4592 3983 ip-

2642 4005 2747 4050 sos
2784 3985 3125 4069 opprimat.
3199 3984 3348 4051 Hoc
3385 3984 3672 4068 profecto
3708 3991 3825 4063 est,
3870 3985 4010 4063 hoe,
4056 3985 4346 4066 inquam,
4391 4006 4593 4050 unum

2646 4077 2764 4150 est,
2812 4069 2983 4152 quod
3028 4078 3266 4135 curant
3309 4091 3537 4135 omnes
3578 4070 3691 4134 isti
3745 4070 3915 4153 lupi,
3963 4069 4247 4154 qualiter
4290 4092 4450 4136 suae
4491 4079 4594 4155 ty·

2644 4155 2914 4221 rannidi
2956 4163 3235 4221 caveant
3276 4155 3347 4220 in
3390 4167 3756 4239 posterum,
3802 4155 4039 4239 quibus
4083 4176 4231 4220 eam
4275 4156 4597 4223 machinis

2643 4241 3007 4320 stabiliant,
3063 4262 3147 4305 ne
3187 4242 3343 4324 quid
3388 4241 3671 4323 amplius
3720 4262 3945 4306 eorum
4003 4240 4280 4307 obsistat
4322 4241 4595 4307 libidini.

2645 4327 2823 4407 Quid
2880 4347 3076 4411 porro
3133 4326 3214 4391 de
3257 4328 3530 4394 ecclesia
3574 4328 3722 4406 fiat,
3778 4348 4017 4410 susque
4061 4327 4270 4410 deque
4316 4328 4594 4394 habent:

2644 4434 2853 4495 neque
2910 4420 3148 4495 putant
3190 4434 3312 4478 sua
3355 4413 3634 4491 referre,
3691 4415 3886 4478 etiam
3946 4413 4005 4478 si
4056 4414 4309 4479 centies
4354 4422 4598 4497 pereat.

2644 4497 2722 4565 Si
2776 4518 2884 4563 me
2950 4497 3201 4580 aliquid
3263 4501 3514 4584 fingere
3583 4498 3759 4563 dicat
3812 4498 4123 4583 Pighius,
4192 4519 4327 4564 non
4385 4500 4602 4567 citabo

2644 4605 2883 4667 paucos
2927 4591 3146 4663 testes,
3191 4586 3304 4669 qui
3346 4585 3511 4650 mihi
3556 4583 3985 4664 subscribant,
4032 4584 4148 4650 sed
4184 4604 4418 4651 omnes
4462 4588 4606 4669 pio·

2641 4691 2788 4736 rum
2853 4670 3285 4738 conscientias
3346 4670 3593 4737 iudices
3611 4671 3668 4753 2>
3736 4672 3987 4736 faciam.
4077 4668 4274 4735 Hanc
4341 4693 4607 4755 quoque

2640 4757 2723 4822 Pi
2773 4757 2867 4821 hii
2935 4756 3268 4838 querelam
3339 4777 3576 4842 operae
3641 4756 3923 4838 pretium
3962 4763 4092 4821 est
4149 4756 4406 4835 audire,
4475 4779 4606 4825 nos

2642 4777 2969 4924 puilicam
3024 4843 3336 4908 ecelesiae
3392 4842 3806 4926 disciplinam
3874 4842 4222 4926 praecipue
4277 4842 4608 4909 turbasse.

2645 4926 2851 5009 Quasi
2906 4949 3067 4996 vero
3132 4929 3479 5012 disciplina
3532 4930 3751 5011 aliqua
3818 4933 3977 4993 tune
4031 4929 4255 4992 fuerit:
4333 4950 4408 4995 ae
4461 4951 4611 4996 non

2778 5149 2836 5212 1)
2880 5148 2974 5205 Sic
2997 5150 3266 5218 princeps
3300 5156 3353 5205 et
3391 5150 3602 5205 Gailus.
3668 5149 3883 5205 Caetera·
3911 5148 4081 5204 male.-
4114 5149 4411 5206 aboleatur.

2635 5217 2837 5341 habai.)
2850 5286 2868 5340 i
2868 5217 2973 5356 ιι1800
2977 5218 3246 5343 8'editione
3281 5220 3541 5289 principe
3589 5220 3814 5289 legitur.-
3858 5218 4077 5274 indices.
4162 5218 4350 5274 Venio
4390 5217 4613 5288 yauiea
