4967 5992
397 377 523 439 349

394 564 686 631 Domino
723 583 859 628 non
899 561 1268 644 paruimus,
1314 579 1392 624 eo
1432 560 1683 624 factum
1726 567 1855 635 est,
1944 557 2061 621 uia
2098 559 2350 640 peccati

395 648 828 715 dominationi
873 645 1170 712 obnoxiis
1209 643 1494 710 liberum
1533 662 1664 709 non
1701 642 1845 708 fuit.
1974 651 2193 708 rustra
2224 645 2348 727 igi-

394 743 510 801 tur
560 732 739 799 mala
800 733 990 798 nobis
1054 730 1569 813 exprobrantur,
1638 748 1806 811 quae
1860 729 2150 812 effugere
2214 750 2348 794 non

392 821 521 886 fuit
555 825 823 884 nostrae
865 817 1227 901 potestatis.
1317 813 1710 898 Respondeo
1754 812 1926 896 quod
1968 834 2204 879 verum
2246 822 2350 879 est

395 926 474 971 ac
528 904 837 986 simplex:
906 900 1441 985 investigandum
1503 921 1646 966 esse
1712 898 1874 965 mali
1929 900 2206 979 fontem,
2273 906 2349 963 ut

394 989 549 1057 inde
590 989 937 1066 iudicetur,
973 987 1245 1053 ubinam
1288 984 1575 1052 resideat
1616 984 1838 1067 culpa,
1883 992 1999 1048 aut
2035 986 2110 1048 in
2149 1005 2346 1067 quem

394 1076 676 1143 conferri
742 1072 993 1140 debeat.
1093 1072 1240 1138 Iam
1312 1091 1507 1137 nemo
1576 1070 1753 1134 aliud
1808 1071 2078 1168 causari·
2131 1078 2350 1152 potest

392 1156 1682 1324 ἓῗιῇξῗῗὲηωᾲῗεὲἓὲἒᾚζώζὲαξωὲ
1720 1154 2347 1307 1ζέᾙέἲέἒὲζῖ

390 1333 715 1415 ruptione.
803 1328 984 1411 Quid
1008 1331 1015 1340 '
1037 1328 1244 1412 igitur
1295 1326 1592 1411 prodest,
1648 1326 1790 1391 eius
1842 1325 2164 1391 invidiam
2219 1326 2346 1390 alio

389 1418 709 1496 derivare,
754 1414 926 1498 quod
966 1413 1112 1480 iure
1154 1412 1342 1478 nobie
1385 1411 1792 1495 imputatur?
1874 1410 2128 1493 Culpae
2171 1409 2345 1475 radi-

393 1523 537 1570 cem
577 1503 649 1566 in
690 1501 879 1567 nobis
920 1499 1316 1567 invenimus.
1378 1496 1559 1578 Quid
1602 1516 1779 1580 erge,
1826 1495 1908 1561 ad
1953 1496 2345 1579 captandam

393 1587 877 1654 excusationem
935 1605 1251 1651 conamur
1302 1583 1429 1648 alio
1485 1583 1841 1647 transferre
1858 1581 1890 1643 *Ρ
1991 1581 2187 1646 Η666
2238 1602 2343 1646 16-

391 1673 810 1758 sponsionem
873 1671 1035 1736 satis
1087 1668 1307 1736 valida
1381 1668 1827 1733 confutatione
1889 1667 2207 1750 repellere
2272 1687 2343 1732 se

389 1765 578 1842 putat
609 1757 923 1841 Pighius,
980 1755 1138 1820 dum
1181 1776 1298 1820 suo
1340 1750 1605 1819 fastidio
1660 1753 1942 1835 respuit:
1998 1753 2127 1818 nisi
2168 1750 2343 1835 quod

389 1846 460 1910 in
504 1843 757 1928 Moysis
798 1841 1190 1917 testimonio,
1212 1839 1374 1907 ,11116
1418 1839 1621 1903 611616
1663 1858 1964 1915 excusse,
2010 1837 2342 1919 aliquanto

390 1929 770 2011 diligentius
812 1926 1077 1993 insistit.
1165 1925 1435 2009 Moyses
1478 1923 1689 2002 enim,
1734 1922 2151 2005 promulgata
2195 1928 2341 2002 [pag.

396 2019 541 2092 162]
609 2014 793 2096 lege,
858 2011 1177 2096 populum
1227 2011 1298 2075 in
1351 2009 1529 2074 hunc
1582 2007 1853 2073 modum
1906 2017 2338 2074 contestatur:

387 2098 784 2166 Mandatum
827 2098 970 2176 hoc,
1014 2095 1188 2178 quod
1224 2115 1345 2179 ego
1390 2092 1581 2159 hodie
1624 2093 1744 2158 tibi
1789 2093 2146 2175 praecipio,
2205 2113 2340 2156 non

388 2190 489 2251 est
542 2184 900 2261 occultum,
969 2202 1183 2265 neque
1226 2179 1455 2263 procul
1498 2178 1815 2261 positum,
1870 2177 1987 2243 sed
2041 2179 2231 2242 iuxta
2272 2185 2341 2241 te

387 2276 505 2350 est,
550 2271 622 2334 in
666 2290 779 2334 ore
822 2276 970 2346 tue,
1028 2276 1095 2332 et
1135 2268 1206 2331 in
1252 2264 1446 2332 corde
1489 2271 1602 2329 tuo
1655 2263 1882 2346 (Deut.
1923 2267 2024 2341 30,
2072 2268 2164 2327 ll.
2210 2262 2338 2346 14).

387 2354 573 2421 Η666
613 2354 1004 2421 contestatio
1046 2373 1252 2435 quum
1294 2350 1597 2417 videatur
1630 2349 1699 2412 in
1746 2348 2013 2413 homine
2056 2348 2341 2412 multum

387 2440 724 2520 collocare,
760 2438 974 2506 videri
1009 2438 1211 2503 etiam
1248 2441 1468 2520 posset
1506 2434 1827 2517 superiori
1849 2432 2161 2498 solutioni
2197 2453 2340 2499 esse

386 2527 732 2592 centraria.
800 2526 972 2590 Eam
1014 2524 1217 2608 igitur
1250 2521 1503 2586 adduco
1547 2526 1616 2584 et
1656 2517 1938 2601 explico:
1985 2538 2196 2601 neque
2240 2527 2340 2583 ta-

382 2631 546 2677 men
580 2610 845 2674 interim
879 2607 1237 2687 dissimu10,
1274 2606 1537 2672 eludere
1571 2615 1947 2687 promptum
1983 2603 2147 2670 mihi
2180 2606 2337 2683 fore,

384 2697 447 2761 si
491 2695 785 2761 cavillari
825 2693 1139 2770 haberem
1181 2693 1253 2758 16
1286 2692 1537 2757 animo:
1583 2692 1807 2772 utique
1851 2691 1908 2754 si
1943 2689 2024 2755 de
2066 2690 2340 2755 notitiae

384 2788 665 2860 1611111111,
709 2801 847 2844 606
888 2787 1110 2846 autem
1155 2776 1547 2845 observandi
1579 2776 1907 2854 facilitate,
1946 2776 2056 2858 agi
2090 2773 2336 2841 dixero.

384 2864 523 2933 Sed
568 2865 842 2932 ostendo
884 2887 969 2931 ex
1011 2864 1241 2944 Paulo,
1285 2864 1432 2946 quis
1475 2863 1616 2928 sine
1651 2860 1849 2926 dubio
1883 2860 2210 2945 genuinus
2253 2862 2342 2926 sit

384 2973 463 3019 66
506 2973 714 3035 purus
759 2970 1020 3017 sensus:
1081 2969 1320 3031 nempe
1362 2949 1419 3013 si
1463 2946 1547 3012 ad
1591 2946 2029 3030 evangelium,
2075 2967 2211 3012 non
2255 2947 2341 3014 ad

380 3037 601 3122 legem
641 3039 908 3102 referas.
976 3036 1064 3101 In
1105 3029 1467 3101 refellenda
1505 3032 1712 3117 priori
1752 3032 2093 3109 solutione,
2141 3053 2340 3116 quam

380 3123 525 3206 ipse
580 3122 1054 3190 cavillatoriam
1115 3141 1257 3187 esse
1298 3121 1536 3197 fateor,
1595 3116 1881 3183 multum
1922 3116 2180 3183 laborat
2221 3119 2338 3184 Pi-

382 3208 609 3294 ghius:
680 3207 764 3274 ad
807 3207 979 3273 hanc
1047 3207 1325 3272 alteram
1367 3225 1571 3286 quum
1628 3211 1906 3270 ventum
1969 3212 2099 3281 est,
2166 3205 2338 3269 nihil

380 3314 573 3377 posse
617 3293 968 3360 absurdius
1003 3293 1165 3376 fingi
1199 3290 1555 3370 existimat,
1601 3296 1715 3354 aut
1756 3289 1967 3373 magis
2010 3310 2051 3353 a
2084 3289 2338 3374 Moysis

379 3379 606 3445 verbis
649 3377 1170 3457 dissentaneum,
1228 3397 1424 3464 quam
1469 3377 1527 3441 si
1568 3395 1803 3441 verum
1847 3376 1965 3454 sit,
2010 3373 2091 3438 de
2133 3396 2336 3441 evan-

380 3464 555 3550 gelio
598 3472 898 3548 oportere
939 3464 1063 3530 hoc
1105 3462 1403 3545 intelligi.
1492 3461 1639 3526 Iam
1682 3460 1848 3525 nihil
1892 3461 2116 3540 miror,
2163 3460 2338 3542 quod

378 3559 522 3615 tam
562 3547 831 3616 saevum
874 3570 950 3617 ac
994 3548 1439 3630 truculentum
1482 3546 1834 3612 adversum
1878 3565 2000 3610 nos
2044 3567 2116 3611 se
2149 3566 2335 3628 prae-

378 3635 552 3713 beat,
642 3656 805 3701 uum
860 3636 931 3699 in
983 3635 1287 3718 spiritum
1331 3639 1628 3698 sanctum
1670 3631 1879 3696 nihilo
1922 3633 2009 3696 sit
2049 3631 2336 3698 clemen-

379 3721 530 3787 tior.
649 3729 789 3786 erte
832 3721 1102 3804 spiritus
1146 3718 1416 3795 Christi,
1436 3727 1443 3736 ‘
1463 3717 1577 3800 qui
1619 3737 1738 3800 per
1781 3718 2064 3801 Moysen
2105 3718 2336 3801 loquu-

378 3814 493 3870 tus
536 3807 784 3886 fuerat,
840 3825 960 3890 per
999 3827 1073 3871 os
1113 3804 1309 3870 Pauli
1356 3803 1579 3877 (Rom.
1626 3808 1721 3882 10,
1764 3810 1819 3867 5.
1862 3805 1966 3886 ὃ),
2015 3803 2171 3886 quid
2216 3825 2334 3869 vo-

376 3892 612 3971 luerit,
667 3899 950 3958 enarrat.
1038 3891 1269 3972 Neque
1326 3909 1485 3955 vero
1535 3889 1852 3972 perplexa
1904 3896 2008 3953 est
2062 3897 2180 3954 aut
2220 3890 2335 3955 ob-

377 3997 578 4043 scura
635 3977 1106 4060 interpretatiO.
1216 3975 1334 4040 Fit
1399 3974 1577 4039 enim
1610 3974 1971 4058 evangelii
2038 3983 2107 4039 et
2168 3974 2335 4060 legis

377 4064 810 4146 comparatio:
854 4061 1028 4145 quod
1070 4060 1182 4126 lex
1226 4061 1432 4126 vitam
1475 4080 1610 4125 non
1651 4060 2012 4142 promittat,
2059 4060 2191 4126 nisi
2230 4062 2330 4141 iis,

377 4148 496 4231 qui
547 4147 859 4213 mandata
908 4146 1361 4231 impleverint3
1429 4145 1844 4229 evangelium
1908 4153 2127 4211 autem
2184 4167 2336 4229 gra-

378 4234 617 4299 tuitam
667 4233 987 4298 iustitiam
1041 4232 1304 4310 offerat,
1360 4251 1491 4313 qua
1551 4231 1853 4296 homines
1908 4229 2055 4296 Deo
2096 4252 2335 4298 -recon-

378 4317 690 4386 cilientur
705 4369 721 4397 ,
782 4339 858 4384 ac
920 4325 1229 4384 aeternae
1292 4316 1524 4382 salutis
1588 4314 1905 4382 haeredes
1967 4318 2148 4381 fiant.
2253 4317 2337 4384 In

378 4405 559 4470 hanc
591 4424 734 4469 rem
768 4403 1008 4470 citatur
1039 4403 1220 4468 locus
1254 4401 1397 4467 ille:
1442 4401 1509 4466 N
1511 4421 1599 4466 on
1632 4400 1864 4484 procul
1898 4408 2000 4467 est
2034 4403 2330 4481 verbum,

376 4509 594 4571 neque
637 4509 839 4571 supra
880 4497 944 4553 te
987 4490 1211 4567 situm,
1257 4495 1325 4552 et
1366 4485 1662 4552 additur:
1718 4486 1866 4551 Hoc
1910 4496 2012 4553 est
2052 4489 2334 4554 verbum

376 4573 555 4653 fidei,
641 4573 771 4639 uod
811 4573 1281 4657 praedicamus.
1372 4570 1450 4638 Si
1503 4573 1937 4656 perspicuitas
1978 4575 2332 4655 quaeritur,

376 4659 542 4743 quid
595 4596 922 4726 desideres
974 4660 1186 4743 magis
1229 4657 1315 4723 ad
1366 4656 1878 4741 intelligendum
1929 4658 2164 4724 facile?
2256 4658 2333 4726 Si

374 4746 729 4811 autoritas:
782 4744 1058 4811 coeleste
1101 4751 1203 4809 est
1244 4743 1602 4808 oraculum.
1689 4742 2165 4809 Audiendaene
2206 4746 2332 4829 igi-

372 4841 496 4895 tur
534 4829 668 4895 iam
710 4839 868 4896 sunt
908 4837 1135 4896 contra
1169 4828 1394 4913 Pighii
1437 4826 1926 4910 blasphemiae?
1993 4826 2129 4893 Sed
2172 4850 2330 4911 quo-

370 4916 562 4982 niam
599 4914 850 4982 bellum
891 4915 1066 4981 coelo
1099 4914 1501 4981 denunciare
1542 4935 1677 4979 nen
1712 4914 1939 4980 horret
1971 4913 2083 4978 hio
2124 4915 2330 4999 gigas,

370 5007 751 5085 spectemus
801 5002 1163 5084 paulisper,
1228 5000 1488 5083 qualem
1554 5000 2050 5082 impressionem
2112 5001 2328 5067 faciat.

368 5088 606 5165 Totus,
648 5088 885 5169 inquit,
928 5093 1274 5153 contextus
1306 5089 1674 5152 necessario
1706 5085 2013 5168 postulat,
2058 5084 2139 5150 de
2180 5085 2330 5171 lege

367 5171 682 5256 intelligi.
782 5171 1027 5238 Fateor
1078 5180 1255 5237 certe
1297 5171 1380 5237 de
1431 5171 1577 5255 lege
1630 5172 1916 5254 primum
1930 5223 1945 5251 ,
2006 5179 2328 5256 quatenus

365 5255 469 5326 ad
507 5257 929 5342 evangelium
972 5259 1292 5325 transitus
1334 5264 1451 5337 est,
1496 5256 1693 5340 idque
1732 5258 1929 5325 officii
1972 5257 2204 5339 habet,
2252 5266 2328 5324 ut

1876 370 2007 437 DE
2048 370 2404 439 LIBERO
2447 369 2923 438 ABBI'PRIO.

2389 4115 2400 4200 ἦ

4287 379 4412 441 350

2454 555 2540 623 ad
2582 556 2928 623 Christum
2987 562 3135 637 [pag.
3180 565 3328 640 163]
3383 581 3590 626 manu
3638 560 3855 626 ducat.
3943 561 4197 626 Verum
4253 584 4411 647 quo·

2450 643 2636 708 niam
2696 642 2778 708 de
2835 643 2991 709 solis
3047 647 3414 728 praeceptis
3480 647 3734 713 frustra
3786 646 3948 713 haec
4016 646 4408 729 dicerentur,

2449 728 2563 794 vel
2606 729 2836 795 saltem
2880 750 3117 812 parum
3158 731 3409 796 homini
3466 732 3933 810 conducerent,
3989 754 4123 798 nou
4167 734 4295 798 nisi
4337 736 4409 799 in

2453 814 2732 879 exitium
2778 813 3028 881 scilicet
3060 816 3178 896 illi,
3224 825 3490 899 propter
3524 826 3802 882 naturae
3839 818 4072 883 vitium
4109 839 4406 886 cessura:

2450 897 2598 965 ideo
2640 921 2776 966 non
2818 922 2938 983 per
2968 897 3352 986 κατάχρησιν,
3398 903 3512 968 sed
3550 902 3910 969 secundum
3958 903 4297 986 proprium
4340 915 4410 971 et

2450 984 2794 1064 literalem,
2841 996 2918 1050 ut
2960 987 3053 1051 sic
3088 986 3333 1069 loquar,
3372 1009 3655 1068 sensum,
3703 986 3788 1053 ad
3822 989 4237 1073 evangelium
4272 999 4409 1057 tra-

2451 1069 2637 1135 ducit
2676 1071 2946 1137 Paulus.
3030 1073 3237 1156 Atqui
3281 1074 3443 1139 haec
3486 1075 3783 1139 illusoria
3826 1083 4005 1140 sunt:
4065 1075 4408 1159 Praecipio

2451 1164 2527 1219 ut
2567 1156 2797 1235 faciaS,
2843 1176 3133 1240 propono
3177 1159 3245 1222 in
3291 1167 3642 1243 conspectu
3688 1167 3803 1223 tuo
3847 1158 4043 1225 hodie
4088 1162 4300 1226 vitam
4341 1172 4408 1227 et

2450 1248 2759 1306 mortem:
2821 1243 2875 1306 si
2932 1244 3487 1326 contemptoribus
3543 1244 3874 1324 dicantur,
3935 1267 4097 1328 quos
4141 1267 4408 1314 necesse

2449 1325 2540 1390 sit
2592 1325 2662 1389 in
2720 1348 2841 1391 sua
2896 1326 3137 1393 duritie
3194 1350 3269 1394 66
3324 1332 3740 1396 60616616616·
3771 1331 4155 1412 persistere,
4202 1332 4407 1399 donec

2450 1429 2563 1474 cor
2595 1412 2890 1493 ipsorum
2929 1413 3259 1495 lapideum
3295 1416 3608 1480 reformet
3640 1417 3843 1481 Deus.
3910 1416 4060 1481 Non
4095 1418 4190 1483 sic
4225 1418 4407 1483 Pau-

2446 1494 2575 1574 lus,
2620 1497 2734 1578 qui
2778 1496 2991 1581 legem
3036 1499 3183 1564 ideo
3229 1501 3667 1566 ministerium
3712 1502 3975 1580 mortis,
4021 1511 4090 1567 et
4132 1502 4405 1570 damna-

2447 1580 2646 1646 tionis
2690 1591 2882 1648 vocat
2924 1583 2993 1666 (2
3021 1582 3170 1650 Cor.
3213 1589 3271 1664 3,
3314 1588 3401 1666 7),
3447 1586 3618 1670 quod
3662 1586 3831 1652 nihil
3874 1607 4072 1669 quam
4114 1588 4405 1655 occidere

2447 1673 2515 1731 et
2556 1666 2759 1731 exitio
2803 1667 2960 1732 dare
3009 1689 3162 1734 suos
3206 1670 3562 1755 discipulos
3605 1671 3908 1755 potuerit,
3953 1673 4084 1738 nisi
4127 1695 4244 1756 per
4287 1695 4405 1740 no-

2446 1772 2606 1817 vum
2664 1751 2892 1817 foedus
2953 1754 3253 1821 cordibus
3309 1757 3643 1841 insculpta
3708 1767 3899 1823 esset.
4000 1758 4130 1823 His
4191 1759 4400 1839 dictis,

2445 1839 2632 1919 quasi
2687 1859 2795 1902 me
2850 1841 3277 1906 constrictum
3333 1842 3416 1906 ad
3473 1865 3669 1909 suum
3724 1841 4017 1908 tribunal
4071 1864 4260 1909 reum
4302 1846 4404 1910 iu-

2447 1922 2575 1987 dex
2630 1929 2852 1988 teneat
2865 1975 2882 2003 ,
2941 1925 3345 1992 sufficienter
3412 1926 3936 1993 demonstratum
3992 1931 4403 2011 pronunciat,

2443 2028 2646 2090 quam
2690 2011 3019 2074 contraria
3053 2013 3420 2077 sententiae
3455 2021 3719 2078 nostrae
3756 2015 3845 2079 sit
3875 2021 4018 2078 tota
4060 2016 4401 2098 scriptura.

2442 2093 2590 2176 Ego
2648 2115 2806 2160 vero
2862 2095 3165 2174 consule,
3222 2097 3280 2161 si
3335 2097 3496 2180 quid
3551 2099 3845 2163 iudicare
3903 2099 4178 2181 posthac
4220 2101 4402 2180 velit,

2442 2186 2523 2242 ut
2578 2200 2648 2244 se
2701 2180 2887 2262 prius
2940 2180 3023 2245 ad
3070 2181 3460 2266 Anticyram
3518 2185 3838 2248 conferat:
3897 2183 4073 2249 unde
4127 2187 4407 2253 sanioris

2444 2272 2511 2327 et
2551 2265 2952 2348 purgatioris
2997 2268 3249 2332 cerebri
3292 2267 3536 2332 redeat.

2918 2520 3019 2586 IN
3063 2521 3436 2589 LIBRUM
3479 2521 3708 2604 QUIN
3713 2524 3929 2590 TUM.

2618 2690 2825 2756 Libro
2867 2691 3096 2773 quinto
3130 2691 3202 2757 16
3236 2692 3361 2758 1106
3406 2692 3714 2774 elaborat,
3742 2696 3794 2778 ¹)
3837 2703 3914 2759 ut
3951 2696 4238 2761 recitatis
4275 2697 4400 2762 ite-

2442 2797 2595 2841 rum
2630 2775 2980 2841 haereticis
3012 2776 3366 2857 veteribus,
3409 2780 3521 2861 qui
3554 2780 3628 2843 in
3661 2782 3998 2864 praesenti
4019 2783 4401 2863 quaestione

2444 2861 2866 2941 aberrarunt,
2924 2862 3101 2927 inter
3157 2862 3452 2930 diversas
3507 2872 3576 2929 et
3627 2873 4003 2949 pugnantes
4069 2873 4401 2933 sectarum

2443 2948 2779 3031 opiniones
2822 2947 2916 3014 sic
2959 2955 3398 3032 temperatam
3441 2950 3744 3016 ostendat
3785 2972 3994 3030 suam,
4039 2953 4269 3034 suique
4312 2954 4401 3020 si-

2441 3034 2702 3099 milium
2754 3031 3146 3114 doctrinam,
3215 3043 3290 3099 ut
3354 3036 3436 3102 ab
3492 3038 3806 3103 extremis
3858 3038 4016 3104 hinc
4080 3037 4234 3103 inde
4296 3058 4400 3104 re-

2442 3127 2671 3197 tracta,
2716 3118 3236 3185 mediocritatem
3278 3121 3592 3187 retineat:
3649 3143 3770 3188 nos
3813 3144 3971 3190 vero
4012 3130 4272 3202 contra,
4316 3144 4401 3189 ex

2442 3204 2723 3289 singulis
2768 3224 2996 3269 eorum
3037 3207 3150 3288 qui
3193 3206 3482 3271 libertati
3516 3208 3775 3273 arbitrii
3816 3207 4236 3292 derogarunt,
4281 3208 4401 3272 ali-

2442 3290 2599 3373 quid
2640 3290 2937 3355 hausisse
2947 3313 2964 3371 ;
3010 3303 3205 3373 atque
3249 3293 3344 3355 ita
3386 3293 3784 3374 permixtam
3874 3295 4072 3358 artim
4106 3312 4191 3357 ex
4223 3293 4400 3357 mul-

2442 3377 2530 3441 tis
2573 3375 2901 3457 variisque
2939 3375 3270 3440 erroribus
3326 3375 3692 3442 doctrinam
3748 3377 3836 3443 ha
3917 3399 3991 3444 re
4034 3378 4397 3456 convincat,

2440 3462 2679 3544 partim
2738 3481 2912 3526 nova
2965 3461 3165 3525 etiam
3221 3472 3590 3527 commenta
3633 3460 3990 3542 addidisse,
4047 3483 4212 3546 quae
4257 3481 4397 3527 om-

2440 3566 2596 3611 nem
2662 3546 2954 3628 priorum
3030 3545 3512 3612 haereticorum
3590 3548 3995 3630 impietatem
4065 3557 4394 3630 superent.

2439 3632 2581 3697 Nos
2625 3631 2803 3696 enim
2847 3652 2999 3697 cum
3040 3631 3399 3710 Marcione,
3442 3632 3816 3712 valentine,
3874 3633 4283 3710 Manichaeo,
4330 3644 4398 3699 et

2441 3717 2796 3796 similibus,
2855 3725 3167 3782 naturam
3227 3718 3514 3782 hominis
3579 3717 3823 3784 malam
3892 3719 4176 3804 fingere:
4245 3740 4396 3785 cum

2440 3803 2808 3870 VViclefuo
2874 3810 2942 3868 et
3005 3804 3371 3869 Laurentio
3435 3803 3633 3869 Valla
3649 3856 3664 3883 ,
3732 3804 4065 3869 hominem
4131 3804 4396 3870 divinae

2439 3898 2700 3955 tantum
2756 3888 3114 3954 voluntatis
3179 3890 3695 3955 instrumentum
3759 3895 3907 3969 [pag.
3955 3894 4101 3969 164]
4160 3890 4392 3968 facere,

2438 3983 2516 4040 ut
2558 3982 2795 4059 agatur
2837 3975 3077 4056 potius,
3119 3995 3316 4058 quam
3349 3986 3521 4126 affl.
3579 3974 3825 4041 Omnia
3866 3974 4268 4058 suspendere
4310 3995 4394 4040 ex

2438 4062 2568 4126 Dei
2612 4061 2809 4126 unius
2854 4059 3153 4124 arbitrio:
3209 4067 3287 4125 ut
3327 4062 3399 4126 ni
3455 4063 3468 4076 ‘
3542 4062 3734 4129 nobis
3784 4061 4244 4144 contingenter
4287 4078 4393 4124 66-

2440 4146 2645 4222 cidat,
2692 4145 2809 4211 scd
2859 4166 3045 4211 mera
3086 4148 3475 4213 necessitate
3529 4148 3766 4212 omnia.
3855 4146 4005 4210 Hoc
4046 4166 4204 4212 vero
4248 4145 4393 4210 aliis

2441 4230 2747 4296 omnibus
2789 4230 3032 4297 habere
3072 4233 3276 4314 peius,
3317 4232 3494 4317 quod
3531 4240 3753 4298 tantae
3786 4230 4240 4314 perversitatis
4273 4249 4393 4294 na-

2440 4325 2659 4382 turam
2704 4323 2932 4395 totam,
2977 4326 3225 4399 quanta
3258 4329 3505 4401 quanta
3548 4327 3664 4396 est,
3710 4316 4127 4395 damnamus,
4170 4321 4249 4380 ut
4289 4317 4392 4380 ni·-⁴

2440 4402 2534 4467 hil
2580 4402 2790 4486 possit
2821 4422 3020 4485 quam
3053 4404 3228 4469 male
3266 4425 3481 4488 agere,
3528 4406 3729 4469 etiam
3762 4403 3833 4467 in
3868 4402 4141 4466 sanctis:
4186 4421 4392 4483 quum

2437 4488 2556 4568 illi,
2598 4487 2996 4554 Valentinus
3032 4489 3297 4569 scilicet,
3332 4489 3653 4567 Marcion,
3692 4509 3768 4553 ac
3803 4487 4198 4566 Manichaei,
4239 4506 4390 4570 par-

2440 4576 2561 4638 tim
2616 4575 2888 4652 bonam,
2955 4575 3199 4656 partim
3262 4575 3508 4639 malam
3565 4573 3925 4640 docuerint.
4034 4573 4197 4637 Dixi
4256 4574 4392 4637 iam

2436 4667 2612 4738 ante,
2654 4667 2723 4725 et
2766 4659 2954 4742 quasi
2994 4657 3203 4742 digito
3246 4659 3565 4738 indicavi,
3613 4679 3811 4741 quam
3866 4657 4097 4742 putida
4139 4658 4228 4723 sit
4280 4679 4389 4724 ca-

2436 4744 2688 4810 lumnia
2701 4797 2718 4824 ‚
2766 4742 2941 4827 quod
2991 4765 3111 4809 nos
3151 4745 3249 4809 ita
3290 4745 3615 4811 Marcioni
3659 4752 3726 4810 et
3777 4743 4190 4810 Manichaeis
4233 4744 4389 4809 sub-

2416 4830 2590 4897 inde
2655 4829 2985 4912 adiungit:
3077 4850 3118 4894 a
3188 4829 3424 4913 quibus
3490 4851 3627 4896 non
3696 4831 3915 4896 minus
3977 4828 4386 4907 dissidemus,

2437 4935 2634 4998 quam
2672 4915 2952 4998 Pighius
3006 4915 3149 4996 ipse
3205 4937 3247 4981 a
3301 4915 3506 4982 nobis.
3597 4915 3790 4997 Quod
3833 4923 4137 4981 naturam
4182 4912 4387 4980 tradi-

2670 5204 2766 5259 Sic
2797 5203 2917 5259 cola
2941 5205 3222 5274 princeps.
3297 5203 3557 5260 anterae
3590 5219 3803 5261 omnes.-
3845 5204 4178 5261 elaborabat.
4254 5202 4385 5259 Gal-

2430 5273 2545 5327 lus.-
2571 5203 2629 5328 i?
2653 5275 2899 5329 insistoit.
