4967 5992
398 309 523 374 505

398 499 508 576 89]
550 496 662 561 An
705 517 843 561 000
883 516 962 562 00
1001 493 1196 562 010ᾶο
1230 495 1550 580 inglorius
1584 496 1982 579 relinquitur
2003 493 2353 560 Christus?

395 582 586 663 quasi
650 581 1007 648 sacerdotis
1063 583 1276 649 officio
1343 582 1548 648 semel
1596 582 1669 647 in
1727 587 1940 646 morte
2007 579 2356 647 defunctus

394 667 562 733 illud
606 690 785 734 0000
830 669 1077 734 sanctis
1119 668 1572 753 resignaverit
1663 668 1777 732 An
1820 674 1980 733 tunc
2022 666 2222 732 etiam
2258 673 2357 729 ta-

395 753 680 819 cendum
725 761 843 834 est,
881 755 995 820 ubi
1026 754 1381 838 praecipua
1426 752 1680 820 Christi
1724 752 2032 836 dignitas,
2079 758 2148 815 et
2191 771 2355 834 quae

393 837 494 904 illi
535 846 723 904 tanto
776 841 990 923 pretio
1031 840 1357 920 constitit,
1418 840 1500 905 ab
1544 860 1621 904 eo
1663 859 1784 921 per
1825 858 2154 903 summam
2197 856 2355 903 con-

395 925 737 991 tumeliam
788 933 1043 1008 erepta,
1098 926 1274 991 inter
1326 932 1619 1005 sanctos,
1721 924 1866 989 uasi
1921 922 2160 987 hostile
2204 942 2354 1004 spo-

393 1009 579 1085 lium,
625 1009 1083 1077 distribuitur?
1149 1012 1261 1090 At,
1306 1011 1402 1077 sic
1441 1011 1682 1094 loquen
1728 1030 1785 1089 e,
1831 1007 2178 1075 Christum
2219 1028 2354 1072 non

392 1103 645 1180 negant
686 1097 883 1162 etiam
928 1118 1109 1163 nunc
1152 1116 1276 1180 pro
1317 1096 1508 1162 nobis
1561 1094 1995 1161 intercedere:
2047 1094 2241 1159 medo
2284 1091 2355 1157 id

393 1182 610 1248 facere
665 1182 1116 1265 intelligamus
1182 1202 1320 1248 una
1385 1203 1536 1248 cum
1604 1181 1874 1248 sanctis:
1942 1200 2209 1263 nempe,
2277 1185 2356 1244 ut

393 1289 602 1333 unum
659 1267 1022 1351 quemlibet
1079 1290 1163 1333 ex
1218 1288 1437 1352 grege.
1537 1266 1964 1333 Praeclarum
2018 1285 2177 1333 vero
2234 1264 2351 1328 ho-

391 1373 626 1419 norem
671 1353 799 1419 sibi
843 1353 1187 1436 acquisivit
1230 1353 1540 1420 Christus
1583 1374 1703 1419 suo
1746 1351 2090 1437 sanguine,
2136 1350 2196 1415 si
2229 1350 2353 1416 hec

389 1444 657 1504 tantum
711 1449 1155 1522 consequutus
1210 1446 1340 1518 est,
1399 1446 1476 1504 ut
1529 1437 1744 1504 secius
1796 1445 1970 1503 esset
2020 1436 2350 1519 Hugonis,

391 1532 514 1589 aut
575 1523 843 1602 Lubini,
870 1526 920 1608 ¹)
998 1531 1112 1590 aut
1188 1525 1461 1590 alterius
1525 1524 1892 1607 cuiuspiam
1969 1544 2052 1588 ex
2115 1522 2353 1587 ultima

388 1614 571 1674 10000
628 1610 1104 1689 sanctulorum,
1163 1631 1324 1694 quos
1377 1599 1673 1694 pontifex
1726 1630 2038 1674 romanus
2082 1629 2201 1674 suo
2246 1628 2352 1672 ar-

388 1695 588 1761 bitrio
651 1696 915 1763 creavit.
1014 1696 1169 1763 Non
1227 1696 1404 1762 enim
1471 1696 1581 1762 hic
1633 1695 1972 1780 quaeritur
2022 1715 2107 1759 an
2162 1699 2354 1758 orent

388 1780 489 1846 illi
531 1801 816 1864 queque:
877 1802 1008 1864 qua
1052 1782 1133 1847 de
1176 1803 1249 1847 re
1290 1781 1464 1847 nihil
1506 1782 1673 1848 scire
1720 1781 1925 1846 satius
1967 1787 2100 1859 est,
2146 1800 2351 1862 quum

389 1865 726 1949 scriptura
767 1867 1021 1933 nullam
1062 1868 1265 1934 faciat
1310 1868 1740 1933 mentionem:
1797 1866 1912 1932 sed
1955 1865 2080 1931 hec
2125 1871 2228 1930 est
2271 1864 2351 1928 de

388 1972 518 2035 quo
562 1951 1041 2031 contendimus,
1094 1952 1449 2020 Christene
1465 2005 1482 2032 ,
1540 1961 1659 2018 aut
1699 1950 2189 2036 praetermisso,
2237 1957 2353 2014 aut

389 2037 746 2121 neglectim
809 2038 1063 2119 habite,
1133 2047 1249 2104 aut
1309 2040 1382 2104 111
1439 2045 1654 2124 totum
1716 2037 1937 2103 valere
1992 2037 2198 2114 insse,
2267 2034 2352 2100 ad

389 2131 772 2188 sanctorum
827 2125 1193 2207 patrocinia
1251 2125 1797 2206 circumspectare
1852 2121 2081 2187 liceat:
2139 2120 2247 2188 vel
2292 2120 2351 2186 si

388 2209 535 2292 quis
579 2210 769 2273 malit
812 2210 1120 2293 apertius,
1166 2212 1340 2275 sitne
1380 2211 1617 2274 unicus
1673 2207 1972 2274 sacerdos
2021 2206 2348 2286 Christus,

387 2295 506 2376 qui
549 2302 619 2360 et
661 2295 1108 2361 sanctuarium
1144 2296 1274 2361 Dei
1315 2295 1525 2377 patris
1569 2292 1755 2359 nobis
1792 2295 2058 2377 aperiat,
2103 2313 2351 2376 nosque

384 2379 549 2446 illuc
593 2378 772 2446 solus
828 2380 1263 2460 manuducat,
1320 2387 1388 2446 et
1430 2387 1688 2462 patrem
1731 2399 1851 2445 sua
1895 2376 2350 2461 deprecatione

383 2463 471 2529 ad
507 2485 736 2548 preces
769 2471 1030 2531 nostras
1058 2463 1511 2531 ‘exaudiendas
1545 2467 1782 2544 flectat,
1818 2465 1893 2528 in
1927 2465 2113 2530 cuius
2148 2464 2348 2529 clien-

379 2550 590 2616 telam
633 2550 1008 2629 concedere,
1055 2560 1123 2616 et
1164 2553 1350 2617 cuius
1391 2572 1632 2617 001000
1673 2549 2030 2616 obtendere
2082 2550 2155 2613 in
2199 2570 2348 2633 pre-

381 2634 570 2700 cibus
627 2634 1012 2701 debeamus:
1074 2658 1159 2701 an
1215 2639 1656 2704 communiter
1711 2637 1837 2703 hec
1894 2656 2141 2701 munus
2196 2656 2349 2702 cum

380 2720 533 2787 aliis
575 2722 821 2788 sanctis
865 2722 1202 2788 sustineat.

558 2804 961 2890 Quanquam
1016 2828 1154 2872 nen
1208 2807 1414 2874 solius
1471 2806 1819 2874 sacerdotii
1884 2806 2163 2885 honore,
2228 2806 2346 2872 sed

381 2891 680 2956 omnium
726 2913 981 2976 quoque
1029 2914 1299 2959 suorum
1342 2894 1807 2960 beneficiorum
1853 2892 2069 2976 gratia
2111 2892 2342 2958 Chris-

380 2983 527 3042 tum
581 2997 827 3061 magna
879 2999 963 3043 ex
1016 2987 1205 3062 parte
1257 2980 1462 3045 fuisse
1517 2985 1825 3056 exutum,
1884 2979 2186 3062 superius
2231 2978 2343 3043 de-

381 3065 766 3129 monstravi.
858 3069 1004 3143 [pag.
1053 3069 1160 3144 90]
1206 3063 1269 3129 N
1274 3087 1381 3130 am
1426 3065 1803 3146 redemptor
1847 3064 2110 3146 quidem
2150 3085 2343 3129 voca-

381 3155 526 3212 tur:
567 3149 682 3215 sed
725 3150 837 3229 ita,
883 3157 960 3214 ut
1001 3171 1072 3215 se
1117 3171 1373 3233 quoque
1417 3171 1499 3215 ex
1543 3149 1795 3233 peccati
1839 3159 1906 3213 et
1939 3149 2168 3214 mertis
2204 3170 2340 3214 ser-

379 3233 628 3314 vitute,
686 3255 807 3317 per
857 3234 1138 3301 liberum
1184 3235 1566 3314 arbitrium,
1635 3235 1937 3299 homines
1993 3234 2339 3299 redimant.

377 3317 678 3386 Vocatur
734 3320 1000 3403 quidem
1057 3322 1313 3387 iustitia
1369 3327 1439 3385 et
1493 3321 1702 3386 salus:
1759 3317 1874 3385 sed
1918 3320 2038 3398 ita,
2098 3325 2173 3383 ut
2214 3320 2339 3402 ipsi

377 3404 512 3470 sibi
581 3427 852 3490 operum
929 3408 1188 3472 meritis
1255 3407 1556 3472 homines
1623 3406 1904 3471 salutem
1975 3406 2336 3488 acquirant.

376 3487 822 3558 Scholastices
866 3497 1046 3557 enim
1075 3492 1245 3558 nihil
1284 3490 1491 3576 pudet
1520 3491 1650 3557 huc
1683 3490 2084 3574 restringere
2122 3490 2339 3556 inaes-

375 3577 673 3643 timabile
725 3576 894 3642 illud
955 3577 1423 3662 redemptionis
1486 3576 1905 3643 beneficium:
1976 3577 2080 3640 cui
2146 3596 2336 3641 enar-

374 3662 588 3728 rando
631 3662 835 3742 nulla,
881 3684 1002 3730 nec
1042 3665 1403 3744 hominum,
1444 3684 1567 3729 nec
1602 3661 1991 3745 angelorum
2033 3661 2340 3728 facundia

373 3749 694 3815 sufficiat:
756 3755 835 3814 ut
887 3749 1111 3816 dicant
1163 3771 1316 3816 eum
1369 3750 1561 3815 nobis
1627 3747 1981 3813 contulisse
2045 3749 2339 3831 primum

370 3833 694 3898 meritum
707 3884 724 3911 ,
782 3833 952 3917 quod
995 3836 1398 3902 occasionem
1441 3833 1737 3901 merendi
1780 3834 2334 3917 interpretantur:

373 3940 501 3985 nos
544 3939 732 3998 vero,
787 3918 912 3983 hoc
955 3919 1352 3988 adminiculo
1396 3920 1687 3997 adiutos,
1747 3919 1950 3986 vitam
1998 3928 2336 3985 aeternam

368 4005 683 4090 operibus
719 4005 1003 4088 propriis
1046 4008 1304 4072 mereri.
1376 4006 1710 4072 Fatentur
1751 4004 2033 4089 quidem,
2080 4005 2334 4072 Christi

369 4091 698 4174 sanguine
750 4110 874 4156 nos
931 4090 1189 4157 ablutos
1249 4113 1392 4158 esse
1448 4115 1488 4158 a
1541 4092 1859 4176 peccatis:
1920 4091 2035 4156 sed
2078 4091 2203 4170 ita,
2260 4099 2338 4156 ut

367 4198 439 4243 se
484 4176 761 4326 quisque
804 4177 1025 4243 ascitis
1068 4176 1224 4243 hine
1267 4177 1423 4243 inde
1464 4178 1749 4244 lavacris
1781 4183 2040 4261 purget.
2110 4176 2336 4242 Habet

370 4262 481 4345 qui
532 4282 638 4327 em
695 4283 875 4328 mers
919 4261 1170 4328 Christi
1227 4264 1529 4330 sacrificii
1573 4263 1873 4329 titulum:
1927 4261 2044 4328 sed
2085 4262 2206 4342 ita,
2259 4269 2336 4327 ut

410 4346 766 4414 uotidianis
831 4347 1176 4414 hominum
1232 4349 1567 4416 sacrificiis
1623 4356 1893 4432 peccata
1958 4349 2329 4432 expientur.

438 4434 633 4500 icitur
688 4433 967 4517 quidem.
997 4433 1307 4500 Christus
1350 4434 1807 4502 reconciliasse
1860 4455 1982 4499 nos
2025 4435 2173 4499 Dee
2215 4454 2331 4517 pa-

365 4520 486 4583 tri:
552 4519 667 4584 sed
733 4517 1015 4586 conditio
1073 4519 1369 4599 additur,
1436 4527 1511 4585 ut
1576 4518 2130 4586 satisfactionibus
2195 4520 2333 4586 suis

367 4604 699 4670 redimant
727 4603 1029 4671 homines
1061 4626 1306 4688 peenas
1327 4606 1459 4671 Dei
1493 4604 1736 4670 iudicio
1759 4603 2031 4671 debitas.
2105 4603 2330 4686 Quum

365 4690 897 4773 supplementum
953 4691 1295 4775 quaeritur
1338 4713 1420 4757 ex
1477 4690 1763 4757 clavium
1819 4691 2137 4757 beneficio
2153 4741 2170 4770 ,
2227 4691 2331 4755 ni-

362 4775 503 4841 hilo
594 4777 698 4842 lus
741 4776 1009 4843 honoris
1063 4777 1346 4844 habetur
1389 4776 1658 4843 Christe
1677 4828 1692 4853 ,
1749 4795 1945 4858 quam
1990 4774 2328 4860 Cypriane

362 4867 482 4927 aut
595 4862 819 4947 yricie.
841 4864 899 4949 2)
986 4864 1364 4949 Martyrum
1428 4863 1607 4928 enim
1665 4867 1733 4926 et
1784 4860 2036 4926 Christi
2092 4862 2330 4926 merita

365 4947 566 5012 simul
608 4948 1026 5030 permiscent,
1069 4957 1147 5015 ut
1182 4949 1533 5016 conficiant
1576 4947 1889 5014 ecclesiae
1923 4944 2326 5012 thesaurum.

500 5150 559 5220 1)
602 5151 804 5207 Gallus
837 5152 1027 5207 habet-
1067 5154 1241 5208 sainct
1273 5153 1449 5208 Lubin
1487 5169 1559 5207 00
1598 5152 1774 5207 sainct
1814 5149 2068 5205 Thibaut„

500 5220 561 5289 2)
606 5220 805 5277 Gallus
839 5221 1058 5277 scribit-
1093 5223 1127 5276 a
1162 5222 1336 5276 sainct
1368 5223 1581 5291 George
1629 5236 1699 5276 ou
1736 5221 1770 5274 a
1809 5219 1988 5275 sainct
2020 5216 2322 5274 Guillaume

1757 303 2482 372 REFORMANDAE
2525 304 3069 373 ECCLESIAE.

4294 313 4418 379 506

2458 491 2697 559 Nonne
2754 501 2912 578 quot
2963 494 3072 559 hic
3131 494 3435 562 audimus
3491 498 3721 575 verba,
3778 505 3877 562 tot
3918 506 4078 564 sunt
4119 521 4419 568 exsecra-

2461 577 2623 644 biles
2669 578 3113 663 blasphemiae
3130 631 3146 662 ,
3203 582 3441 664 quibus
3483 582 3928 666 proscinditur
3972 607 4047 652 00
4090 585 4420 653 1000101111

2459 662 2712 730 Christi
2789 666 3042 751 gloria?
3108 674 3185 733 ut
3243 668 3412 751 ipse,
3478 669 3954 752 propemodum
4021 672 4416 754 exinanitus,

2458 771 2699 816 nomeu
2742 752 3026 818 retineat
3066 760 3356 831 tantum,
3383 754 3648 820 virtute
3692 762 3914 820 autem
3960 766 4196 823 careat.
4284 759 4419 826 Hic

2457 835 2654 900 etiam
2721 838 3157 905 tacuissemus
3221 839 3500 920 scilicet,
3568 862 3773 924 quum
3837 840 4047 907 filium
4113 842 4274 924 Dei,
4343 846 4417 910 in

2457 941 2655 1004 quem
2708 931 2896 1005 pater
2951 945 3143 990 omne
3198 925 3582 1007 imperium,
3642 945 3905 991 omnem
3945 930 4305 1011 potentiam
4349 940 4419 996 et

2457 1006 2736 1089 gloriam
2782 1008 3090 1088 contulit,
3150 1018 3217 1074 et
3258 1012 3329 1075 in
3373 1032 3503 1094 quo
3548 1011 3685 1076 solo
3731 1013 4001 1096 gloriari
4044 1035 4166 1079 nos
4210 1016 4416 1095 iubet,

2455 1092 2553 1156 ita
2597 1093 2666 1157 in
2714 1097 2863 1172 [pag.
2904 1100 3012 1174 91]
3049 1095 3347 1161 ordinem
3393 1096 3606 1181 redigi
3648 1118 4088 1178 cerneremus,
4135 1107 4214 1165 ut
4256 1122 4417 1184 pau-

2456 1176 2667 1242 lulum
2750 1200 2952 1262 supra
3014 1202 3238 1247 servos
3305 1202 3462 1247 sues
3531 1182 3894 1249 emineret?
3987 1182 4209 1265 Quum
4275 1188 4417 1254 eius

2454 1263 2775 1330 beneficia
2828 1266 2901 1329 in
2956 1265 3280 1333 oblivione
3337 1267 3586 1346 iacere,
3641 1291 3845 1352 quum
3901 1272 4044 1336 eius
4096 1272 4417 1339 virtutem

2458 1348 2801 1415 hominum
2821 1350 3298 1435 ingratitudine
3332 1352 3678 1436 sepultam,
3717 1377 3919 1438 quum
3939 1358 4225 1440 pretium
4262 1380 4415 1424 san-

2455 1434 2679 1518 guinis
2732 1435 2873 1501 eius
2928 1436 3271 1516 vilescere,
3330 1459 3532 1520 quum
3584 1440 3875 1505 fructum
3929 1443 4159 1508 mortis
4211 1465 4417 1528 prope

2457 1519 2794 1599 abolitum,
2840 1543 3043 1604 quum
3089 1523 3371 1606 denique
3414 1524 3632 1608 ipsum
3676 1526 3771 1589 ita
3810 1525 4246 1593 deformatum
4290 1531 4413 1596 fal-

2454 1606 2546 1671 sis
2589 1612 2657 1670 et
2698 1607 2989 1688 profanis
3031 1607 3378 1673 hominum
3424 1610 3838 1692 opinionibus
3880 1613 4290 1695 videremus,
4336 1623 4415 1681 ut

2455 1691 2643 1755 inani
2685 1700 2942 1774 spectro
2980 1713 3180 1776 quam
3223 1694 3350 1759 sibi
3390 1703 3565 1760 esset
3607 1696 3900 1778 similior,
3945 1719 4029 1763 00
4068 1698 4190 1766 hoc
4214 1702 4416 1768 ,taciti

2458 1784 2527 1841 et
2594 1777 2800 1860 quieti
2880 1778 3304 1845 tulissemus?
3395 1778 3458 1846 Ο
3534 1781 3922 1848 sceleratam
3999 1785 4412 1868 patientiam,

2456 1883 2660 1946 quum
2712 1863 3095 1942 imminute,
3167 1885 3254 1929 ne
3308 1865 3523 1932 dicam
3577 1876 3906 1951 prostrato
3964 1870 4093 1934 Dei
4150 1871 4414 1954 honore,

2454 1949 2550 2014 ita
2591 1947 2825 2014 leviter
2868 1951 3224 2034 tangimur,
3270 1957 3347 2015 ut
3387 1954 3718 2035 pessimus
3754 1955 4164 2022 connivendo
4201 1965 4417 2024 trans-

2455 2032 2667 2099 01111οῑ
2758 2032 2821 2100 Ο
2877 2036 3050 2099 10010
3108 2034 3422 2103 collecata
3471 2037 3545 2101 in
3601 2059 3723 2103 nes
3780 2039 4033 2105 Christi
4078 2042 4414 2124 beneficia,

2454 2120 2514 2184 si
2548 2140 2775 2185 eorum
2816 2122 3206 2186 memoriam
3248 2122 3470 2205 impiis
3513 2123 3939 2206 blasphemiis
3973 2127 4068 2192 ita
4110 2129 4415 2197 suffocari

2453 2206 2883 2271 sustinemus!

2627 2291 2737 2356 Ad
2813 2291 3171 2358 secundam
3247 2292 3649 2359 christianae
3737 2292 4074 2361 doctrinae
4150 2307 4411 2381 partem

2451 2374 2695 2441 iterum
2747 2377 2963 2442 redeo.
3054 2376 3222 2459 Quis
3274 2386 3476 2462 neget
3522 2380 3617 2444 ita
3671 2380 3915 2463 passim
3970 2380 4250 2448 delirare
4294 2383 4412 2449 he-

2453 2462 2693 2542 mines,
2760 2469 2839 2527 ut
2890 2485 3270 2546 comparare
3327 2485 3397 2530 00
3460 2465 3666 2530 vitam
3736 2473 4073 2532 aeternam
4139 2489 4413 2551 operum

2450 2549 2687 2613 merito
2763 2549 3191 2615 existiment?
3282 2549 3748 2634 Coniungunt,
3827 2553 4064 2632 fateor,
4144 2555 4409 2619 interim

2449 2653 2601 2699 cum
2627 2634 2766 2699 suis
2790 2635 3098 2718 operibus
3118 2635 3249 2701 Dei
3293 2635 3608 2719 gratiam:
3656 2636 3774 2703 sed
3810 2659 4011 2720 quum
4046 2659 4184 2704 nen
4218 2640 4411 2706 aliter

2450 2739 2522 2783 se
2564 2725 2788 2803 grates
2824 2741 2966 2786 esse
3010 2720 3362 2799 confidant,
3408 2742 3606 2805 quam
3641 2723 3697 2787 si
3741 2722 3922 2806 digni
3960 2731 4134 2804 sunt,
4182 2745 4410 2791 eorum

2449 2813 2520 2869 et
2586 2804 2896 2872 fiduciam
2961 2813 3028 2870 et
3091 2806 3549 2890 gloriationem
3613 2810 3685 2872 10
3751 2809 4059 2892 operibus
4118 2811 4408 2877 residere

2448 2898 2719 2957 constat.
2808 2889 2996 2958 Haec
3037 2893 3198 2957 trita
3232 2900 3336 2958 est
3377 2913 3453 2957 ae
3494 2894 3946 2976 receptissima
3986 2895 4062 2960 in
4104 2897 4409 2963 omnibus

2446 2975 2687 3041 scholis
2727 2975 3053 3058 doctrina,
3112 2977 3277 3044 haec
3321 2980 3615 3044 emnium
3670 2981 3805 3044 fere
3852 2981 4088 3045 animis
4143 2983 4409 3065 penitus

2443 3062 2653 3126 infixa
2696 3064 2933 3146 opinie,
2978 3062 3073 3127 ita
3115 3084 3436 3146 quemque
3479 3066 3690 3129 amari
3733 3087 3775 3129 a
3808 3065 3969 3145 Dee,
4016 3075 4095 3131 01
4136 3069 4409 3152 quisque

2445 3147 2536 3212 sit
2570 3147 2826 3232 dignus.
2897 3148 3046 3214 Hoc
3084 3156 3361 3232 recepte,
3409 3169 3630 3214 nonne
3666 3148 3984 3217 diabolica
4016 3152 4411 3220 confidentia

2445 3233 2514 3296 in
2562 3233 2769 3298 altum
2826 3234 3172 3317 eriguntur
3213 3233 3504 3312 animae,
3564 3241 3640 3299 ut
3681 3236 3987 3318 graviore
4024 3240 4407 3322 praecipitio

2443 3319 2514 3382 in
2592 3317 3068 3401 desperationis
3153 3320 3487 3404 gurgitem
3564 3331 3790 3402 postea
3872 3321 4112 3387 ruant?
4204 3322 4404 3404 Quid,

2444 3401 2620 3486 quod
2661 3425 2794 3468 non
2838 3405 3014 3470 veris
3054 3404 3289 3469 saltem
3332 3405 3685 3487 obsequiis,
3745 3405 3862 3472 sed
3904 3407 4097 3472 nihili
4138 3408 4405 3493 ineptiis

2443 3490 2665 3554 Deum
2707 3490 2946 3554 volunt
2978 3488 3342 3561 demereri?
3415 3488 3761 3573 Siquidem
3804 3492 3876 3556 in
3921 3491 4226 3575 operibus
4265 3516 4405 3561 me·

2441 3575 2689 3640 ritoriis
2755 3576 2919 3641 haec
2983 3574 3313 3641 habentur
3375 3576 3722 3659 primaria:
3789 3576 4036 3643 multas
4103 3580 4403 3662 preculas

2443 3681 2787 3726 susurrare
2807 3713 2823 3741 ‚
2877 3663 2971 3727 eri
3018 3682 3130 3727 ere
3174 3661 3438 3741 altaria,
3494 3668 3747 3728 statuas
3795 3667 3943 3743 [pag.
3983 3669 4092 3744 92]
4140 3674 4259 3731 001
4301 3673 4401 3730 ta-

2443 3746 2631 3812 bulas
2685 3746 2822 3813 illic
2879 3748 2975 3813 col
3004 3768 3196 3814 ocare
3210 3799 3226 3827 ,
3281 3749 3701 3831 frequentare
3746 3750 4022 3833 templa,
4082 3751 4401 3817 cursitare

2444 3832 2526 3898 de
2561 3832 2805 3915 templo
2835 3834 2908 3898 10
2944 3833 3283 3918 templum,
3321 3833 3565 3899 multas
3596 3835 3834 3900 missas
3869 3834 4115 3916 audire,
4150 3837 4403 3920 aliquas

2443 3938 2692 3997 emere,
2759 3919 2980 3985 nescio
3050 3918 3290 4002 quibus
3356 3918 3772 3986 abstinentiis
3788 3971 3805 4000 ,
3875 3942 4043 4004 quae
4099 3941 4139 3985 a
4193 3922 4402 3988 chris-

2442 4004 2624 4068 tiane
2668 4004 2912 4070 ieiunio
2966 4006 3041 4069 in
3083 4012 3296 4070 tetum
3354 4004 3747 4086 dissideant,
3810 4007 4103 4091 affligere
4146 4028 4401 4090 001Ρο0,

2440 4089 2785 4155 servandis
2836 4090 3183 4156 hominum
3242 4090 3702 4158 traditionibus
3756 4090 4107 4177 diligenter
4147 4093 4400 4157 incum-

2437 4175 2611 4241 bere.
2703 4175 2789 4240 In
2844 4177 3402 4242 satisfactionibus
3465 4198 3685 4242 00000
3737 4177 3948 4242 100101
4000 4177 4220 4242 adhuc
4285 4177 4399 4244 de·

2437 4260 2733 4326 mentia?
2824 4260 3052 4343 Quum
3116 4261 3368 4328 scilicet
3430 4262 3844 4328 ethnicorum
3906 4283 4088 4327 mere
4140 4264 4401 4345 piacula

2437 4354 2865 4429 quaererent,
2948 4348 3185 4431 quibus
3271 4368 3341 4412 se
3421 4368 3575 4413 cum
3652 4349 3797 4413 Dee
3875 4348 4391 4414 reconciliarent.

2437 4431 2583 4497 Iam
2654 4454 2839 4513 vero,
2932 4454 3135 4515 quum
3212 4433 3431 4498 emnia
3498 4431 3817 4497 tentando
3886 4432 3998 4498 diu
4079 4434 4395 4500 multum-

2435 4540 2562 4601 que
2625 4539 2695 4584 se
2737 4518 3153 4602 fatigassent,
3259 4516 3375 4582 uid
3416 4517 3869 4601 prefecerant?
3974 4518 4041 4583 N
4041 4538 4150 4584 am
4192 4541 4396 4603 quum

2435 4603 2659 4668 omnia
2744 4605 3039 4670 facerent
3144 4602 3231 4667 du
3276 4604 3343 4668 ia
3430 4611 3497 4668 et
3594 4603 3963 4685 trepidante
4060 4607 4394 4670 censcien-

2435 4688 2528 4752 tia
2546 4739 2564 4767 ,
2637 4710 2895 4772 semper
2963 4709 3074 4754 ees
3139 4689 3510 4772 excipiebat
3580 4688 3916 4755 horribilis
3983 4688 4102 4754 illa
4164 4691 4395 4757 anxie-

2432 4781 2569 4852 tas,
2647 4773 2754 4838 vel
2818 4773 3040 4858 petius
3095 4773 3316 4839 dirum
3382 4772 3549 4838 illud
3607 4781 4038 4854 termentum,
4117 4773 4200 4840 de
4265 4797 4393 4859 quo

2434 4864 2592 4924 aute
2650 4857 2815 4924 dixi:
2881 4860 3063 4942 quia,
3126 4880 3212 4925 an
3252 4860 3398 4925 Dee
3455 4879 3605 4924 cum
3659 4860 3800 4927 suis
3855 4861 4156 4944 operibus
4211 4862 4393 4926 exosi

2432 4952 2685 5023 essent,
2742 4944 3042 5011 dubitare
3084 4945 3496 5011 iubebantur.
3583 4946 3843 5013 Eversa
3885 4967 4080 5030 perro
4123 4967 4275 5012 eum
4322 4948 4392 5010 10

2429 5027 2698 5095 modum
2736 5027 2994 5111 fiducia,
3038 5031 3236 5096 simul
3281 5031 3574 5098 accidere
3618 5053 3884 5099 necesse
3924 5039 4043 5112 est,
4090 5031 4262 5117 qued
4297 5032 4401 5096 ait

2428 5114 2701 5194 Paulus,
2740 5123 2814 5180 ut
2845 5124 3149 5182 aeternae
3185 5116 3615 5184 haereditatis
3649 5118 3999 5201 promissio
4036 5117 4389 5182 aboleatur.

2427 5198 2560 5267 Ubi
2617 5207 2778 5268 tunc
2820 5201 3165 5268 hominum
3225 5202 3447 5270 salus?
3536 5202 3675 5268 Nes
3734 5223 3924 5280 vere,
3983 5202 4038 5265 si
4080 5203 4152 5265 in
4209 5207 4393 5265 tanta
