4967 5992
413 312 539 374 329

545 571 552 578 ,
587 497 722 564 Sed
778 499 848 562 in
901 499 1252 582 postremis
1296 499 1500 564 etiam
1558 499 1818 581 scriptis
1876 501 2213 565 conveniri
2257 499 2370 565 do-

413 593 519 651 cet
559 585 844 650 liberum
880 585 1243 663 arbitrium,
1288 585 1540 666 quoties
1575 586 1893 668 praecipit
1931 586 2034 650 vel
2073 584 2372 650 hortatur

412 669 617 736 Deus.
718 669 964 735 Fateor
1027 691 1186 735 sane
1254 672 1326 734 in
1395 670 1519 735 hoc
1574 673 1976 753 quaestionis
2029 679 2208 736 statu
2257 670 2371 736 diu

414 777 566 821 eum
613 756 880 835 versari,
925 763 1004 820 ut
1044 756 1322 821 liberum
1368 756 1716 822 arbitrium
1759 778 1910 823 cum
2036 757 2171 822 atia
2214 777 2368 822 con-

413 843 675 925 iungat,
734 863 819 906 ne
871 841 1156 907 liberum
1211 839 1560 907 arbitrium
1604 843 1833 908 tollere
1877 841 1946 908 vi
1993 852 2182 907 eatur
2224 865 2373 926 gra-

410 929 543 992 tiae
606 927 1022 1010 praedicatio.
1127 932 1274 1006 [pag.
1318 934 1465 1007 134]
1526 928 1661 994 Sed
1714 928 1872 1013 quid
1929 930 2052 993 hoc
2104 930 2369 994 nomine

411 1015 539 1079 sibi
595 1013 755 1079 velit
820 1034 952 1077 non
1012 1012 1326 1078 debemus
1390 1014 1756 1099 negligere,
1825 1015 1881 1080 si
1936 1036 2171 1080 verum
2228 1014 2368 1080 eius

411 1120 681 1165 sensum
722 1099 1034 1181 consequi
1077 1099 1404 1182 cupimus,
1453 1121 1588 1164 non
1634 1100 1987 1166 verborum
2034 1099 2367 1183 decipulas

410 1193 479 1250 et
529 1185 809 1267 aucupia
861 1193 1132 1250 struere.
1234 1185 1388 1268 Ipse
1444 1197 1666 1251 autem
1721 1188 1882 1252 satis
1961 1186 2369 1252 demonstrat

408 1279 546 1336 toto
587 1271 773 1348 libro,
819 1291 955 1335 non
1001 1269 1181 1335 aliud
1224 1273 1466 1336 sentire
1510 1294 1579 1337 se
1614 1294 1813 1354 quam
1847 1281 2209 1355 spontanea
2246 1293 2365 1336 vo-

407 1357 670 1422 luntate
714 1364 783 1421 et
821 1356 987 1421 bene
1034 1366 1101 1420 et
1141 1357 1316 1421 male
1362 1377 1557 1441 agere
1602 1358 1921 1437 homines,
1968 1356 2081 1423 sed
2129 1368 2368 1422 natura

407 1441 576 1508 nihil
622 1463 810 1525 posse
852 1463 1046 1525 quam
1095 1462 1395 1525 peccare,
1441 1446 1656 1527 gratia
1700 1453 1926 1509 antem
1970 1442 2216 1508 bonum
2260 1444 2364 1507 in-

406 1529 625 1610 cipere
692 1535 758 1592 et
812 1529 883 1592 in
939 1549 1014 1593 eo
1070 1549 1509 1610 perseverare.
1599 1531 1833 1613 Itaque
1876 1530 2238 1612 praefatus,
2295 1551 2363 1593 se

407 1634 641 1679 eorum
683 1634 880 1680 causa
923 1613 1207 1679 scribere
1253 1634 1417 1697 opus
1459 1614 1652 1694 illud,
1709 1616 1825 1697 qui
1865 1615 2146 1680 liberum
2191 1615 2363 1680 arbi-

403 1701 613 1765 trium
655 1709 772 1764 aut
814 1708 1153 1783 negarent,
1201 1713 1316 1765 aut
1357 1722 1600 1785 negare
1635 1701 2037 1778 viderentur,
2083 1701 2365 1784 gratiam

403 1784 778 1864 asserendo,
816 1785 1184 1869 complures
1227 1785 1403 1852 locos
1443 1788 1753 1872 congerit,
1800 1788 1910 1871 qui
1944 1786 2222 1851 liberum
2259 1807 2364 1849 ar-

404 1872 678 1937 bitrium
722 1871 989 1937 subesse
1030 1871 1280 1936 homini
1325 1873 1731 1956 significent:
1781 1874 1904 1938 hoc
1949 1881 2082 1950 est,
2130 1873 2363 1936 volun-

401 1965 632 2036 tatem,
674 1978 803 2039 qua
836 1964 1067 2040 sponte
1101 1958 1298 2022 faciat
1330 1958 1504 2040 quod
1537 1959 1697 2025 facit
1707 1983 1723 2039 ;
1768 1966 1963 2040 atque
1998 1958 2122 2022 1100
2157 1978 2364 2023 unum

403 2044 621 2124 capite
686 2043 970 2108 secundo
1034 2043 1211 2125 quod
1288 2044 1535 2128 allegat
1600 2045 1885 2128 Pighius
1965 2044 2361 2124 exsequitur.

400 2128 662 2193 Verum
706 2130 1017 2193 continuo
1059 2139 1207 2210 post
1246 2130 1681 2194 metuendum
1725 2151 1866 2195 esse
1910 2128 2236 2204 admonet,
2281 2150 2366 2192 ne

403 2215 574 2279 haec
618 2215 997 2279 testimonia
1049 2215 1142 2278 810
1194 2215 1267 2277 111
1313 2215 1689 2280 defensione
1729 2215 1920 2280 liberi
1967 2213 2221 2279 arbitrii
2264 2216 2364 2278 in·-

400 2299 822 2383 telligantur,
885 2307 962 2362 ut
1018 2300 1268 2382 gratiae
1322 2300 1452 2365 Dei
1509 2301 1688 2365 locus
1743 2321 1877 2365 non
1935 2300 2360 2381 relinquatur.

399 2387 654 2450 'I'otum
707 2386 728 2448 i
781 2386 910 2448 'tur
966 2406 1141 2449 nunc
1209 2385 1277 2448 in
1333 2406 1408 2449 00
1463 2387 1663 2451 situm
1717 2396 1846 2464 cst,
1921 2396 1997 2449 ut
2061 2387 2361 2462 sciamus,

396 2471 691 2554 qualiter
771 2472 1031 2552 einceps
1066 2471 1242 2534 inter
1276 2469 1558 2535 liberum
1593 2473 1936 2537 arbitrium
1977 2479 2045 2536 et
2079 2472 2362 2555 gratiam

394 2557 752 2640 partiatur.
858 2556 1031 2619 Nam
1085 2564 1153 2619 et
1203 2555 1387 2632 inde,
1454 2557 1612 2640 quid
1667 2557 1951 2622 liberum
2018 2557 2363 2621 arbitrium

398 2642 764 2726 significet,
821 2642 1160 2706 constabit.
1265 2642 1574 2707 Testatur
1631 2651 1879 2721 autem,
1937 2653 2003 2707 et
2057 2664 2252 2726 saepe
2297 2651 2363 2707 et

400 2727 604 2794 claris
648 2725 898 2806 verbiS,
958 2727 1084 2790 Dei
1130 2748 1272 2792 esse
1316 2727 1562 2792 donum
1583 2781 1598 2807 ,
1656 2728 1971 2811 quidquid
2026 2730 2177 2793 boni
2223 2729 2360 2811 agi-

393 2833 572 2891 111118,
617 2814 771 2894 (11118
811 2809 975 2875 illud
1019 2812 1091 2875 in
1133 2811 1322 2878 nobis
1366 2814 1620 2879 efficiat.
1701 2814 2002 2879 Gratiam
2041 2834 2198 2878 vero
2233 2815 2362 2879 Dei

397 2920 537 2964 non
593 2897 869 2962 retribui
922 2899 1175 2961 meritis
1229 2901 1502 2975 nostris,
1563 2898 1677 2964 sed
1723 2909 1881 2966 tunc
1928 2900 2099 2977 dari,
2157 2921 2360 2982 quum

398 2983 592 3048 nulla
650 2985 783 3048 sint
836 2984 1025 3049 nobis
1083 2984 1236 3062 nisi,
1275 2986 1452 3049 mala
1515 2987 1771 3051 merita.
1861 2985 2028 3050 Inde
2070 2987 2361 3069 incipere

397 3068 577 3134 bona
632 3069 899 3145 merita,
967 3070 1081 3133 sed
1122 3090 1287 3151 quae
1329 3092 1514 3136 mera
1569 3073 1703 3137 sint
1745 3071 1876 3136 Dei
1921 3070 2123 3148 dona,
2175 3072 2361 3137 nullo

397 3154 599 3219 modo
643 3177 684 3218 a
731 3155 938 3220 nobis.
1027 3154 1175 3220 Hac
1231 3159 1566 3221 occasione
1620 3158 1690 3221 in
1746 3157 1930 3222 illam
1975 3157 2362 3239 disputatio-

399 3263 560 3305 nem
603 3239 1005 3322 ingreditur,
1050 3240 1333 3323 qualiter
1375 3243 1513 3305 vita
1557 3249 1824 3307 aeterna
1866 3263 2117 3307 merces
2161 3243 2360 3308 simul

400 3329 492 3392 sit
547 3335 613 3390 et
667 3327 909 3409 gratia:
968 3348 1165 3407 quam
1220 3329 1313 3392 sic
1368 3326 1674 3406 absolvit,
1745 3327 1919 3409 quod
1961 3327 2148 3392 Deus
2189 3329 2361 3393 bona

399 3412 673 3495 quidem
750 3431 949 3494 opera
1031 3424 1494 3482 remuneretur
1552 3414 1625 3476 in
1704 3414 1979 3492 sanctis;
2045 3413 2161 3479 sed
2237 3413 2360 3480 hoc

399 3496 688 3582 agendo,
735 3496 903 3561 nihil
946 3518 1143 3579 quam
1197 3499 1558 3582 gratuitam
1602 3519 1790 3584 suam
1847 3499 2360 3564 misericordiam

402 3585 477 3650 in
511 3583 652 3649 illis
696 3591 1145 3666 prosequatur,
1191 3585 1498 3666 quoniam
1541 3586 1699 3667 ipsis
1744 3583 2057 3668 quidquid
2103 3592 2205 3650 est
2245 3587 2359 3651 bo-

402 3690 647 3734 norum
717 3689 988 3751 operum
1053 3671 1345 3752 gratuito
1437 3669 1808 3735 contulerit.
1933 3672 2151 3753 Atque
2227 3671 2360 3737 illic

403 3763 648 3821 tractat
704 3754 985 3836 qualiter
1037 3775 1158 3821 nos
1216 3757 1423 3839 fingat
1477 3777 1553 3822 ac
1606 3757 1845 3821 formet
1888 3757 2100 3834 Deus,
2157 3778 2360 3839 quum

403 3863 524 3907 suo
569 3841 806 3923 spiritu
842 3848 1219 3924 regenerat;
1262 3842 1543 3923 qualiter
1576 3863 1735 3925 prae
1783 3848 1925 3906 aret
1960 3843 2130 3907 bona
2164 3864 2362 3926 opera

403 3928 472 3992 in
520 3925 727 4006 nobis,
772 3947 907 3990 non
961 3926 1090 4010 ipsi
1145 3947 1630 4009 praeparemus.
1776 3927 1935 3992 imul
1985 3949 2211 3993 eorum
2257 3951 2361 3993 er-

401 4033 622 4077 rorem
667 4011 922 4087 refellit,
970 4014 1082 4094 qui
1118 4011 1450 4077 hominem
1485 4014 1656 4078 bono
1698 4013 1917 4095 aliquo
1951 4023 2136 4078 motu
2170 4036 2358 4096 prac-

400 4098 628 4182 parari
667 4099 947 4180 fingunt,
995 4098 1078 4162 ad
1123 4098 1568 4181 recipiendam
1609 4100 1740 4164 Dei
1783 4100 2098 4184 gratiam:
2158 4122 2360 4182 quum

403 4184 671 4249 initium
709 4185 960 4267 gratiae
1006 4185 1123 4261 sit,
1182 4184 1469 4249 avellere
1524 4205 1564 4249 a
1618 4185 1807 4250 nobis
1852 4207 1963 4250 cor
2004 4185 2360 4269 lapideum,

403 4270 577 4353 quod
622 4269 794 4333 nihil
850 4274 997 4349 [pag.
1041 4275 1186 4348 135]
1232 4292 1426 4352 quam
1486 4269 1907 4335 durissimam
1953 4270 2360 4336 voluntatem

402 4357 763 4440 significat,
819 4363 883 4419 et
938 4353 1252 4421 adversus
1313 4357 1531 4419 Deum
1583 4356 2030 4420 inflexibilem.
2120 4358 2362 4422 Postea

403 4439 680 4507 definire
722 4441 971 4522 incipit,
1018 4441 1172 4522 quid
1215 4441 1536 4506 libertatis
1579 4462 1821 4506 nomen
1868 4442 2099 4507 valeat.
2168 4441 2358 4508 Sem-

403 4549 539 4610 per,
586 4527 821 4608 inquit,
866 4527 1071 4591 libera
1114 4533 1217 4592 est
1259 4526 1567 4591 voluntas
1610 4527 1680 4590 in
1727 4528 2018 4604 homine,
2064 4528 2179 4592 sed
2223 4549 2360 4593 non

405 4633 666 4696 semper
713 4614 899 4677 bona.
998 4612 1249 4676 Malam
1315 4635 1471 4677 vero
1536 4633 1678 4676 esse
1742 4621 2020 4677 testatur
2087 4625 2360 4678 naturae

403 4700 598 4768 vitio.
661 4699 880 4781 gratia
926 4698 1161 4761 bonam
1205 4699 1367 4761 fieri.
1459 4696 1666 4760 Vides
1710 4720 1860 4760 011111
1906 4699 2036 4762 iam
2083 4700 2358 4764 liberam

401 4787 620 4851 facere
677 4784 1113 4858 voluntatem,
1185 4804 1349 4864 quae
1429 4782 1857 4847 nihilominus
1934 4784 2100 4847 nihil
2164 4805 2358 4865 quam

403 4871 582 4935 mala
639 4891 754 4952 per
807 4891 876 4933 se
923 4890 1062 4934 esse
1123 4870 1348 4952 possit.
1439 4869 1823 4950 Respondet
1877 4879 2104 4950 postea
2159 4889 2356 4951 argu-

405 4957 647 5022 mentis
690 4955 821 5019 illis
864 4976 1030 5036 quae
1068 4977 1148 5018 ex
1190 4955 1336 5039 lege
1372 4961 1441 5019 et
1471 4956 1845 5038 ⁴praeceptis
1890 4954 2080 5018 obiici
2118 4954 2353 5018 solent:

407 5043 730 5124 Magnum
788 5040 1066 5123 aliquid,
1126 5042 1247 5118 ait,
1304 5041 1646 5125 Pelagiani
1691 5035 1759 5104 80
1815 5040 2057 5105 habere
2103 5049 2356 5122 putant,

405 5235 596 5296 posse
638 5213 718 5276 ab
763 5211 1027 5276 1101111110
1070 5212 1229 5277 fieri.
1299 5212 1465 5293 Quis
1511 5212 1630 5278 1100
1675 5211 1965 5277 nesciat?
2035 5212 2170 5277 Sed
2214 5211 2360 5276 ideo
2411 5234 2415 5269 ι
2464 5219 2593 5286 est,
2684 5223 2935 5273 veteres
3011 5231 3235 5276 omnes
3312 5225 3569 5276 sanctos
3633 5211 3907 5275 adoriar.

1897 309 2025 376 DE
2070 308 2428 379 LIBERO
2470 308 2947 377 ARBI'I'RIO.

4305 319 4434 383 330

2473 498 2661 563 iubet
2703 500 2923 583 aliqua
2965 521 3132 582 quae
3167 522 3301 565 non
3336 521 3703 584 possumus,
3747 509 3826 567 ut
3858 504 4238 568 noverimus
4273 506 4433 589 quid

2476 583 2559 648 ab
2600 585 2715 650 illo
2758 595 2983 668 petere
3028 586 3398 653 debeamus.
3479 586 3635 670 Ipsa
3678 589 3853 652 enim
3895 596 3996 655 est
4041 588 4220 667 fides,
4266 613 4436 674 (11180

2475 670 2723 736 orando
2768 674 3110 755 impetrat,
3157 672 3330 757 quod
3376 673 3485 737 lex
3526 675 3825 755 imperat.
3917 675 4208 741 Deinde:
4267 677 4432 743 Ger-

2475 763 2619 820 tum
2672 765 2799 836 est,
2860 759 3173 823 mandata
3225 779 3348 823 nos
3407 778 3698 837 servare,
3755 761 3814 823 si
3866 761 4189 827 volumus.
4295 760 4435 829 Sed

2473 843 2627 924 quia
2669 853 3101 927 praeparatur
3144 866 3184 909 8
3219 843 3506 909 Βο1111110
3549 844 3873 924 voluntas,
3921 845 4003 911 ab
4044 846 4158 911 illo
4202 856 4435 929 poten-

2475 926 2633 991 dum
2691 939 2817 1008 est,
2876 937 2952 993 ut
3002 939 3266 995 tantum
3312 930 3620 1009 velimus,
3667 941 3992 1013 quantum
4035 934 4310 1012 sufficit,
4356 943 4435 1001 ut
4470 991 4475 996 .

2475 1012 2754 1078 volendo
2818 1016 3148 1080 faciamus.
3261 1014 3535 1082 Certum
3592 1025 3721 1094 est,
3803 1038 3923 1082 nos
3990 1018 4160 1084 velle
4227 1042 4434 1102 quum

2474 1098 2799 1177 volumus,
2845 1099 2961 1166 sed
3004 1102 3115 1165 ille
3160 1104 3330 1180 facit,
3377 1109 3457 1166 ut
3500 1102 3777 1167 velimus
3820 1102 4084 1168 bonum.
4154 1104 4433 1173 Certum

2474 1192 2603 1262 est,
2672 1205 2793 1251 1108
2858 1187 3071 1251 facere
3137 1209 3339 1269 quum
3398 1189 3702 1268 facimus,
3779 1190 3895 1254 sed
3960 1189 4073 1254 ille
4136 1192 4294 1257 facit
4357 1201 4436 1258 ut

2468 1271 2813 1349 faciamus,
2868 1270 3082 1337 dando
3118 1274 3295 1338 vires
3337 1273 3819 1339 efficacissimas
3857 1275 4203 1342 voluntati.
4263 1278 4432 1344 Per-

2472 1356 2573 1439 git
2614 1363 2757 1420 tum
2813 1365 3039 1440 postea
3106 1359 3551 1442 compluribus
3615 1360 3979 1441 scripturae
4036 1364 4433 1430 testimoniis

2470 1452 2871 1521 monstrare,
2949 1465 3027 1508 ea
3102 1445 3246 1526 ipsa
3310 1445 3530 1508 Deum
3593 1445 3806 1510 facere
3873 1447 3944 1510 in
4007 1448 4197 1513 nobis
4265 1470 4432 1531 quae

2469 1528 2684 1592 facere
2750 1551 2868 1593 nos
2943 1530 3140 1595 iubet.
3246 1531 3544 1595 Tandem
3608 1531 3724 1595 ubi
3798 1531 3883 1595 ad
3950 1534 4433 1601 conclusionem

2473 1614 2686 1690 venit,
2769 1615 2862 1679 810
2940 1614 3255 1697 loquitur:
3375 1614 3556 1681 Satis
3630 1636 3738 1680 me
3822 1616 4192 1701 disputasse
4257 1620 4431 1686 arbi·-

2473 1708 2612 1762 tror
2677 1699 2995 1765 adversus
3060 1723 3197 1779 eos,
3275 1702 3386 1785 qui
3453 1701 3584 1766 Dei
3660 1702 3940 1785 gratiam
4006 1704 4433 1773 vehementer

2467 1795 2881 1867 oppugnant:
2943 1805 3072 1867 qua
3124 1788 3432 1853 voluntas
3475 1788 3767 1853 humana
3810 1810 3942 1853 non
3986 1790 4265 1868 tollitur,
4312 1793 4432 1866 sed

2470 1891 2553 1934 ex
2619 1871 2795 1934 mala
2849 1880 3151 1936 mutatur
3207 1873 3277 1936 in
3336 1874 3603 1951 bonam,
3673 1882 3740 1938 et
3794 1896 3998 1956 quum
4064 1877 4236 1941 bona
4285 1879 4429 1943 fue-

2470 1956 2587 2032 rit,
2654 1955 3035 2036 adiuvatur3
3117 1967 3185 2021 et
3249 1960 3342 2024 sic
3410 1958 3806 2042 disputasse,
3870 1969 3945 2024 ut
4021 1983 4153 2026 non
4217 1964 4431 2047 magis

2470 2061 2591 2124 ego
2658 2062 2854 2123 quam
2935 2041 3158 2107 divina
3241 2045 3567 2126 scriptura
3639 2045 3912 2127 loquuta
3998 2049 4086 2112 sit
4158 2047 4429 2114 eviden-

2470 2126 2726 2191 tissima
2759 2129 3074 2210 ‘vei-itate.
3175 2128 3366 2209 Quae
3422 2131 3747 2212 scriptura
3806 2132 3862 2196 si
3918 2130 4270 2216 diligenter
4326 2137 4430 2200 in-

2471 2212 2777 2293 spicitur,
2841 2213 3157 2291 ostendit,
3215 2236 3348 2279 non
3404 2215 3616 2280 solum
3674 2217 3877 2281 bonas
3923 2217 4270 2283 hominum
4312 2243 4428 2286 vo-

2468 2298 2789 2375 luntates,
2847 2321 3008 2380 quas
3060 2302 3203 2382 ipse
3264 2302 3420 2367 facit
3463 2322 3546 2365 ex
3590 2301 3814 2378 malis,
3872 2311 3939 2365 et
3990 2323 4032 2366 a
4087 2324 4160 2368 80
4220 2306 4429 2372 iactas

2470 2383 2674 2448 bonas
2717 2385 2791 2448 in
2826 2393 3012 2449 actus
3048 2385 3248 2451 bonos
3292 2394 3359 2450 et
3400 2387 3607 2453 vitam
3652 2386 3879 2470 dirigit
3921 2395 4277 2469 aeternam,
4313 2413 4427 2457 ve-

2469 2490 2618 2533 rum
2662 2471 2855 2534 etiam
2904 2469 3067 2546 illas,
3108 2492 3276 2554 quae
3312 2483 3708 2537 conservant
3751 2473 3996 2538 saeculi
4037 2485 4423 2555 creaturam,

2467 2556 2564 2619 ita
2608 2576 2749 2620 esse
2783 2555 2857 2618 in
2878 2556 3004 2620 Dei
3047 2565 3384 2639 potestate,
3424 2569 3499 2621 ut
3532 2579 3644 2622 eas
3672 2579 3798 2641 quo
3820 2558 4120 2638 voluerit,
4160 2561 4423 2644 quando

2468 2641 2782 2718 voluerit,
2832 2641 3030 2707 faciat
3083 2641 3408 2708 inclinari.
3493 2643 3685 2724 Quod
3731 2645 3786 2709 si
3829 2652 4063 2728 potens
4108 2654 4240 2723 est,
4287 2649 4427 2713 sive
4510 2645 4524 2658 '

2465 2747 2586 2809 per
2640 2727 2910 2810 angelos
2968 2727 3074 2793 vel
3131 2726 3334 2793 bonos
3389 2729 3494 2794 vel
3550 2729 3791 2808 malos,
3849 2730 3987 2795 sive
4040 2752 4427 2815 quocunque

2466 2813 2593 2876 alio
2637 2813 2859 2888 modo,
2906 2814 3165 2896 operari
3208 2815 3278 2878 in
3321 2815 3625 2880 cordibus
3667 2814 4026 2894 malorum,
4082 2821 4230 2896 [pag.
4276 2824 4424 2899 136]

2449 2919 2583 2980 ,pro
2619 2900 2872 2963 meritis
2917 2920 3162 2976 eorum,
3210 2922 3494 2983 quorum
3528 2901 3844 2965 malitiam
3890 2902 4032 2985 ipse
4076 2924 4208 2969 non
4253 2905 4423 2984 fecit,

2468 2984 2584 3049 sed
2634 2983 2744 3048 vel
2800 2985 3210 3068 originaliter
3266 2995 3474 3051 tracta
3537 2995 3639 3052 est
3691 2986 3771 3051 ab
3825 2989 3965 3070 ipso
4012 2987 4260 3068 Adam,
4317 2991 4425 3056 vel

2466 3069 2677 3134 crevit
2718 3091 2840 3151 per.
2878 3073 3213 3153 propriam
3259 3072 3686 3152 voluntatem,
3735 3072 3891 3156 quid
3925 3075 4171 3138 mirum
4217 3077 4276 3140 si
4308 3098 4427 3159 per

2467 3155 2773 3237 spiritum
2828 3165 3129 3220 sanctum
3186 3167 3495 3239 operatur
3547 3158 3621 3222 in
3686 3158 3991 3223 cordibus
4067 3159 4425 3227 electorum

2466 3241 2656 3318 bona,
2701 3241 2813 3321 qui
2857 3252 3162 3322 operatus
3207 3251 3308 3307 est
3351 3253 3427 3306 ut
3470 3243 3666 3307 corda
3704 3244 3848 3324 ipsa
3891 3252 4114 3309 essent
4156 3268 4237 3310 ex
4282 3267 4425 3309 ma-

2467 3326 2549 3390 lis
2605 3325 2818 3390 bona?
2910 3326 3014 3389 En
3064 3328 3300 3407 quibus
3355 3328 3634 3392 liberum
3705 3329 4049 3393 arbitrium
4110 3332 4424 3397 encomiis

2465 3411 2601 3476 illic
2644 3411 2937 3476 extollat.
3024 3412 3117 3475 Et
3160 3421 3408 3491 tamen,
3455 3435 3584 3495 qua
3627 3413 3796 3478 solet
3839 3415 4261 3495 verecundia,
4306 3417 4424 3481 Pi·

2465 3497 2661 3580 ghius
2696 3518 2815 3561 1108
2856 3496 3071 3562 studio
3106 3496 3412 3562 claudere
3453 3499 3673 3564 oculos
3714 3499 4120 3579 criminatur,
4164 3522 4248 3565 ne
4291 3502 4425 3568 cla-

2463 3583 2791 3647 rissimam
2836 3582 3050 3647 lucem
3097 3603 3462 3648 cernamus.
3550 3585 3644 3648 Et
3686 3583 3850 3648 adeo
3894 3584 4020 3649 sibi
4061 3587 4301 3668 placet,
4346 3597 4427 3652 ut

2471 3668 2572 3734 vel
2620 3668 2754 3732 solo
2798 3667 2984 3732 hiatu
3019 3668 3150 3733 oris
3185 3691 3255 3734 se
3289 3670 3567 3734 lectores
3589 3671 3928 3735 incantare
3959 3692 4148 3754 posse
4183 3683 4419 3755 speret.

2640 3752 2967 3833 Quoniam
3015 3762 3234 3819 autem
3278 3755 3349 3818 in
3395 3776 3543 3819 mea
3586 3756 4030 3834 Institutione,
4077 3768 4226 3840 post
4269 3760 4422 3825 doc-

2466 3841 2680 3905 trinae
2734 3847 2999 3904 nostrae
3052 3841 3583 3922 explicationem,
3652 3852 4042 3924 argumenta
4094 3846 4421 3909 refutave-

2465 3948 2628 4004 ram‚
2675 3926 2911 4007 quibus
2956 3947 3099 3990 sese
3144 3947 3402 3991 armare
3440 3928 3668 4004 solent,
3708 3928 3821 4009 qui
3855 3949 3999 3992 eam
4032 3950 4422 4013 oppugnare

2466 4012 2729 4078 volunt:
2779 4010 2897 4074 has
2942 4012 3067 4076 sibi
3109 4033 3285 4078 nunc
3328 4021 3549 4094 partes
3595 4014 3897 4096 suscipit,
3944 4021 4021 4077 ut
4065 4016 4421 4081 solutiones

2467 4119 2647 4162 meas
2704 4107 2819 4160 aut
2873 4097 3178 4180 frigidae,
3240 4109 3357 4162 aut
3400 4101 3620 4166 minus
3664 4099 3920 4181 plenas,
3978 4109 4097 4162 aut
4138 4102 4417 4183 ineptas,

2467 4195 2584 4247 aut
2636 4183 2868 4246 inanes
2926 4204 3067 4248 esse
3122 4205 3349 4248 omnes
3401 4186 3765 4250 convincat.
3869 4185 4018 4250 Hoc
4072 4195 4148 4249 ut
4200 4187 4416 4263 faciat,

2466 4268 2801 4351 dialogum
2865 4270 3195 4351 componit
3252 4270 3322 4334 in
3382 4292 3510 4352 quo
3554 4291 3660 4333 me
3716 4269 3968 4334 inducit
4022 4269 4416 4352 loquentem,

2465 4354 2579 4418 sed
2638 4375 2758 4435 pro
2815 4374 2934 4417 suo
2991 4356 3344 4420 commodo.
3449 4356 3623 4419 Nam
3669 4355 3922 4436 quoties
3965 4355 4155 4432 libet,
4213 4357 4416 4422 verba

2466 4440 2816 4521 abrumpit.
2926 4439 3249 4503 Dixeram
3320 4449 3535 4504 autem
3610 4442 3678 4503 in
3755 4462 3899 4504 mea
3948 4441 4415 4522 ·Institut-ione,

2465 4528 2575 4608 qui
2634 4525 2967 4590 doctrinae
3024 4536 3285 4589 nostrae
3342 4527 3689 4596 resistunt,
3741 4545 3851 4590 eos
3896 4526 4178 4591 absurda
4221 4549 4415 4611 quae-

2464 4611 2618 4674 dam
2662 4631 3045 4693 congerere,
3101 4611 3336 4692 quibns
3380 4622 3525 4675 eam
3570 4610 3855 4675 odiosam
3902 4611 4211 4691 reddant,
4270 4623 4413 4679 tan-

2463 4718 2661 4778 quam
2705 4716 2745 4759 a
2787 4696 3120 4759 communi
3165 4718 3360 4759 sensu
3407 4697 3898 4775 abhorrentem3
3942 4697 4177 4763 deinde
4212 4702 4416 4783 scrip-

2463 4793 2651 4845 turae
2698 4782 3093 4845 testimoniis
3137 4803 3285 4845 cum
3333 4803 3412 4846 ea
3468 4782 3796 4864 congredi.
3887 4782 4061 4862 Quia
4109 4793 4415 4867 utrasque

2462 4868 2805 4931 machinas
2861 4867 3087 4930 ordine
3142 4888 3245 4930 me
3301 4868 3715 4950 repulsurum
3774 4871 4113 4949 profiteor,
4186 4892 4413 4953 super-

2410 4945 2414 4976 *
2465 4953 2637 5016 biam
2688 4972 2899 5014 meam
2948 4954 3210 5035 tragicis
3248 4955 3818 5019 acclamationibus
3862 4956 4180 5037 exagitat:
4241 4957 4411 5038 quod

2409 5051 2416 5133 j
2464 5060 2603 5122 ege,
2650 5037 2945 5101 misellus
2987 5039 3199 5116 culex,
3250 5047 3344 5102 tot
3378 5040 3590 5118 simul,
3629 5049 3975 5122 tantosque
4012 5040 4410 5123 elephantos,

403 5128 668 5210 quando
713 5125 972 5190 dicunt:
1021 5126 1174 5190 Non
1213 5128 1468 5192 iuberet
1511 5128 1725 5204 DeuS,
1771 5126 1941 5208 quod
1986 5127 2184 5191 sciret
2227 5146 2358 5190 non
2410 5139 2416 5218 ᾗ
2465 5133 2533 5189 ct
2597 5123 2879 5188 nobilem
2948 5124 3128 5192 illam
3194 5126 3556 5207 aquilarum
3622 5125 4219 5208 congregationem,
4288 5127 4411 5192 hoc

4018 5212 4118 5274 Ac
4180 5232 4413 5276 rursus
