4967 5992
616 342 734 402 111

1452 522 1719 574 n’nurm.

782 592 890 658 Ou
949 614 962 657 ε
1018 599 1086 657 61
1138 595 1332 674 qu’on
1388 590 1484 655 les
1540 596 1797 655 escoutc
1840 596 2151 658 recavant
2203 610 2285 653 en
2339 587 2558 652 humi·

606 681 724 745 lite
770 679 834 743 la
876 615 1171 743 (16611166
1215 675 1304 742 (16
1344 675 1671 759 Seigneur
1709 694 1830 757 par
1881 674 2026 738 leur
2065 673 2332 739 bouche.
2406 673 2558 738 Tel-

606 766 857 831 lement
899 785 1025 847 que
1070 764 1431 846 quiconque
1473 762 1570 825 les
1609 761 1945 843 mesprise,
1991 767 2059 824 et
2094 761 2308 825 refuse
2347 760 2425 824 de
2459 759 2556 824 les

607 871 805 936 ouyr,
872 850 918 914 il
987 850 1217 914 reiette
1271 849 1456 913 Iesus
1511 846 1765 924 Christ,
1834 855 1901 911 et
1954 866 2026 911 se
2082 866 2311 928 separe
2367 845 2448 910 de
2490 844 2558 908 16

475 1021 490 1034 ⁶
608 935 992 1021 compagnie
1047 934 1161 1000 des
1213 933 1437 1000 fideles
1488 932 1761 1016 (Matth.
1806 937 1903 1010 10,
1941 936 2056 1011 403
2095 931 2243 996 Luc
2289 936 2381 1010 10,
2427 929 2555 1014 16).

778 1108 954 1174 Mais
1011 1105 1274 1171 suffit-n
1341 1054 1788 1170 α’ᾎῑᾶῗῖηἷῗῗιὲ
1864 1103 1984 1168 fois
2048 1111 2187 1168 este
2250 1102 2561 1170 instruiot

608 1214 732 1277 par
774 1215 924 1271 eux,
970 1213 1057 1257 ou
1101 1192 1204 1257 s’il
1246 1193 1390 1257 faut
1433 1188 1821 1255 continuer‘l

1451 1376 1717 1430 n'msa‘r.

780 1449 876 1516 Ce
932 1453 1102 1513 n’est
1155 1447 1299 1512 rien
1354 1446 1434 1511 de
1490 1465 1930 1521 commenoer,
1990 1444 2048 1509 si
2108 1465 2196 1509 on
2241 1468 2322 1510 ne
2363 1465 2560 1527 pour-

608 1537 744 1602 suit
795 1542 863 1600 et
913 1553 1261 1618 persevere
1315 1533 1661 1597 166616616.
1753 1529 1887 1595 Car
1941 1531 2209 1614 iusques
2264 1540 2304 1596 6
2359 1531 2425 1596 16
2465 1533 2561 1596 fin

607 1622 657 1685 il
713 1642 880 1686 nous
938 1620 1252 1685 convient
1295 1607 1533 1683 d'estre
1593 1616 1920 1681 tousiours
1965 1615 2269 1682 escoliers
2327 1615 2409 1681 de
2451 1617 2559 1684 Ie-

609 1729 725 1773 sus
769 1706 1015 1772 Christ.
1115 1705 1207 1768 Et
1260 1703 1313 1768 il
1365 1726 1405 1769 a
1459 1702 1752 1767 ordonne
1804 1701 1901 1767 les
1955 1702 2290 1768 ministres
2332 1703 2560 1769 Eccle-

609 1793 980 1875 siastiques,
1024 1811 1190 1873 pour
1232 1811 1397 1855 nous
1441 1789 1786 1870 enseigner
1828 1809 1912 1852 en
1955 1809 2073 1852 son
2115 1789 2287 1852 nom.

1371 1911 1437 1945 m:
1471 1909 1730 1945 umisa-nn.
1753 1889 1793 1955 ¹)

785 1962 849 2027 N
851 1967 915 2045 ’y
960 1963 1080 2026 6-11
1123 1962 1313 2045 96161
1355 1959 1606 2026 (1’66116
1650 1978 1892 2041 moyen
1935 1965 2122 2024 outre
2163 1958 2231 2022 16
2272 1959 2558 2039 Ρ616116,

483 2065 506 2092 ²
609 2069 731 2133 par
771 2047 990 2156 lequel
1033 2048 1208 2113 Dieu
1252 2068 1321 2112 66
1363 2045 1822 2127 communique
1866 2050 1909 2108 a.
1947 2043 2158 2110 nous?

1457 2149 1724 2201 n’mrruvr.

779 2221 840 2286 Π
883 2241 926 2286 6
965 2219 1290 2288 666161661
1330 2218 1427 2282 166
1483 2216 1873 2282 Sacremens
1914 2236 2075 2281 avec
2130 2214 2199 2280 la
2258 2214 2559 2300 predica-

609 2308 747 2374 tion
793 2307 873 2373 de
915 2328 991 2374 sa
1029 2304 1314 2373 Parolle.

1410 2426 1477 2461 LE
1510 2424 1770 2459 mlflm.

784 2477 1126 2560 Qu’est-ce
1170 2497 1297 2560 que
1343 2472 1771 2541 Sacrement‘?

1449 2577 1719 2629 n’narm.
2434 2568 2444 2576 ’

783 2649 961 2718 C’est
999 2670 1091 2713 un
1135 2648 1580 2729 tesmoignage
1633 2644 1964 2708 exterieur
2006 2643 2088 2708 de
2131 2642 2198 2707 la
2240 2663 2433 2726 grace
2478 2644 2561 2707 de

609 2738 807 2815 Dieu,
853 2736 969 2818 qui
1003 2754 1123 2816 par
1157 2734 1344 2816 signe
1378 2729 1614 2795 visible
1654 2749 1820 2794 nous
1855 2737 2237 2812 represente
2274 2728 2371 2793 les
2404 2729 2560 2794 cho-

611 2844 717 2889 ses
773 2818 1196 2903 spirituelles:
1251 2819 1385 2881 6116
1451 2814 1850 2897 d’imprimer
1905 2814 2054 2897 plus
2112 2814 2245 2878 fort
2297 2835 2382 2879 en
2436 2835 2560 2879 666

610 2927 847 2974 666616
895 2905 992 2969 166
1044 2922 1413 2987 9161666666
1468 2901 1549 2965 (16
1600 2900 1806 2978 Dieu,
1862 2907 1931 2965 et
1985 2920 2152 2965 nous
2195 2920 2278 2965 en
2321 2900 2561 2966 rendre

610 2993 761 3076 plus
805 2990 1108 3056 certains.

1311 3148 1328 3156 ,
1411 3108 1479 3142 m
1512 3107 1769 3143 mmm.

782 3159 1175 3228 Commeat?
1247 3181 1342 3224 un
1396 3158 1583 3242 signe
1650 3156 1878 3223 visible
1942 3164 2010 3222 et
2062 3157 2360 3224 materiel
2410 3177 2452 3222 a
2508 3157 2559 3221 il

611 3255 787 3317 ceste
831 3255 1026 3314 vertu
1071 3246 1153 3311 de
1195 3245 1479 3312 certifier
1523 3244 1588 3309 la
1630 3242 2056 3310 conscience?

1450 3347 1716 3400 duntur.

781 3419 934 3485 Non
987 3438 1106 3500 pas
1162 3415 1243 3483 de
1299 3436 1695 3501 soymesme:
1752 3417 1919 3482 mais
1973 3422 2205 3481 entant
2246 3415 2403 3498 qu’il
2458 3423 2562 3481 est

611 3504 900 3572 ordonne
945 3503 1026 3569 (16
1066 3504 1242 3569 Dieu
1287 3510 1327 3568 6
1368 3511 1544 3569 ceste
1586 3503 1700 3566 fin.

1412 3710 1479 3744 LE
1514 3709 1771 3743 tunsum..

781 3761 934 3825 Veu
975 3781 1101 3842 que
1146 3761 1305 3825 c’est
1343 3759 1406 3823 16
1452 3779 1689 3841 916916
1723 3759 1908 3826 office
1952 3757 2042 3823 du
2081 3759 2297 3824 sainct
2329 3759 2564 3842 Esprit

610 3848 692 3914 (16
756 3845 991 3912 6661161
1052 3846 1149 3911 166
1214 3865 1582 3928 9161666666
1633 3843 1714 3909 (16
1765 3845 1937 3911 Dieu
1989 3867 2073 3910 en
2126 3865 2249 3909 666
2305 3866 2558 3922 6661116,

610 3953 862 4001 comme
909 3932 1339 3997 attribues-tu
1382 3931 1522 3996 6616
1562 3951 1696 3994 aux
1740 3928 2171 3996 Sacremens‘?

1454 4032 1717 4085 1361111111.

780 4104 842 4168 Il
884 4126 929 4188 y
984 4124 1025 4167 6
1068 4100 1281 4186 grand
1344 4100 1696 4166 difference
1752 4111 1938 4166 entre
2000 4101 2141 4166 l’un
2184 4108 2252 4166 et
2304 4101 2560 4166 l’autre.

611 4190 748 4257 Car
808 4189 1089 4272 l’Esprit
1134 4188 1216 4254 de
1259 4188 1466 4266 Dieu,
1513 4195 1556 4251 6
1607 4186 1676 4251 16
1717 4187 1959 4265 verite,
2019 4194 2121 4252 est
2175 4186 2362 4287 celuy
2418 4185 2563 4252 seul

611 4276 725 4360 qui
768 4282 923 4358 peut
977 4273 1253 4341 toucher
1308 4280 1376 4339 et
1431 4272 1802 4339 esmouvoir
1843 4291 1969 4336 1166
2014 4292 2271 4351 6116616,
2316 4272 2561 4337 1116161-

611 4382 734 4426 661
774 4383 895 4425 noz
939 4358 1408 4426 entendemens
1422 4410 1438 4438 ,
1486 4362 1605 4438 [fol.
1637 4362 1742 4436 57]
1787 4370 1855 4423 et
1897 4377 2201 4424 asseurer
2240 4379 2362 4423 666
2407 4379 2559 4423 con-

612 4447 925 4512 sciences:
994 4446 1337 4512 tellement
1400 4467 1524 4528 que
1595 4452 1737 4509 tout
1789 4443 1930 4510 6616
1984 4443 2122 4508 (1611
2177 4451 2351 4509 66116
2407 4444 2562 4527 iuge

613 4552 736 4596 son
799 4551 1023 4597 oeuvre
1086 4552 1342 4616 propre,
1407 4552 1577 4615 9661
1632 4529 1752 4615 luy
1817 4550 1905 4594 en
1968 4529 2207 4595 rendre
2258 4529 2557 4612 louenge.

614 4615 1030 4698 Cependant,
1108 4617 1171 4682 le
1238 4617 1570 4701 seigneur
1666 4613 1866 4681 s’aide
1958 4613 2072 4682 des
2148 4614 2558 4693 Sacremens,

614 4721 869 4767 comme
925 4700 1398 4768 d’instrumens
1439 4702 1816 4781 inferieurs‚
1875 4701 2058 4766 selon
2098 4722 2223 4784 que
2265 4701 2395 4766 bon
2436 4701 2561 4784 luy

615 4786 892 4854 semble:
953 4807 1105 4851 sans
1161 4808 1286 4869 que
1349 4787 1415 4852 16
1459 4797 1648 4852 vertu
1707 4784 1788 4852 de
1844 4807 1965 4852 son
2007 4788 2238 4870 Esprit
2294 4808 2375 4852 en
2432 4789 2561 4852 soit

616 4879 1058 4939 aucunement
1098 4872 1475 4938 amoindrie.

1901 332 2025 397 LE
2068 329 2671 398 OATEOHISME
2716 330 2844 396 DE
2890 329 3291 397 GENEVE.

4469 339 4576 402 112

3559 538 3712 574 PUER-

2838 585 3020 668 Quin
3063 587 3263 653 etiam
3308 607 3575 653 necesse
3617 597 3719 653 est
3768 588 3998 654 audire
4036 590 4247 673 ipsos,
4300 595 4365 654 et
4403 611 4584 673 quam

2663 681 3042 757 proponunt
3076 671 3329 758 Christi
3374 673 3737 739 doctrinam
3780 696 3864 739 ex
3907 696 4131 740 eorum
4176 696 4287 739 616
4327 696 4471 740 cum
4508 678 4586 741 ti-

2662 780 2844 825 more
2888 767 2955 823 et
2998 759 3370 825 reverentia
3401 760 3717 842 excipere.
3804 760 4039 843 Itaque
4083 761 4193 844 qui
4236 763 4407 844 ipsos
4448 783 4591 828 con·

2664 846 2900 909 temnit
2954 843 3264 910 audireve
3308 843 3651 924 detrectat,
3710 844 4052 911 Christum
4088 846 4468 926 contemnit,
4521 869 4591 915 66

2664 929 3126 997 discessionem
3169 930 3326 995 facit
3369 951 3409 995 6
3451 931 3758 996 666161616
3800 931 4114 997 fidelium.

3510 1051 3769 1086 mulsum.

2837 1105 2954 1180 [fol.
3003 1107 3112 1181 69]
3157 1100 3441 1181 Verum,
3497 1102 3788 1167 semelnc
3834 1123 3872 1166 6
3930 1111 4190 1187 9661616
4244 1125 4364 1169 666
4404 1103 4594 1170 fuisse

2663 1188 3039 1253 institutum
3098 1188 3257 1253 satis
3314 1199 3414 1253 est
3451 1187 3704 1252 homini
3759 1188 4144 1268 christiane,
4213 1210 4300 1253 66
4342 1210 4596 1256 cursum

2664 1273 2844 1338 hunc
2888 1281 3025 1337 tota
3065 1273 3205 1338 vita.
3247 1283 3468 1339 tenere
3512 1272 3746 1339 debet?

3563 1395 3714 1431 rm

2837 1444 3148 1527 Coepisse
3201 1467 3439 1528 parum
3496 1454 3623 1524 est,
3694 1446 3821 1510 nisi
3876 1466 4274 1528 perseveres.
4363 1444 4603 1512 Christi

2667 1531 2843 1595 enim
2888 1529 3240 1613 discipulos
3286 1553 3489 1614 usque
3520 1532 3592 1595 in
3635 1533 3853 1609 finem,
3896 1531 4004 1597 vel
4038 1533 4257 1614 potius
4300 1533 4440 1595 sine
4481 1533 4604 1597 fine

2667 1637 2809 1682 esse
2858 1638 2977 1682 nos
3034 1625 3305 1699 oportet.
3395 1617 3591 1681 Hanc
3633 1638 3790 1682 vero
3832 1617 4235 1682 functionem
4274 1617 4606 1684 mandavit

2666 1703 2975 1768 ecclesiae
3027 1703 3376 1780 ministris,
3432 1711 3505 1767 ut
3561 1723 3677 1769 suo
3733 1722 3855 1767 nos
3896 1703 4036 1767 1666
4080 1712 4150 1769 et
4190 1704 4457 1769 nomine
4500 1703 4605 1768 do·

2666 1797 2874 1853 ceant.
3234 1787 3241 1792 ’

3474 1909 3730 1944 mmm
3746 1890 3796 1956 ²)

2837 1959 2987 2024 Non
3033 1967 3132 2023 est
3183 1958 3363 2024 aliud
3419 1981 3458 2023 a
3498 1960 3698 2025 verbo
3742 1957 4060 2038 medium,
4117 1967 4195 2025 ut
4238 1959 4609 2044 loquuntur,

2665 2067 2793 2129 quo
2839 2067 2909 2110 66
2944 2044 3283 2111 nobiscum
3326 2045 3515 2110 Deus
3557 2045 4034 2111 communicet?

3563 2166 3715 2201 runt.

2834 2214 3042 2280 Verbi
3080 2215 3548 2298 praedicationi
3588 2215 3891 2316 adiunxit
3931 2225 4365 2285 sacramenta.

3510 2424 3769 2459 mmm

2836 2472 3014 2553 Quid
3049 2480 3149 2539 est
3191 2474 3716 2541 sacramentum?

3561 2595 3713 2630 PUER-

2836 2644 3138 2709 Externa
3189 2644 3452 2710 divinae
3509 2665 3668 2728 erga
3720 2665 3840 2710 nos
3895 2645 4401 2713 benevolentiae
4440 2649 4618 2714 testi-

2666 2731 2899 2808 ficati0,
2945 2751 3110 2812 quae
3154 2730 3395 2796 visibili
3429 2730 3616 2813 signo
3654 2731 4025 2813 spirituales
4060 2734 4317 2815 gratias
4359 2735 4616 2833 figurat,

2668 2815 2753 2881 ad
2821 2814 3257 2898 obsignandas
3303 2815 3606 2882 cordibus
3658 2818 3899 2881 nostris
3943 2818 4076 2883 Dei
4130 2820 4621 2902 promissiones,

2666 2922 2792 2984 quo
2836 2921 3062 2966 earum
3103 2903 3351 2967 veritas
3395 2902 3630 2967 melius
3674 2904 4116 2969 confirmetur.

2837 3160 3136 3224 Tantane
3178 3158 3282 3224 vis
3324 3109 3845 3226 661166Πῶῗῶ
3888 3161 4076 3244 signo
4091 3212 4107 3239 ,
4163 3168 4245 3226 ut
4288 3164 4625 3229 conscien-

2664 3246 2790 3311 tias
2827 3246 2899 3310 in
2942 3244 3173 3311 salutis
3217 3244 3455 3311 fiducia
3497 3243 3828 3310 stabiliat?

3564 3365 3715 3401 run.

2836 3416 2920 3482 Id
2973 3415 3237 3499 quidem
3289 3437 3329 3481 6
3383 3437 3453 3482 66
3508 3416 3652 3501 1966
3706 3437 3840 3482 666
3893 3417 4119 3498 habet,
4174 3417 4300 3485 sed
4358 3442 4447 3486 ex
4503 3421 4632 3487 Dei

2669 3502 3006 3570 voluntate
3019 3554 3037 3582 ‚
3092 3511 3439 3587 propterea
3494 3501 3665 3586 quod
3710 3503 3797 3568 sit
3847 3504 3920 3567 in
3956 3503 4134 3570 hunc
4177 3506 4395 3572 finem
4439 3507 4632 3572 insti-

2667 3597 2901 3654 tutum.
4324 3609 4339 3620 ‘

3514 3710 3772 3745 mmm.

2839 3757 3064 3840 Quum
3102 3760 3406 3842 propriae
3447 3761 3584 3824 sint
3626 3759 3895 3843 spiritus
3939 3761 4148 3827 sancti
4193 3770 4432 3845 partes
4446 3816 4463 3843 ,
4510 3763 4641 3830 Dei

2667 3844 3130 3929 promissiones
3193 3845 3264 3910 in
3317 3845 3552 3909 animis
3617 3846 3863 3911 nostris
3915 3846 4303 3931 obsignare,
4374 3850 4506 3917 hoc
4563 3859 4641 3914 tu

2667 3930 3096 3998 sacramentis
3139 3929 3456 4014 quomodo
3499 3929 3779 3996 tribuis?

2764 4055 2775 4069 ⁸
3563 4051 3719 4088 Pm-

2836 4101 3146 4185 Longum
3179 4108 3279 4166 est
3310 4101 3486 4166 inter
3512 4101 3701 4166 illum
3736 4110 3802 4167 61
3833 4101 3998 4169 11666
4039 4101 4431 4173 discrimen.
4494 4107 4643 4173 Μο-

2664 4207 2821 4254 vere
2852 4187 3031 4251 enim
3076 4195 3145 4252 et
3179 4187 3438 4252 afficere
3471 4185 3686 4266 corda,
3736 4188 4108 4255 illuminare
4138 4202 4440 4272 mentes,
4488 4216 4648 4260 con-

2665 4273 2973 4341 scientias
3013 4271 3288 4338 reddere
3315 4279 3529 4338 certas
3565 4294 3640 4339 66
3683 4275 4090 4357 tranquillas,
4137 4276 4357 4345 solius
4384 4302 4463 4346 re
4484 4300 4647 4346 vera

2665 4359 2936 4443 spiritus
2980 4365 3110 4437 est,
3169 4368 3243 4423 61
3283 4358 3352 4423 id
3405 4366 3616 4425 totum
3661 4361 3911 4426 censeri
3955 4362 4305 4444 proprium
4354 4369 4485 4447 [fol.
4537 4369 4647 4446 70]

2663 4444 2873 4529 ipsius
2914 4464 3077 4527 opus
3121 4443 3367 4524 debeat,
3409 4445 3632 4529 illique
3676 4454 4016 4529 acceptum
4047 4447 4312 4530 referri,
4357 4473 4453 4517 ne
4497 4452 4651 4518 laus

2667 4531 2796 4595 6116
2840 4532 3292 4595 transferatur.
3383 4532 3659 4597 Minime
3718 4540 3941 4597 tamen
3984 4532 4110 4598 1166
4151 4533 4423 4618 obstat,
4488 4558 4655 4622 quo-

2659 4616 2881 4681 minus
2949 4617 3373 4714 sacramentis
3438 4618 3624 4683 Deus
3674 4625 3899 4682 utatur
3913 4669 3929 4696 ,
4001 4626 4334 4702 tanquam
4405 4644 4653 4690 secun-

2613 4733 2621 4750 .
2665 4699 2766 4768 dig
2808 4722 3102 4787 orgams,
3160 4723 3363 4785 eaque
3405 4703 3478 4768 in
3520 4725 3719 4770 usum
3758 4702 4097 4783 adhibeat,
4153 4716 4375 4787 prout
4423 4711 4657 4777 visum

2661 4789 2893 4941 fuel-igi
2931 4787 3128 4871 idque
3172 4789 3265 4855 sic
3307 4789 3532 4868 faeiat,
3588 4811 3672 4854 ne
3715 4788 3871 4874 quid
3918 4791 4187 4872 spiritus
4231 4794 4496 4861 virtuti
4537 4795 4656 4862 de-

2662 4895 2818 4959 1636
2896 4897 2945 4939 1.

925 5093 983 5156 1)
1023 5093 1100 5147 Le
1134 5093 1221 5147 46.
1255 5093 1549 5147 dimanche.
1585 5122 1652 5131 -
1688 5093 1798 5147 Des
1835 5057 2174 5150 Sacremensl
2205 5125 2269 5135 —
2307 5098 2415 5151 Les
2451 5097 2769 5151 Sacremens
2803 5110 2943 5149 nous
2980 5103 3103 5149 66111
3138 5094 3347 5148 donnez
3384 5110 3524 5163 pour
3558 5105 3742 5149 nostre
3777 5097 4045 5152 infir-mite.

921 5161 982 5223 2)
1019 5161 1143 5217 Hoc
1175 5163 1306 5227 loco,
1341 5162 1423 5214 vel
1453 5168 1614 5215 ettam
1650 5160 1729 5213 ad
1761 5164 2125 5229 mationem
2157 5171 2457 5234 sequentem
2491 5165 2758 5231 nonnulli,
2794 5169 2855 5215 ut
2889 5178 3062 5229 supra
3096 5164 3207 5214 iam
3242 5161 3469 5234 dictum,
3502 5164 3821 5219 adscmhunt
3855 5183 4054 5220 novum
4088 5167 4350 5223 titulum.-
4388 5172 4500 5227 DE
4541 5172 4661 5227 SA·

613 5228 1053 5285 GRAMENTIS.
