4967 5992
380 308 501 371 389

378 494 523 645 3}ss
546 492 840 645 dlgsputat
853 545 870 573 ,
928 508 1155 559 contra
1207 515 1278 561 se
1338 495 1579 562 ostium
1644 496 1890 562 claudit
1959 498 2330 566 misericor-

632 600 713 646 el.

548 665 641 729 At
681 662 990 730 Solomon
1035 685 1171 730 non
1221 667 1569 751 praecipit,
1624 666 1740 733 sed
1785 667 2072 734 affirmat
2113 670 2327 735 homi-

375 751 479 817 nis
513 771 657 817 esse
691 749 1068 816 familtatem
1102 752 1539 834 praeparandi
1572 752 1786 818 cordis
1822 754 2050 838 (Prov.
2094 759 2193 834 16,
2239 757 2324 840 1).

375 837 468 900 Et
507 835 616 901 hic
658 836 860 902 habes
915 836 1384 919 expositionem
1435 837 1516 903 Pi
1566 838 1676 902 hio
1719 837 2007 923 dignam.
2089 842 2324 906 'Peme-

374 922 619 987 rariam
655 921 994 986 hominum
1037 920 1504 989 confidentiam
1578 923 1838 989 olomon
1879 923 2017 989 illic
2051 924 2323 1006 deridet,

416 1007 484 1072 ui
525 1006 694 1072 nihil
732 1027 869 1071 non
910 1009 1166 1090 agitant
1205 1009 1491 1087 consilii,
1550 1009 1718 1075 nihil
1762 1030 1896 1074 non
1941 1011 2159 1077 moliri
2205 1033 2321 1077 au-

420 1099 534 1157 ent
588 1094 731 1157 sine
779 1092 951 1157 Deo:
1020 1114 1222 1174 quum
1285 1100 1507 1160 tamen
1574 1115 1658 1159 ne
1720 1094 1996 1160 verbum
2060 1094 2322 1180 quidem

374 1179 705 1258 emittere,
810 1176 940 1243 uod
1001 1179 1215 1244 multo
1267 1182 1490 1246 minus
1545 1187 1675 1258 est,
1740 1180 1870 1246 nisi
1924 1203 2041 1264 per
2103 1182 2321 1266 ipsum

414 1273 632 1330 ueant.
804 1264 1068 1343 ominis,
1131 1265 1377 1347 inquit,
1432 1273 1533 1331 est
1608 1286 1720 1331 eor
1772 1287 2192 1349 praeparare,
2254 1277 2321 1332 et

439 1350 646 1414 omini
704 1356 806 1413 est
856 1349 1225 1433 gubernare
1277 1351 1589 1434 linguam.
1680 1349 1848 1431 Quis
1902 1372 2040 1416 non
2079 1351 2319 1433 videat,

371 1436 689 1500 ironicam
746 1453 889 1500 esse
942 1434 1276 1499 humanae
1334 1437 1745 1520 arrogantiae
1801 1436 2320 1520 descriptionem,

371 1540 543 1603 quae
578 1538 837 1585 summa
870 1521 1090 1584 omnia
1124 1520 1251 1586 sibi
1284 1530 1578 1606 usurpat,
1614 1543 1815 1604 quum
1849 1542 1935 1587 ne
1971 1523 2322 1589 minimum

371 1605 641 1689 quidem
680 1604 751 1669 in
795 1612 1120 1689 potestate
1163 1605 1444 1672 habeat?
1513 1606 1799 1692 Pighius
1844 1615 2068 1673 autem
2112 1630 2196 1674 ex
2241 1630 2319 1675 eo

369 1691 746 1774 praeveniri
791 1691 872 1756 ab
917 1690 1180 1756 homine
1222 1690 1352 1757 Dei
1394 1693 1678 1777 gratiam
1719 1692 1983 1777 colligit.

544 1776 692 1841 Iam
725 1796 888 1859 quas
922 1777 1115 1861 fingit
1147 1779 1683 1861 praeparationes
1715 1776 1861 1844 Deo
1896 1787 2122 1863 gratas
2156 1802 2316 1858 esse,

369 1883 456 1927 ex
498 1858 758 1927 Davide
802 1861 1058 1944 probat:
1110 1862 1527 1928 Desiderium
1573 1864 1750 1928 enim
1790 1884 2164 1950 pauperum
2202 1886 2318 1931 au-

369 1946 541 2012 divit
589 1946 803 2026 Deus3
871 1949 1435 2031 praeparationem
1499 1948 1712 2014 cordis
1774 1970 1999 2016 eorum
2064 1950 2321 2016 audivit

368 2033 551 2097 auris
594 2041 712 2097 tua
762 2033 968 2115 (Psal.
1017 2038 1111 2111 lO,
1155 2033 1282 2117 17).
1370 2033 1642 2101 Utinam
1684 2055 1871 2113 vero,
1928 2035 2189 2118 quando
2234 2034 2318 2101 ad

362 2115 761 2184 vertendum
804 2139 936 2183 non
979 2126 1081 2183 est
1121 2117 1414 2198 idoneus,
1458 2117 1705 2184 bonum
1747 2121 2172 2202 interpretem
2215 2141 2317 2186 se-

366 2203 483 2286 qui
525 2201 901 2282 maluisset,
957 2224 1154 2285 quam
1197 2203 1279 2268 ad
1322 2204 1650 2269 inscitiam
1691 2205 1814 2269 hoe
1856 2226 2113 2288 quoque
2156 2207 2314 2271 mali

365 2285 612 2353 addere
625 2338 640 2366 ,
695 2296 773 2352 ut
814 2288 1021 2353 errori
1074 2290 1497 2371 pertinaciter
1538 2287 1939 2355 adhaereret.
2016 2290 2123 2357 Ad
2167 2314 2314 2358 ver-

361 2372 525 2437 bum
569 2373 663 2438 sic
705 2372 905 2438 habet
945 2370 1196 2438 David:
1257 2373 1676 2440 Desiderium
1721 2396 2083 2458 pauperum
2129 2377 2313 2442 audi-

359 2458 463 2524 vit
505 2456 696 2524 Deus
709 2480 726 2536 3
770 2457 1190 2540 praeparabis
1234 2479 1346 2524 cor
1387 2480 1640 2538 eorum3
1686 2460 1912 2526 audiet
1952 2461 2132 2526 auris
2181 2470 2312 2527 tua.

354 2541 666 2626 Pighius,
710 2543 1006 2627 vestigiis
1039 2543 1420 2626 interpretis
1459 2549 1606 2624 [pag.
1645 2549 1797 2625 218]
1831 2566 1963 2610 non
1998 2545 2150 2611 boni
2190 2568 2314 2613 nec

356 2626 478 2693 fidi
522 2628 867 2705 insistens}
922 2627 1006 2693 ad
1061 2629 1627 2712 praeparationem
1674 2638 1938 2714 torquet
1952 2682 1967 2708 ,
2023 2653 2154 2714 qua
2192 2632 2312 2698 ho-

356 2713 575 2778 mines
621 2720 876 2778 certent
922 2734 1077 2794 cum
1126 2711 1258 2780 Dei
1310 2716 1540 2798 gratia.
1618 2714 1826 2781 Vides
1870 2737 2069 2799 quam
2113 2739 2312 2802 appo-

357 2798 489 2863 sita
552 2799 641 2863 sit
700 2796 786 2862 ad
836 2818 978 2862 rem
1041 2799 1356 2882 probatio.
1443 2800 1537 2865 Et
1599 2809 1821 2866 tamen
1870 2821 2004 2866 non
2057 2804 2312 2869 minore

357 2882 762 2949 truculentia
814 2890 1085 2966 stuppas
1126 2884 1292 2950 istas
1345 2886 1632 2967 proiicit,
1688 2907 1887 2969 quam
1931 2889 1987 2952 si
2031 2888 2313 2954 fulmina

358 2965 440 3034 de
474 2967 660 3035 coelo
699 2968 1006 3043 vibraret.

534 3051 631 3119 Su
639 3052 819 3120 biicit
834 3105 849 3132 ,
924 3074 1188 3120 causam
1247 3054 1421 3121 hauc
1486 3053 1749 3136 adduci,
1811 3079 1929 3123 cur
1992 3058 2309 3141 spoliatus

354 3160 566 3224 regno
620 3139 820 3204 fuerit
866 3139 1163 3206 Roboam
1176 3191 1193 3219 ,
1249 3140 1422 3224 quod
1477 3160 1612 3206 non
1668 3141 1911 3207 direxit
1954 3164 2065 3208 cor
2115 3166 2308 3209 suum

353 3235 432 3290 ut
475 3224 775 3290 obediret
813 3225 1100 3291 Domino
1152 3226 1221 3307 (2
1259 3224 1504 3291 Chron.
1554 3230 1647 3305 12,
1692 3228 1819 3310 14).
1911 3226 1989 3294 Si
2031 3250 2324 3312 praepa--

353 3330 525 3389 rare,
571 3311 803 3393 inquit,
847 3330 977 3388 cor,
1022 3310 1106 3376 ad
1139 3312 1590 3393 quaerendum
1636 3310 1875 3390 Deum,
1922 3314 2128 3380 nihilo
2167 3336 2307 3380 ma-

350 3397 457 3544 {³⁸
501 3405 724 3479 potest
767 3395 979 3474 homo,
1024 3417 1222 3479 quam
1267 3394 1471 3481 digito
1515 3396 1765 3463 coelum
1812 3405 2101 3483 tangere,
2147 3401 2305 3483 quid

398 3501 477 3545 oc
532 3481 905 3564 specialiter
957 3479 1039 3547 de
1081 3481 1380 3548 Roboam
1435 3482 1762 3567 scriptura
1819 3497 2303 3565 commemorat,

347 3566 540 3631 velut
583 3587 850 3632 causam
889 3566 1149 3650 reprobi
1181 3588 1436 3650 sensus,
1478 3567 1650 3652 quod
1689 3588 1894 3652 aeque
1938 3577 2005 3633 et
2046 3571 2305 3653 piorum

349 3660 416 3715 et
478 3652 839 3735 impiorum
909 3661 1011 3717 est
1071 3653 1411 3718 omnium?
1509 3655 1732 3736 Atque
1798 3655 1974 3721 hunc
2037 3656 2302 3735 nodum,

348 3735 672 3821 quidquid
714 3737 1167 3804 comminiscar
1183 3790 1198 3818 ,
1256 3738 1674 3806 insolubilem
1717 3761 1860 3806 esse
1903 3740 2071 3805 nihil
2118 3740 2304 3806 dubi-

345 3827 464 3887 tat.
559 3822 980 3908 Respondeo,
1026 3845 1162 3889 non
1205 3822 1334 3890 dici
1379 3845 1643 3891 causam
1687 3826 2088 3905 reiectionis,
2133 3827 2304 3910 quod

430 3930 466 3972 r
509 3927 585 3973 se
630 3929 761 3973 non
807 3908 1116 3974 habuerit
1149 3910 1436 3976 flexibile
1479 3932 1608 3988 cor,
1646 3911 1818 3995 quod
1853 3912 1998 3978 sine
2033 3914 2304 3996 spiritus

453 3993 718 4059 ectione
753 3993 834 4058 ad
876 3994 1294 4060 serviendum
1329 3997 1472 4061 Deo
1506 3998 1769 4079 proprio
1809 4007 2087 4063 naturae
2121 4008 2303 4064 motu

345 4077 724 4158 inclinaret,
769 4078 947 4162 quod
979 4101 1099 4146 nos
1130 4082 1424 4146 omnium
1463 4082 1713 4164 pariter
1759 4083 2105 4149 hominum
2128 4106 2302 4151 com-

346 4183 552 4229 mune
596 4186 739 4230 esse
782 4164 1122 4245 tradimus,
1165 4166 1281 4232 sed
1323 4166 1491 4249 quod
1526 4189 1601 4233 re
1643 4169 1787 4251 ipsa
1819 4190 1955 4234 non
1989 4168 2307 4235 direxerit

345 4248 430 4313 ad
473 4250 705 4316 Deum
748 4272 886 4316 cor:
942 4250 1118 4334 quod
1157 4252 1379 4334 impiis
1427 4254 1763 4337 proprium
1808 4262 1939 4332 est,
1984 4275 2060 4321 ac
2103 4276 2301 4338 pecu-

344 4332 530 4401 liare.
624 4335 774 4401 Hoc
827 4337 1059 4402 vitium
1119 4339 1437 4402 usitatum
1493 4346 1596 4404 est
1649 4339 1920 4423 Pighio‚
1977 4339 2138 4405 dum
2193 4362 2301 4407 res

345 4418 832 4489 diversissimas
872 4443 1008 4487 non
1049 4421 1427 4506 distinguit,
1481 4422 1652 4488 nihil
1691 4445 1827 4489 non
1871 4434 2100 4508 postea
2140 4428 2300 4490 mis-

345 4524 494 4571 cere
538 4519 611 4572 et
652 4507 1067 4574 confundere.
1147 4506 1382 4575 Oordis
1425 4508 1670 4574 duritia
1708 4518 1775 4574 et
1813 4513 2126 4593 pravitas,
2171 4533 2301 4594 qua

343 4591 445 4670 fit,
505 4603 587 4656 ut
628 4592 714 4658 ad
756 4592 1006 4659 malum
1061 4592 1614 4676 propendeamus‚
1668 4594 1753 4659 ad
1798 4595 2044 4661 bonum
2091 4597 2299 4663 simus

340 4676 775 4761 impotentes,
819 4677 1210 4745 universalis
1252 4685 1354 4744 est
1393 4681 1655 4763 generis
1696 4679 1972 4746 humani
2013 4682 2296 4761 morbus,

340 4759 559 4829 donec
613 4765 848 4847 spiritu
917 4785 1036 4831 suo
1088 4763 1451 4830 remedium
1511 4763 1885 4831 adhibuerit
1946 4765 2294 4833 Dominus.

340 4845 475 4914 Ubi
517 4858 744 4915 autem
787 4871 897 4915 cor
938 4852 1014 4915 in
1055 4871 1191 4915 uno
1234 4871 1548 4916 carneum
1591 4851 1927 4931 formavit,
1972 4852 2046 4916 in
2091 4852 2296 4919 altero

335 4930 704 5015 lapideum,
748 4936 916 5001 sieut
949 4957 990 5001 a
1022 4943 1265 5002 natura
1303 4945 1466 5014 erat,
1500 4935 1795 5020 reliquit:
1837 4936 1975 5002 iam
2013 4937 2298 5003 multum

335 5018 517 5084 inter
565 5038 680 5085 eos
735 5029 837 5086 est
885 5021 1296 5089 discriminis.
1384 5020 1508 5087 Ille
1552 5042 1667 5087 cor
1708 5022 1927 5088 flexile
1967 5022 2170 5088 habet
2210 5023 2295 5088 ad

335 5102 468 5170 Dei
514 5103 988 5185 obedientiam,
1045 5108 1178 5172 imo
1221 5108 1349 5173 Dei
1399 5107 1618 5193 legem
1658 5107 1860 5174 habet
1911 5109 2293 5191 inscriptam

335 5188 406 5253 in
465 5187 698 5270 corde,
755 5199 829 5256 ut
883 5193 1023 5257 eius
1074 5192 1364 5258 iustitiae
1378 5243 1394 5274 ‚
1443 5200 1581 5259 toto
1624 5194 1981 5261 voluntatis
2033 5194 2290 5273 affectu,

1855 309 1984 376 DE
2029 309 2385 380 LIBERO
2427 311 2904 383 ARBI'PRIO.

4263 275 4393 394 aab>

2432 500 2868 585 obtemperet3
2910 500 3019 570 hic
3054 500 3246 569 corde
3279 502 3615 587 indomito,
3661 506 3993 576 obstinato
4028 532 4105 578 ac
4137 513 4385 594 rebelli,

2433 594 2502 650 et
2541 588 2759 653 Deum
2803 595 2871 652 et
2912 588 3056 654 eius
3093 590 3326 672 iugum
3370 601 3780 674 aspernatur.
3838 595 4033 661 Illius
4074 596 4385 665 obedien-

2430 672 2527 736 tia
2567 692 2730 755 opus
2772 672 2904 739 Dei
2949 683 3080 740 est:
3137 673 3245 741 hic
3298 695 3428 740 non
3474 677 3678 743 alium
3733 679 3962 760 habet,
4015 684 4121 747 cui
4162 687 4383 766 pervi-

2430 757 2678 822 caciam
2730 780 2921 824 suam
2974 759 3289 842 imputet,
3344 761 3473 826 nisi
3528 783 3600 828 se
3651 764 3890 847 ipsum.
3993 767 4203 852 Ergo,
4269 772 4383 853 qui

2428 841 2597 906 nihil
2661 844 2873 926 prima
2925 844 3300 910 conditione
3363 846 3777 930 differebant,
3846 852 3976 920 Dei
4033 856 4247 937 gratia
4312 870 4383 920 et

2426 925 2665 992 iudicio
2725 950 2903 996 nuno
2978 939 3135 995 sunt
3209 928 3490 997 discreti.
3588 933 3841 1000 Vident
3900 936 4205 1017 lectores,
4271 961 4381 1007 me

2424 1011 2597 1076 nihil
2638 1014 3073 1093 comminisci,
3125 1022 3194 1080 et
3235 1023 3458 1082 tamen
3502 1018 3760 1084 nullum
3804 1023 4087 1105 amplius
4130 1033 4380 1092 restare

2424 1118 2785 1262 seruliugsig,
2842 1191 2919 1248 ut
2957 1182 3316 1249 identidem
3362 1186 3532 1252 solet
3545 1239 3562 1267 ,
3619 1190 3702 1254 ad
3800 1200 4102 1277 raecepta
4138 1195 4377 1261 relabi-

2422 1273 2550 1332 tur.
2643 1272 2792 1349 [pag.
2838 1273 2990 1349 219]
3042 1269 3296 1334 Verum
3349 1273 3508 1354 quia
3559 1276 3745 1356 provi
3792 1278 3959 1356 ebat,
3988 1280 4037 1361 ¹)
4098 1301 4217 1346 nos
4270 1302 4374 1346 re-

2422 1354 2771 1435 sponsione
2828 1374 2964 1418 non
3015 1352 3308 1433 destitui,
3365 1358 3734 1443 subiungit,
3793 1383 3960 1445 quae
4013 1364 4146 1429 illie
4187 1366 4373 1432 Deus

2420 1438 2760 1522 praecipit,
2804 1438 3031 1505 fideles
3074 1459 3335 1523 semper
3378 1442 3623 1509 fecisse.
3712 1445 3887 1512 Nam
3942 1449 4114 1515 sicut
4163 1471 4374 1535 popu-

2417 1521 2560 1588 lum
2618 1523 3008 1590 admonebat
3060 1523 3282 1590 David
3337 1526 3543 1611 (Psal.
3593 1534 3694 1607 95,
3743 1531 3834 1615 8),
3901 1545 3976 1598 ut
4024 1536 4373 1617 praeberet

2421 1607 2619 1674 corda
2653 1629 2773 1676 sua
2791 1609 3097 1688 Domin0,
3134 1610 3456 1678 Ezechias
3489 1614 3667 1692 item,
3702 1636 3787 1680 ne
3822 1618 4151 1685 cervicem
4184 1641 4371 1687 suam

2420 1693 2775 1760 obduraret
2812 1701 3083 1777 patrum
3123 1715 3394 1762 suorum
3431 1718 3644 1776 more,
3704 1701 3821 1766 sed
3873 1723 4109 1770 manus
4160 1709 4370 1790 porri-

2419 1789 2634 1929 ffiret:
2709 1781 2807 1845 ita
2880 1780 3083 1845 refert
3143 1803 3332 1847 sacra
3395 1783 3697 1864 historia,
3764 1790 4025 1856 venisse
4090 1811 4175 1855 ex
4235 1800 4371 1857 toto

2492 1864 2670 1931 raele
2712 1864 3047 1948 quosdam,
3089 1874 3157 1931 et
3208 1887 3320 1932 cor
3353 1888 3549 1933 suum
3604 1870 3979 1954 tradidisse,
4040 1884 4119 1939 ut
4168 1878 4375 1942 servi-

2419 1963 2570 2015 rent
2632 1950 2920 2016 Domino
2985 1950 3054 2036 (2
3106 1949 3350 2017 Chron.
3400 1958 3502 2033 30,
3558 1958 3616 2019 8.
3674 1957 3800 2040 11).
3895 1957 4062 2042 Quis
4126 1961 4371 2045 negat?

2418 2034 2621 2100 Modo
2664 2043 2889 2101 tamen
2928 2036 3333 2122 subintelligi
3375 2037 3612 2104 debere
3646 2062 3782 2106 non
3819 2043 4153 2124 detrectet,
4198 2047 4374 2129 quod

2419 2118 2576 2186 alibi
2632 2122 3050 2204 exprimitur:
3117 2143 3394 2205 quorum
3449 2125 3761 2209 tetigerat
3812 2129 3997 2195 Deus
4051 2130 4248 2196 corda
4299 2134 4359 2215 (l

2419 2202 2601 2270 Sam.
2646 2211 2743 2284 10,
2781 2206 2913 2290 26).
3001 2206 3067 2271 Ν
3146 2229 3231 2272 ue
3263 2208 3441 2273 enim
3483 2209 3629 2274 fieri
3671 2233 3991 2295 negamus
4033 2213 4116 2279 ab
4158 2215 4371 2282 homi-

2415 2290 2615 2357 nibus
2669 2292 2833 2357 haee
2877 2300 2943 2356 et
2985 2292 3129 2356 sim’
3166 2293 3179 2306 ‘
3331 2293 3413 2358 Id
3468 2302 3688 2359 autem
3742 2297 3956 2362 solum
4013 2306 4141 2378 est,
4195 2302 4370 2384 quod

2415 2375 2595 2442 inter
2651 2398 2771 2442 nos
2828 2380 3367 2457 controvertitur,
3425 2399 3549 2461 pro
3595 2381 3778 2447 rione
3811 2393 4018 2452 ,motu
4070 2391 4367 2465 naturae,

2419 2482 2506 2527 an
2548 2463 2818 2546 spiritus
2861 2463 3069 2527 sancti
3104 2461 3308 2533 ductu
3351 2472 3419 2528 et
3459 2485 3551 2548 gu
3635 2467 3937 2534 matione
3979 2489 4059 2535 ea
4100 2470 4364 2537 faciant.

2588 2548 2904 2627 Tandem,
2948 2555 3028 2612 ut
3066 2548 3283 2631 aliquo
3326 2549 3665 2615 involucro
3707 2553 3979 2636 operiat,
4023 2575 4220 2637 quam
4263 2559 4366 2621 ni-

2416 2636 2542 2700 mis
2587 2632 2928 2699 detexerat
2967 2633 3392 2717 impietatem,
3438 2634 3523 2699 ad
3565 2635 3753 2702 liberi
3796 2638 4048 2703 arbitrii
4081 2641 4366 2723 gratiae-

2416 2740 2546 2803 que
2588 2719 3114 2803 coniugationem
3165 2720 3563 2785 revertitur:
3611 2722 3799 2788 cuius
3853 2725 4189 2807 specimen
4231 2748 4367 2792 una

2415 2806 2491 2871 in
2532 2826 2605 2869 re
2648 2803 2961 2871 exhibere
3004 2803 3252 2883 studet,
3297 2813 3372 2869 ut
3413 2805 3494 2870 de
3536 2805 3806 2890 reliquis
3848 2810 3981 2875 tale
4024 2811 4223 2876 etiam
4264 2812 4365 2877 iu-

2415 2890 2658 2956 dicium
2711 2890 2845 2954 fiat.
2947 2888 3362 2973 Sapientiam
3416 2892 3589 2955 enim
3652 2894 3849 2959 unius
3904 2895 4165 2978 quidem
4223 2918 4367 2963 esse

2413 2977 2546 3042 Dei
2599 2974 2876 3040 donum:
2941 2974 3059 3040 sed
3112 2974 3257 3041 dari
3310 2996 3463 3041 cum
3529 2976 3815 3058 delectu,
3882 3002 4018 3045 non
4081 2981 4361 3048 obtrudi.

2414 3062 2583 3127 Dari
2622 3081 2817 3144 porro
2860 3080 2992 3125 non
3035 3062 3165 3126 nisi
3204 3061 3318 3139 iis,
3364 3062 3479 3143 qui
3522 3081 3670 3128 eam
3711 3064 4050 3144 invocant,
4092 3067 4208 3150 qui
4251 3087 4363 3132 cor

2409 3147 2509 3212 illi
2554 3152 2750 3212 suum
2787 3145 3123 3212 inclinant.
3213 3145 3591 3211 Humilium
3633 3148 3813 3214 enim
3854 3171 4026 3229 esse,
4069 3171 4206 3217 non
4250 3175 4362 3218 su·

2410 3233 2779 3316 perborum.
2858 3228 3084 3311 Quid?
3150 3232 3264 3296 An
3329 3252 3464 3296 non
3532 3232 3870 3299 humilitas
3920 3256 4176 3319 quoque
4228 3235 4361 3302 Dei

2411 3317 2659 3383 donum
2701 3315 2845 3382 est?
2915 3312 3111 3395 Quod
3155 3316 3214 3380 si
3255 3325 3456 3399 neget
3496 3317 3810 3402 Pighius,
3855 3320 4092 3403 quibus
4135 3326 4359 3386 tamen

2408 3402 2583 3468 hanc
2637 3401 3126 3486 persuasionem
3173 3401 3497 3467 machinis
3553 3422 3636 3467 ex
3692 3405 3949 3488 piorum
4006 3406 4358 3484 mentibus,

2409 3489 2648 3571 quibus
2700 3487 2962 3569 penitus
3016 3487 3225 3551 infixa
3266 3495 3397 3567 est,
3457 3486 3773 3553 revellet?
3860 3491 4158 3573 Ergone,
4203 3491 4359 3573 quia

2410 3572 2738 3658 gradatim
2781 3572 3034 3638 confert
3076 3573 3260 3637 Deus
3315 3593 3488 3637 suas-
3634 3573 3793 3653 tias,
3849 3582 3928 3640 ut
3970 3595 4105 3640 una
4143 3576 4231 3641 sit
4272 3577 4357 3642 ad

2408 3658 2685 3723 alteram
2726 3658 3153 3741 praeparatio,
3195 3655 3343 3723 ideo
3382 3658 3496 3723 lau
3548 3659 3600 3722 ‘s
3639 3679 3795 3724 suae
3835 3667 4024 3743 parte
4066 3662 4358 3743 privabi-

2409 3744 2561 3809 tur?
2611 3744 2797 3826 quasi
2849 3742 3187 3808 hominem
3239 3751 3502 3808 tantum
3558 3745 3694 3809 suis
3737 3743 4070 3812 beneficiis
4130 3745 4356 3812 subse-

2407 3839 2647 3912 quatur
2661 3880 2677 3907 ,
2731 3850 2867 3893 non
2923 3836 3144 3894 autem
3195 3829 3395 3893 etiam
3436 3830 3841 3912 praeveniat.
3918 3832 4015 3896 At
4056 3833 4117 3897 si
4158 3852 4352 3915 quem

2406 3915 2593 3980 Deus
2635 3914 2773 3980 suis
2813 3915 3046 3998 gratiis
3086 3913 3423 3998 dignetur,
3468 3913 3653 3980 nullo
3695 3917 4214 3999 praeparationis
4250 3939 4353 3982 re-

2406 4008 2661 4084 spectu,
2716 4000 2790 4064 in
2842 3999 3130 4083 reliquos
3179 3999 3466 4065 iniurius
3521 4001 3650 4066 erit
3703 4009 3769 4066 et
3820 4000 4132 4082 crudelis,
4189 4021 4354 4085 quos

2408 4087 2663 4151 interea
2704 4086 3101 4169 praeteribit.
3182 4083 3379 4152 Certe
3423 4086 3480 4150 si
3523 4086 3749 4170 Pighii
3791 4086 4104 4151 tribunali
4148 4088 4353 4152 subii·

2406 4180 2663 4236 ceretur
2704 4172 2915 4250 Deus,
2972 4170 3096 4236 sub
3149 4170 3365 4238 iudice
3409 4179 3545 4235 tam
3587 4170 3758 4235 male
3801 4171 4110 4256 propitio,
4164 4172 4354 4238 facile

2405 4277 2603 4323 causa
2643 4256 2923 4323 caderet.
2977 4257 3292 4321 Testatur
3333 4259 3528 4335 enim,
3575 4278 3646 4321 se
3690 4256 3900 4322 solum
3946 4277 4105 4336 esse,
4149 4277 4191 4321 a
4225 4278 4353 4340 quo

2406 4342 2839 4408 discernimur
2883 4343 2946 4420 (1
2991 4340 3141 4407 Cor.
3182 4349 3243 4420 4,
3285 4341 3382 4441 7):
3440 4362 3641 4424 quum
3697 4341 3939 4424 alioqui
3984 4343 4192 4407 simus
4233 4362 4353 4424 per

2406 4428 2630 4493 omnia
2671 4427 2934 4493 similes.
3024 4423 3205 4506 Quid
3247 4428 3451 4511 igitur
3492 4427 3588 4492 sic
3626 4424 4031 4508 obloquendo
4073 4426 4354 4511 Pighius

2404 4514 2544 4598 agit
2584 4511 2782 4590 aliud,
2826 4512 2957 4577 nisi
2997 4510 3171 4595 quod
3210 4511 3461 4595 lapides
3496 4532 3761 4577 sursum
3801 4513 3870 4576 in
3906 4512 4157 4579 coelum
4200 4534 4353 4596 pro·

2401 4598 2559 4677 iicit,
2604 4599 2717 4681 qui
2761 4617 2915 4662 mox
2948 4598 3021 4661 in
3060 4605 3260 4680 caput
3292 4598 3432 4663 eius
3465 4596 3807 4663 recidant?
3877 4602 4026 4677 [pag.
4065 4603 4215 4678 220]
4258 4598 4355 4665 Ut

2402 4703 2560 4768 ergo
2616 4682 2855 4747 millies
2921 4681 3188 4762 clamet,
3254 4683 3515 4766 spiritui
3581 4690 3806 4748 saneto
3874 4693 3942 4748 et
4006 4684 4352 4749 universae

2400 4769 2768 4852 scripturae
2810 4767 3143 4847 resistere,
3189 4769 3301 4850 qui
3341 4767 3510 4832 nihil
3554 4766 3640 4832 ad
3679 4768 4181 4851 promerendam
4226 4770 4352 4833 Dei

2399 4854 2684 4938 gratiam
2727 4852 3058 4918 facultatis
3093 4853 3348 4918 homini
3381 4852 3765 4931 concedunt,
3813 4855 4083 4937 eiusque
4118 4854 4351 4919 volun-

2398 4948 2606 5005 tatem
2667 4939 2760 5005 sic
2815 4958 2856 5002 a
2906 4936 3158 5003 iustitia
3205 4957 3508 5005 aversam
3551 4959 3696 5005 esse
3740 4938 4007 5019 docent,
4064 4947 4139 5004 ut
4180 4938 4353 5003 nihil

2402 5105 2807 5113 —m-——oea-—

2540 5210 2600 5276 1)
2638 5210 2790 5266 Besa
2824 5211 3154 5266 emendavit.-
3189 5210 3555 5281 praevidebat
