4967 5992
399 315 525 378 245

393 502 615 585 potius
661 499 973 568 horribile
1018 510 1286 585 aspectu
1327 507 1475 582 [pag.
1519 506 1623 581 17]
1666 502 1898 583 chaos,
1940 513 2009 568 et
2047 503 2355 570 deformis

393 586 711 671 foedaque
765 609 989 653 rerum
1042 590 1335 653 omnium
1391 588 1702 655 confusio.
1790 589 1965 654 Nam
2021 590 2198 673 quod
2241 611 2355 656 ve-

396 680 606 740 tustos
650 693 933 740 canones
977 673 1164 739 nobis
1207 674 1438 753 iactat,
1485 674 1722 758 quibus
1766 673 2069 741 ordinata
2112 681 2182 740 et
2222 675 2352 740 for-

391 765 579 825 mata
610 760 829 825 fuerat
862 759 1151 839 ecclesia,
1192 759 1352 843 quid
1385 760 1509 826 hoc
1528 759 1611 825 ad
1647 780 1787 826 rem
1810 761 2113 842 pertinet,
2152 782 2354 843 quum

394 845 606 910 nihilo
657 846 866 910 maior
921 853 1095 912 esset
1149 866 1377 910 eorum
1420 866 1612 924 usus,
1669 866 1868 929 quam
1913 847 1970 911 si
2012 867 2355 929 nunquam

393 931 678 996 fuissent
718 930 995 1014 scripti?
1079 929 1368 997 Perinde
1413 939 1513 998 est
1554 932 1785 1015 igitur,
1833 952 1909 997 ac
1952 932 2008 998 si
2053 952 2355 1015 repressa

395 1014 749 1100 tyrannide
800 1016 1095 1100 prodiret
1149 1016 1385 1100 aliquis
1439 1017 1746 1100 Dionysii
1811 1023 1928 1082 aut
1977 1017 2353 1083 Phalaridis

396 1101 647 1167 aulicus
663 1152 680 1181 ,
733 1122 809 1168 ac
867 1101 1198 1167 turbatam
1248 1102 1719 1187 rempublicam
1773 1103 2228 1184 quiritaretur,
2284 1113 2353 1167 et

393 1186 747 1253 convulsas
797 1187 1010 1271 leges,
1079 1186 1323 1254 iudicia
1373 1189 1444 1253 in
1501 1185 1799 1253 ordinem
1856 1196 2091 1254 coacta.
2185 1186 2353 1269 Quis

393 1273 575 1339 hunc
615 1273 939 1339 libertatis
984 1279 1064 1344 et,
1091 1273 1315 1359 legum
1356 1279 1707 1357 patronum
1750 1273 1993 1339 ferret?
2054 1273 2250 1354 Quod
2294 1274 2352 1339 si

391 1358 566 1425 hanc
601 1357 1099 1424 similitudinem
1134 1381 1269 1424 non
1301 1359 1577 1442 recipiat
1610 1359 1908 1443 Pighius,
1947 1358 2354 1424 demonstret

392 1444 558 1510 mihi
613 1443 841 1524 velim,
887 1452 1130 1527 quanto
1186 1445 1421 1510 melior
1461 1451 1528 1510 et
1575 1444 1933 1510 ordinatior
1990 1445 2081 1511 sit
2140 1452 2352 1510 status

393 1531 516 1597 sub
571 1550 844 1596 romano
908 1531 1348 1609 Antichristo,
1413 1551 1611 1614 quam
1665 1532 1789 1597 sub
1857 1531 2193 1597 veteribus
2247 1539 2351 1616 ty·-

393 1616 622 1682 rannis
662 1616 878 1681 fuerit.

559 1700 748 1768 Haec
815 1721 1024 1784 pauca
1074 1701 1319 1768 cursim
1386 1700 1783 1786 respondere
1837 1702 2054 1768 visum
2114 1709 2216 1768 est
2268 1700 2352 1767 ad

389 1787 611 1871 Pighii
678 1788 1154 1869 praefationem
1168 1838 1185 1866 ,
1254 1809 1340 1851 ne
1413 1786 1569 1870 quid
1622 1786 2006 1870 praeiudicii
2076 1786 2157 1853 de
2211 1788 2353 1870 ipsa

389 1892 589 1939 causa
653 1872 947 1938 facerent
1010 1873 1322 1952 lectores,
1400 1873 1543 1938 eius
1609 1873 1954 1938 calumniis
2021 1874 2348 1957 occupati:

393 1957 564 2042 quod
629 1979 735 2023 me
801 1966 1280 2042 consequutum
1346 1979 1487 2024 esse
1553 1956 1826 2024 confido.
1915 1959 2089 2024 Nam
2124 1960 2352 2024 'male-

410 2041 604 2122 dicta,
653 2042 892 2127 quibus
935 2043 1221 2109 Lutheri
1270 2044 1612 2129 ingenium
1662 2064 2005 2127 moresque
2058 2044 2353 2128 proscin-

394 2126 522 2209 dit,
603 2150 735 2195 non
790 2136 892 2195 est
940 2130 1307 2213 praesentis
1356 2129 1645 2195 instituti
1697 2129 2020 2195 refellere:
2089 2128 2351 2212 quando

392 2235 608 2299 neque
651 2214 736 2281 ad
777 2236 939 2291 rem,
985 2213 1066 2280 (16
1102 2236 1230 2298 qua
1265 2216 1503 2300 agitur,
1549 2214 1839 2280 multum
1873 2216 2189 2280 momenti
2232 2215 2352 2281 ha-

397 2300 574 2381 bent,
634 2321 841 2384 neque
894 2301 1238 2366 Lutherus
1288 2322 1436 2366 meo
1491 2301 1857 2385 patrocinio
1901 2322 2065 2385 opus
2121 2301 2348 2368 habet:

391 2406 607 2470 neque
669 2392 998 2469 postremo
1066 2386 1245 2452 aliud
1315 2387 1456 2471 agit
1507 2385 1821 2471 Pighius,
1891 2407 2091 2469 quam
2143 2406 2352 2453 vorax

392 2479 462 2538 et
510 2471 852 2538 famelicus
907 2473 1088 2539 canis
1101 2523 1118 2552 ,
1174 2472 1286 2555 qui
1329 2472 1575 2537 latratu
1640 2494 1711 2538 66
1765 2471 2104 2539 ulciscitur
2120 2523 2134 2548 ,
2191 2471 2351 2538 dum

391 2578 527 2623 non
561 2558 821 2625 invenit
853 2556 1025 2641 quod
1059 2557 1265 2624 rodat.
1345 2557 1517 2623 Nam
1553 2579 1721 2641 quae
1756 2557 1896 2623 eius
1940 2557 2352 2624 atrocissima

391 2651 494 2709 est
556 2647 628 2709 in
685 2643 1064 2709 Lutherum
1124 2644 1496 2710 criminatio
1510 2695 1527 2723 ,
1612 2663 1745 2708 non
1811 2642 1992 2709 aliud
2061 2645 2353 2709 continet

393 2748 594 2813 quam
641 2735 1000 2794 tartareum
1027 2729 1191 2795 'esse
1223 2736 1617 2809 monstrum,
1656 2729 1810 2812 quia
1843 2729 2160 2814 gravibus
2194 2750 2347 2796 con·

391 2815 703 2882 scientiae
765 2814 1236 2881 certaminibus
1289 2823 1569 2882 vexatus
1621 2836 1817 2898 saepe
1871 2816 2075 2881 fuerit
2138 2837 2349 2899 usque

390 2901 475 2967 ad
520 2898 776 2966 dolores
833 2907 899 2966 et
951 2906 1281 2966 tormenta
1331 2902 1711 2967 inferorum.
1802 2903 1900 2968 At
1939 2921 2100 2966 vero
2143 2902 2196 2965 si
2243 2900 2350 2966 vel

388 3007 509 3070 per
573 2986 905 3052 somnium
968 2986 1305 3070 concipere
1371 2993 1596 3070 posset
1647 2986 1758 3053 hic
1824 2994 2133 3071 nugator,
2192 2985 2350 3070 quid

389 3071 517 3138 hoc
582 3072 709 3137 sibi
774 3070 936 3137 velit
997 3079 1063 3137 et
1127 3071 1286 3155 quid
1349 3072 1600 3152 valeat,
1682 3071 1788 3137 vel
1851 3070 2346 3152 obmutesceret,

389 3157 498 3224 vel
539 3158 612 3222 in
654 3157 939 3224 Lutheri
990 3156 1494 3224 admirationem
1536 3158 1751 3241 potius
1805 3178 1881 3223 ac
1923 3156 2151 3223 laudes
2194 3178 2347 3224 con·

388 3249 782 3311 verteretur.
872 3243 1044 3308 Nam
1131 3264 1294 3308 uum
1334 3245 1422 3310 sit
1469 3243 1633 3309 haec
1675 3244 1932 3326 piorum
1988 3264 2129 3310 sors
2172 3264 2347 3310 eom-

387 3329 643 3408 munis,
689 3336 767 3393 ut
810 3328 986 3394 diros
1032 3350 1112 3394 su
1159 3328 1311 3394 inde
1356 3329 1789 3395 conscientiae
1833 3329 2158 3394 cruciatus
2202 3349 2347 3395 sus·

387 3416 681 3492 tineent,
729 3410 963 3497 quibus
1007 3413 1247 3479 eruditi
1291 3412 1375 3480 ad
1419 3435 1646 3480 veram
1701 3413 2148 3479 humilitatem
2186 3413 2347 3480 Dei-

387 3520 515 3585 que
574 3500 879 3566 timorem
941 3500 1177 3566 melius
1230 3501 1620 3567 assuefiant:
1685 3507 1760 3564 ut
1815 3498 2136 3583 singulari
2191 3519 2348 3583 prae

389 3586 540 3652 aliis
596 3586 848 3670 ingenii
907 3587 1316 3669 praestantia
1370 3587 1643 3669 quisque
1687 3585 2021 3667 praeditus
2065 3593 2199 3664 est,
2254 3586 2349 3650 ita

387 3672 578 3737 miris
621 3680 691 3735 et
731 3671 1063 3737 inusitatis
1104 3671 1316 3737 modis
1348 3671 1687 3737 interdum
1729 3677 2085 3737 tractatur:
2129 3678 2208 3736 ut
2248 3670 2347 3736 di-

390 3778 539 3824 cere
594 3763 819 3840 queat,
875 3777 1011 3823 non
1053 3756 1247 3823 modo
1301 3778 1373 3823 se
1415 3757 1649 3822 mortis
1691 3755 2021 3822 doloribus
2067 3756 2344 3822 circum·

391 3842 620 3908 datum
674 3843 873 3908 fuisse
926 3851 995 3907 et
1049 3843 1420 3923 obsessum,
1473 3841 1590 3908 sed
1645 3843 1727 3908 ab
1771 3847 1919 3922 [pag.
1972 3847 2075 3920 18]
2117 3842 2346 3907 inferis

388 3928 554 4012 ipsis
618 3926 1019 4011 absorptum.
1106 3928 1214 3993 Ita
1280 3949 1366 3993 ex
1429 3928 1671 3994 sanctis
1728 3926 2345 4012 praestantissimOS,

391 4014 585 4098 quasi
625 4014 901 4080 selectas
943 4011 1073 4078 Dei
1116 4014 1408 4080 officinas
1464 4035 1608 4080 esse
1651 4020 1936 4096 oportet,
1995 4014 2066 4077 in
2111 4014 2347 4097 quibus

392 4120 517 4164 sua
557 4097 802 4165 iudicia
845 4107 1107 4182 praeter
1153 4119 1414 4165 omnem
1461 4099 1675 4166 carnis
1718 4120 1988 4165 sensum
2031 4098 2346 4164 mirabili-

389 4191 497 4250 ter
534 4191 854 4251 exerceat.
925 4185 1028 4249 Ne
1063 4184 1479 4251 recensendis
1512 4185 1814 4268 pluribus
1849 4205 2038 4249 exem
2085 4184 2168 4250 lis
2199 4184 2345 4249 lon-

391 4272 540 4354 gior
581 4272 737 4336 sim:
790 4269 957 4337 11666
1008 4276 1110 4336 est
1162 4269 1341 4336 lucta
1383 4272 1608 4350 Iacob,
1665 4272 1736 4337 in
1780 4291 1909 4354 qua
1949 4290 2037 4335 no
2082 4270 2189 4336 ilis
2232 4269 2345 4335 ille

392 4355 650 4422 athleta
700 4375 835 4420 non
883 4355 1228 4420 hominum
1271 4357 1643 4440 quempiam
1695 4356 2182 4440 antagonistam
2225 4356 2345 4421 ha-

392 4439 563 4521 buit,
621 4440 738 4507 sed
790 4462 941 4506 cum
983 4440 1129 4506 Deo
1183 4442 1325 4523 ipso
1382 4462 1772 4526 congressus
1827 4449 1946 4508 est.
2037 4442 2233 4507 Nunc
2288 4442 2343 4508 si

393 4525 951 4610 comprehendere
1005 4527 1224 4593 animo
1280 4527 1470 4606 velis,
1543 4534 1871 4610 quantum
1923 4526 2036 4591 ille
2091 4525 2348 4593 sudarit

393 4613 466 4676 in
486 4633 568 4678 ea
586 4632 803 4691 arena,
826 4612 956 4677 Dei
975 4611 1436 4678 fortitudinem
1456 4614 1744 4697 primum
1767 4612 2050 4678 intuere:
2089 4611 2342 4691 deinde,

394 4696 552 4763 111116
594 4718 852 4781 quoque
904 4697 1348 4764 coniecturam
1392 4719 1640 4778 sumas,
1696 4697 1869 4781 quod
1917 4699 2127 4764 vietor
2169 4697 2345 4763 nihi-

395 4781 685 4849 lominus
730 4781 815 4849 ad
851 4784 1054 4850 finem
1109 4804 1318 4868 usque
1373 4784 1548 4849 vitae
1592 4782 2074 4850 claudicaverit.
2161 4783 2347 4848 Haec

437 4869 520 4934 iis
581 4868 758 4934 dicta
810 4870 962 4934 sint.
1051 4871 1226 4935 Nam
1279 4868 1438 4952 quid
1479 4869 1716 4955 Pighio
1760 4875 1828 4936 et
1869 4868 2161 4953 profanis
2203 4868 2349 4935 istis

442 4951 773 5019 ominibus
813 4954 1059 5021 facias?
1111 4957 1224 5039 qui
1265 4975 1389 5022 nec
1431 4956 1899 5023 conscientiam
1940 4953 2174 5033 ullam,
2232 4974 2352 5019 nec

439 5039 658 5106 ietatis
700 5060 967 5105 sensum
1006 5040 1272 5120 habent,
1318 5063 1439 5108 nec
1483 5042 1675 5107 aliter
1718 5041 2052 5125 accipiunt
2093 5041 2152 5106 si
2194 5036 2354 5124 quid

391 5061 479 5191 36
519 5123 780 5191 111(116116
822 5124 954 5192 Dei
997 5133 1324 5207 narratur,
1369 5149 1571 5213 quam
1610 5127 1669 5194 si
1713 5126 1794 5194 de
1837 5125 2157 5195 conviviis
2202 5125 2353 5191 deo-

397 5230 546 5277 rum
592 5211 959 5278 homericas
1003 5213 1309 5280 audirent
1351 5213 1626 5280 fabulas.

1882 315 2011 381 DE
2054 261 2410 382 L⁰IBERO
2454 313 2930 382 ARBIOERIO.

4292 326 4420 390 246

2635 502 2964 585 Quoniam
3010 511 3230 571 autem
3264 505 3395 571 Dei
3440 512 3508 571 et
3541 505 3827 572 hominis
3872 509 4155 592 cognitio
4189 517 4421 579 mutuo

2458 588 2633 654 inter
2696 611 2767 655 66
2822 611 3002 655 nexu
3057 590 3207 656 colli
3256 597 3400 657 atae
3456 598 3613 657 sunt
3680 601 3751 657 et
3820 593 3913 658 im
3963 595 4209 675 licitae,
4278 619 4421 663 me-

2458 677 2589 739 rito
2632 675 2919 759 Pighius
2976 695 3164 743 suam
3253 698 3289 741 e
3332 676 3539 743 libero
3583 677 3851 743 arbitrio
3953 681 4420 762 isputationem

2457 760 2612 826 inde
2678 761 2927 844 incipit.
3016 760 3215 828 Dicet
3282 763 3636 845 quispiam,
3703 785 3811 829 me
3875 764 4054 832 hunc
4120 766 4418 833 ordinem

2457 846 2756 924 laudare,
2819 847 2974 930 quia
3027 867 3215 913 meus
3270 849 3375 913 sit.
3468 849 3563 913 At
3608 869 3730 933 ego
3778 851 4100 933 excipiam
4153 852 4267 919 illo
4309 874 4419 919 me

2457 952 2652 996 usum
2697 953 2871 1010 6666,
2932 934 3087 1016 (11116
3128 933 3442 1017 optimus,
3503 944 3570 999 et
3624 934 3707 999 ad
3753 934 4118 1002 docendum
4157 939 4418 1023 aptissi-

2456 1038 2606 1082 mus
2642 1015 2995 1084 videretur.
3063 1018 3298 1084 Placet
3342 1039 3516 1103 erge,
3564 1020 3738 1102 quod
3773 1021 4194 1089 adversarius
4229 1045 4417 1090 meus

2457 1112 2770 1184 sequatur
2805 1102 2891 1182 id,
2929 1102 3100 1186 quod
3135 1125 3256 1188 ego
3291 1105 3612 1187 optimum
3648 1106 3949 1172 iudicavi.
4023 1106 4417 1192 Quanquam

2456 1187 2690 1268 miror,
2736 1208 2868 1271 qua
2908 1189 3125 1253 fronte
3168 1211 3368 1255 ausus
3410 1191 3630 1269 fuerit,
3679 1192 3863 1257 nulla
3905 1195 4036 1257 mei
4079 1196 4417 1262 mentione

2455 1274 2657 1353 facta,
2715 1282 2851 1337 tam
2895 1274 3308 1340 familiariter
3362 1296 3621 1341 sumere
3666 1276 3747 1342 de
3802 1298 3949 1343 meo
3990 1278 4187 1358 libre,
4244 1282 4419 1364 quod

2456 1359 2528 1423 in
2587 1380 2783 1424 suum
2839 1361 3356 1426 transscriberet.
3445 1361 3674 1444 Neque
3727 1363 3904 1427 enim
3955 1385 4085 1446 quo
4145 1366 4289 1432 iure
4344 1367 4417 1432 id

2456 1443 2681 1522 faciat,
2751 1444 2974 1510 video:
3028 1445 3158 1510 nisi
3211 1445 3378 1510 forte
3432 1448 4016 1531 praescriptionem
4076 1450 4412 1532 obtendat,

2456 1529 2613 1612 quia
2650 1530 2743 1596 sic
2785 1530 2999 1596 faeere
3041 1529 3299 1615 pridem
3357 1531 3588 1598 solitus
3646 1534 3749 1598 sit.
3839 1534 4016 1599 Nam
4057 1535 4130 1599 in
4174 1557 4412 1621 magno

2453 1615 2567 1680 illo
2607 1615 2793 1695 libro,
2838 1637 3034 1699 quem
3070 1615 3389 1684 adversus
3424 1625 3725 1683 nostram
3759 1620 4231 1701 confessionem
4274 1623 4413 1688 edi-

2454 1700 2569 1780 dit,
2614 1701 2908 1784 integras
2951 1721 3147 1786 saepe
3191 1724 3277 1768 ex
3309 1701 3737 1770 Institutione
3773 1725 3923 1770 mea
3955 1705 4252 1790 paginas,
4298 1708 4413 1773 ubi

2459 1786 2676 1853 visum
2720 1792 2820 1851 est
2836 1838 2850 1863 ‚
2910 1787 3184 1867 infulcit,
3208 1788 3259 1871 ¹)
3314 1808 3391 1854 ac
3446 1809 3564 1854 suo
3608 1790 3945 1856 commodo
3989 1791 4081 1858 sio
4127 1792 4413 1875 adaptat,

2454 1873 2642 1955 quasi
2677 1871 2941 1937 aliunde
2976 1893 3109 1939 non
3150 1874 3553 1956 sumpsisset.
3615 1875 3838 1941 Velim
3874 1897 4050 1942 nunc
4085 1877 4252 1943 scire
4287 1898 4415 1961 quo

2453 1958 2600 2023 iure
2634 1966 2752 2023 aut
2783 1958 2970 2024 titulo
2989 1978 3139 2023 mea
3174 1960 3266 2025 sic
3287 1979 3407 2041 pro
3429 1959 3567 2025 suis
3589 1968 3879 2044 usurpet.
3919 1960 3996 2028 Si
4020 1983 4154 2045 qua
4172 1984 4417 2047 magna

2456 2051 2629 2109 esset
2671 2045 2844 2109 inter
2899 2065 3021 2109 nos
3063 2042 3476 2110 necessitudo
3494 2096 3509 2123 ,
3569 2067 3690 2129 ego
3733 2046 3905 2112 hanc
3947 2047 4416 2116 confidentiam

2454 2128 2779 2195 amicitiae
2855 2150 2991 2194 non
3065 2129 3416 2195 difficulter
3494 2130 3937 2197 concederem.
4029 2131 4166 2198 Sed
4238 2155 4417 2200 nunc

2454 2214 2609 2279 huic
2666 2215 2897 2280 veniae
2948 2235 3084 2279 non
3144 2223 3245 2280 est
3313 2214 3512 2281 locus.
3603 2217 3717 2281 An
3768 2218 3926 2300 quia
3979 2217 4188 2284 hostis
4243 2241 4412 2300 sum,

2454 2321 2527 2365 se
2582 2300 2685 2365 ius
2740 2298 3124 2383 direptionis
3180 2302 3253 2365 in
3318 2301 3539 2366 omnia
3608 2307 3755 2381 [pag.
3809 2307 3913 2381 19]
3965 2324 4114 2369 mea
4171 2304 4414 2372 habere

2454 2384 2688 2467 putat?
2780 2386 2872 2450 At
2925 2385 3048 2452 hoc
3100 2386 3384 2468 praedae
3439 2407 3649 2470 genus
3705 2387 3890 2453 nullo
3936 2409 4058 2454 nec
4100 2388 4243 2454 iure
4288 2409 4413 2455 1166

2452 2491 2636 2535 111616
2680 2468 2940 2536 defendi
2993 2478 3226 2555 potest.
3314 2471 3506 2538 Unus
3563 2494 3718 2557 ergo
3760 2481 4140 2557 praetextus
4183 2480 4411 2556 restat,

2452 2555 2708 2622 homini
2751 2557 2938 2622 docto
2971 2558 3259 2640 potuisse
3294 2578 3428 2622 non
3470 2558 3693 2623 minus
3735 2559 3967 2625 venire
4004 2560 4078 2623 in
4120 2567 4412 2626 mentem

2453 2662 2623 2725 quae
2660 2642 2977 2722 dixeram,
3023 2663 3220 2726 quam
3254 2643 3421 2709 mihi
3463 2644 3655 2726 prius,
3692 2651 4028 2710 venerant.
4106 2644 4243 2711 Sed
4281 2646 4413 2712 lec—

2451 2735 2630 2794 tores
2674 2729 2961 2807 obsecre,
3001 2729 3060 2794 si
3104 2736 3366 2795 tantum
3407 2727 3693 2794 habeant
3737 2730 3870 2809 otii,
3918 2737 4235 2813 ut'caput
4277 2733 4412 2814 pri-

2450 2834 2639 2878 mum
2693 2813 2847 2879 libri
2889 2814 3205 2898 Pighiani
3261 2836 3411 2880 cum
3463 2815 3674 2898 primo
3727 2815 4175 2882 Institutionis
4229 2837 4414 2882 meae

2452 2900 2665 2982 capite
2731 2901 3091 2966 conferant.
3181 2899 3367 2964 Nihil
3426 2899 3597 2966 dico:
3668 2902 3795 2967 nisi
3852 2901 4023 2984 quod
4072 2902 4217 2966 sine
4272 2903 4414 2968 risu

2453 3006 2530 3051 ac
2596 2984 2931 3051 stomacho
2998 2986 3395 3069 perspicient
3465 2986 3664 3052 nimis
3733 2987 4059 3071 perditam
4124 2986 4414 3052 hominis

2448 3070 2948 3153 impudentiam.
3037 3069 3234 3152 Quod
3277 3072 3334 3137 si
3378 3072 3656 3138 ulterius
3695 3092 3970 3156 pergere
4001 3072 4220 3153 libeat,
4264 3093 4414 3157 per·

2450 3162 2722 3221 currant
2764 3177 2931 3239 quae
2974 3155 3055 3222 de
3110 3156 3574 3223 iustificatione
3629 3163 3874 3224 tractat
3926 3159 3993 3221 in
4052 3158 4258 3225 altero
4301 3158 4414 3224 illo

2452 3261 2668 3324 opere,
2716 3249 2784 3306 et
2817 3240 2901 3306 ad
2944 3249 3208 3308 sextum
3224 3242 3284 3326 ²)
3326 3243 3769 3309 Institutionis
3802 3263 3988 3308 meae
4032 3251 4230 3326 caput
4272 3245 4413 3308 exi-

2451 3333 2644 3410 gant:
2714 3326 2958 3392 mirum
3031 3327 3088 3392 si
3157 3326 3358 3393 bilem
3427 3328 3762 3392 continere
3830 3334 4093 3410 queant.
4181 3327 4413 3410 Neque

2451 3412 2632 3477 enim
2674 3411 3048 3478 clanculum
3078 3412 3339 3478 furatur
3372 3419 3490 3477 aut
3532 3414 3834 3496 carptim:
3882 3432 4092 3495 neque
4136 3413 4413 3478 artificio

2452 3505 2678 3647 tegere
2735 3498 2831 3562 ita
2883 3497 3105 3563 studet
3156 3518 3310 3563 suas
3353 3498 3620 3580 rapinas
3636 3548 3653 3576 ,
3710 3504 3788 3562 ut
3845 3497 4019 3579 apud
4048 3505 4136 3563 ’66
4178 3506 4412 3564 natum

2451 3584 2518 3649 vi
2566 3590 2781 3662 eatur,
2839 3582 3013 3666 quod
3066 3581 3241 3666 apud
3296 3604 3405 3647 me
3447 3583 3642 3666 legit,
3701 3583 3817 3647 sed
3860 3582 3956 3647 ita
3997 3583 4216 3665 palam
4261 3604 4411 3649 mea

2451 3667 2534 3733 ad
2579 3669 2855 3735 verbum
2898 3668 3158 3748 recitat,
3215 3675 3293 3733 ut
3348 3667 3651 3735 videatur
3691 3689 3734 3752 p

2498 3754 2721 3838 igritia
2762 3754 3074 3833 assuisse,
3131 3775 3258 3837 quo
3315 3752 3726 3819 describendi

2509 3840 2531 3903 i
2583 3839 2906 3906 fateretur
2952 3847 3272 3918 autorem,
3327 3860 3481 3905 eum
3524 3839 3811 3905 dicerem
3853 3841 4168 3904 mutuari:
4228 3859 4410 3905 nunc

2451 3924 2610 4008 quid
2653 3926 2908 3993 causari
2947 3933 3188 4008 potest,
3232 3925 3582 4008 quominus
3624 3924 3985 4009 plagiarius
4026 3924 4248 4008 palam
4290 3946 4410 3990 vo-

2452 4011 2684 4077 cetur?
2757 4010 3111 4077 Mirabitur
3156 4011 3527 4095 quicunque
3569 4010 3762 4095 leget,
3807 4010 3983 4075 unde
4018 4017 4245 4075 tantus
4289 4010 4410 4074 ho-

2451 4097 2615 4162 mini
2673 4101 2925 4179 stupor:
2985 4096 3099 4180 qui
3154 4096 3325 4162 nihil
3378 4098 3630 4163 veritus
3670 4097 3787 4175 sit,
3862 4097 3933 4161 in
3986 4096 4126 4177 ipso
4184 4096 4408 4161 statim

2450 4182 2730 4266 vestigio
2801 4182 3221 4265 deprehendi.
3310 4183 3457 4266 Ego
3528 4203 3682 4248 vero
3743 4180 3899 4246 dum
3962 4179 4188 4246 61111116
4240 4180 4409 4246 116116

2449 4276 2702 4350 reputo,
2749 4267 2958 4333 habeo
3003 4267 3175 4351 quod
3216 4289 3336 4351 pro
3371 4266 3657 4333 hominis
3698 4266 4118 4332 excusatione
4162 4264 4407 4332 dicam:

2449 4374 2603 4418 eum
2646 4354 2997 4420 securitate
3032 4355 3245 4439 magis
3284 4374 3483 4436 quam
3527 4352 3820 4417 socordia
3850 4350 3919 4416 id
3963 4351 4209 4416 fecisse.
4283 4348 4407 4416 Sa-

2449 4439 2538 4505 tis
2582 4439 2759 4504 onim
2801 4438 3064 4517 habuit,
3119 4441 3174 4504 si
3218 4437 3413 4503 modo
3457 4438 3540 4502 iis
3582 4437 3899 4520 placeret,
3946 4436 4061 4519 qui
4104 4457 4241 4502 non
4281 4436 4408 4501 mi-

2449 4524 2600 4589 nori
2660 4525 2976 4609 religione
3030 4545 3070 4589 a
3122 4523 3364 4589 nostris
3420 4523 3778 4601 abstinent,
3849 4541 4048 4605 quam
4093 4521 4409 4588 facilitate

2449 4664 2484 4671 .—

3813 3690 4080 3819 aigi-031³
4084 3675 4411 3838 ³thssae

2465 4813 2648 4869 2...-
2590 4744 2651 4811 ¹³
2689 4743 3081 4895 36611
3123 4743 3643 4895 maffia
3659 4741 4411 4892 66169111

2453 4883 2611 4940 feroit
2634 4886 2935 4950 compserit,
2970 4879 3120 4951 quod
3211 4880 3264 4936 d.
3294 4886 3628 4949 postes-tores
3663 4886 3961 4936 servarunt
3999 4896 4113 4935 non
4147 4880 4409 4935 vadamus.

2593 4949 2653 5016 2)
2676 4949 2895 5018 Spectat
2926 4950 3028 5005 hoc
3062 4948 3139 5004 aa
3171 4949 3297 5004 east.
3324 4949 3700 5005 Institutionis
3733 4950 3873 5004 anm·
3906 4923 4060 5002 1539.
4121 4948 4230 5003 Est
4261 4946 4411 5018 quoa

2454 5019 2674 5074 mireris
2714 5034 3000 5072 numerum
3055 5019 3115 5072 in
3158 5019 3555 5086 posterioribus
3595 5017 3927 5073 editiombus
3984 5033 4095 5072 non
4141 5022 4409 5072 mutatum

2451 5088 2646 5156 fuisse,
2680 5087 2764 5142 vel
2797 5092 2939 5141 certe
2969 5093 3105 5143 nota
3126 5087 3316 5157 aliqua
3350 5088 3650 5155 marqinalo‘
3681 5086 4033 5142 declaratum.
4088 5084 4225 5139 Fuit
4242 5089 4410 5153 caput

2454 5156 2598 5212 illud
2638 5154 2903 5211 decimum
2947 5156 3030 5211 ed.
3080 5154 3217 5209 1543
3264 5160 3315 5210 et
3358 5156 3717 5226 sequentium,
3765 5161 3817 5211 et
3860 5157 3922 5210 in
3966 5155 4277 5208 recensione
4310 5167 4404 5207 no·

2456 5225 2686 5281 vissima
2719 5224 2844 5280 Lib.
2880 5224 3008 5280 ΙΙΙ.
3050 5224 3184 5294 Gap.
3224 5223 3334 5280 XI.
3369 5240 3513 5296 seqq.
