4967 5992
566 380 691 441 303

564 564 766 648 vulgo
813 558 1199 626 vocabulum
1244 557 1442 642 illud,
1505 564 1581 621 ut
1634 558 1704 621 in
1749 578 1823 622 eo
1867 555 2159 621 tollendo
2204 555 2354 639 plus
2399 555 2525 620 sibi

563 650 704 714 fore
758 646 1003 729 negotii
1060 650 1358 708 cerneret
1404 643 1847 726 AugustinUS,
1904 664 2100 724 quam
2155 643 2225 705 in
2269 649 2408 706 tota
2452 663 2524 706 re

563 734 728 800 bene
798 727 1204 812 explicanda.
1297 727 1493 793 Cedit
1567 728 1774 811 igitur
1842 728 2332 794 consuetudini:
2407 726 2524 792 sed

564 818 918 902 diligenter
958 816 1211 879 interea
1255 821 1469 892 cavet,
1516 835 1602 876 ne
1648 835 1731 877 ex
1775 815 2041 878 nomine
2087 835 2290 897 prava
2331 812 2524 876 intel-

561 904 838 989 ligentia
884 907 1209 968 nascatur.
1301 898 1512 964 Sicuti
1570 901 1780 981 eapite
1836 899 2164 964 tricesimo
2232 897 2381 963 libri
2444 896 2525 962 de

564 988 828 1073 Spiritu
885 995 952 1052 et
1007 986 1228 1062 litera,
1288 985 1399 1048 ubi
1458 984 1616 1050 dicit
1668 985 1951 1050 liberum
2006 985 2351 1050 arbitrium
2408 1004 2529 1066 per

690 1075 853 1139 tiam
910 1071 1216 1137 stabiliri:
1283 1071 1436 1153 quia
1490 1078 1652 1134 tunc
1707 1070 1991 1135 liberum
2058 1092 2205 1134 esse
2262 1068 2527 1134 demum

562 1160 830 1243 incipit,
889 1157 1046 1222 dum
1091 1177 1209 1238 per
1264 1156 1547 1239 gratiam
1601 1177 1684 1220 ex
1729 1156 2106 1239 captivitate
2149 1154 2528 1233 redimitur;

565 1242 880 1329 quamdiu
934 1263 1092 1308 vero
1149 1240 1272 1305 sibi
1329 1241 1762 1324 relinquitur,
1819 1263 2086 1307 servum
2143 1262 2301 1306 esse.
2391 1239 2529 1304 Ve-

565 1353 716 1396 rum
771 1338 848 1394 ut
902 1350 1033 1393 non
1087 1327 1471 1392 recedamus
1512 1327 1800 1410 longine,
1857 1326 2037 1392 locus
2095 1327 2231 1404 hic,
2288 1347 2413 1407 quo
2456 1325 2528 1388 in

564 1437 686 1482 nos
743 1415 1041 1481 abutitur
1091 1412 1406 1496 Pighius,
1467 1413 1652 1478 nobis
1699 1411 1957 1477 sufficit.
2046 1412 2367 1478 Liberum
2422 1431 2529 1474 ar-

565 1501 844 1568 bitrium
909 1505 1112 1582 negat
1185 1499 1457 1581 periisse
1526 1498 1606 1561 de
1676 1519 1915 1581 genere
1990 1496 2298 1563 humano.
2390 1496 2530 1560 Gur

564 1585 791 1654 istud?
883 1584 1110 1666 Quum
1166 1605 1285 1667 per
1327 1583 1492 1646 illud
1537 1592 1835 1665 peccent,
1894 1583 2006 1665 qui
2049 1605 2201 1648 eum
2245 1582 2529 1647 delecta-

565 1674 749 1738 tione
793 1679 1082 1754 peccant.
1153 1666 1384 1733 Liberi
1429 1690 1583 1752 ergo
1628 1689 1667 1731 a
1710 1669 1959 1732 iustitia
2001 1690 2138 1732 non
2183 1677 2384 1746 sunt‚-
2401 1666 2533 1732 nisi

569 1757 844 1823 arbitrio
881 1754 1270 1820 voluntatis:
1316 1754 1506 1818 liberi
1543 1763 1763 1818 autem
1799 1776 1838 1817 a
1876 1765 2140 1836 peccato
2172 1774 2305 1818 non
2341 1754 2528 1830 fiunt,

573 1844 703 1908 nisi
751 1842 965 1926 gratia
1005 1840 1367 1904 salvatoris.
1437 1840 1753 1906 Liberum
1799 1839 2003 1923 igitur
2045 1861 2178 1904 non
2222 1838 2368 1903 ideo
2412 1846 2530 1916 est,

572 1926 747 2012 quod
792 1927 998 2009 possit
1035 1926 1108 1988 in
1153 1933 1499 2007 utramque
1537 1939 1797 2008 partem
1839 1935 2068 2008 suapte
2098 1927 2346 1990 virtute
2387 1945 2531 1988 sese

570 2016 856 2090 flectere,
904 2010 1018 2077 sed
1061 2011 1214 2093 quia
1249 2010 1618 2076 voluntario
1651 2019 1835 2075 motu
1871 2011 1942 2075 in
1975 2011 2223 2074 malum
2261 2010 2528 2074 feratur.

575 2098 857 2181 Semper
912 2105 1127 2162 autem
1184 2103 1465 2162 testatus
1522 2119 1696 2174 sum,
1756 2118 1860 2161 me
1918 2096 1998 2161 de
2051 2097 2318 2182 nomine
2360 2115 2531 2179 pug-

572 2205 736 2250 nare
781 2182 987 2261 nolle,
1035 2183 1088 2246 si
1136 2181 1258 2247 hoc
1305 2182 1507 2247 semel
1552 2183 2088 2247 constitueretur:
2136 2182 2529 2258 libertatem,

571 2292 710 2335 non
767 2269 849 2334 ad
918 2267 1281 2352 potentiam
1349 2268 1457 2333 vel
1524 2268 1903 2335 facultatem
1967 2267 2119 2332 boni
2185 2288 2387 2349 aeque
2454 2287 2531 2331 ac

570 2355 728 2421 mali
785 2353 1101 2439 eligendi,
1158 2352 1273 2418 sed
1332 2352 1418 2417 ad
1471 2365 1907 2436 spontaneum
1966 2359 2221 2417 motum
2263 2361 2331 2418 et
2375 2373 2529 2417 con-

572 2462 843 2507 sensum
896 2439 1128 2503 referri
1183 2438 1436 2503 debere.
1525 2440 1616 2503 Et
1673 2438 1828 2522 quid
1880 2437 2058 2503 aliud
2104 2446 2344 2503 sonant
2385 2439 2529 2502 Au-

572 2527 821 2611 gustini
863 2523 1109 2591 verba?
1179 2521 1443 2602 Libera,
1488 2524 1718 2607 inquit,
1765 2532 1866 2589 est
1905 2523 2158 2588 homini
2203 2522 2528 2596 voluntas,

572 2611 686 2677 sed
746 2610 829 2675 ad
872 2610 1139 2674 malum.
1232 2608 1423 2688 Cur?
1485 2610 1637 2691 quia
1678 2608 2112 2674 delectatione
2156 2617 2224 2674 et
2266 2608 2532 2692 proprio

572 2698 868 2781 appetitu
912 2702 1235 2766 movetur.
1328 2692 1536 2757 Addit
1588 2704 1840 2776 postea:
1896 2692 2027 2758 Sed
2090 2694 2254 2759 haec
2295 2693 2533 2758 volun-

571 2792 676 2847 tas
694 2833 711 2860 ,
765 2800 933 2864 quae
975 2780 1188 2843 libera
1243 2786 1346 2842 est
1398 2778 1470 2842 in
1512 2778 1736 2856 malis,
1792 2778 1947 2862 quia
1985 2779 2159 2843 malo
2204 2778 2535 2846 delectau-

572 2874 684 2931 tur
705 2918 721 2946 ,
777 2864 925 2929 ideo
980 2864 1064 2929 ad
1116 2864 1361 2929 bonum
1423 2862 1629 2928 libera
1685 2885 1820 2928 non
1873 2872 2003 2942 est,
2065 2866 2218 2947 quia
2262 2863 2539 2929 liberata

572 2973 709 3028 non
754 2955 871 3014 est.
959 2949 1148 3013 Haec
1192 2948 1352 3013 adeo
1397 2955 1838 3015 consentanea
1880 2956 2036 3014 sunt
2077 2956 2342 3015 nostrae
2371 2950 2537 3014 -doe-

573 3038 828 3114 trinae,
885 3041 960 3099 ut
1000 3035 1075 3099 in
1116 3035 1256 3098 eius
1304 3034 1747 3100 defensionem
1795 3036 2038 3119 scripta
2080 3036 2282 3101 fuisse
2320 3041 2532 3119 putes.

746 3121 1004 3186 Verum
1045 3119 1359 3205 Pighius,
1404 3126 1480 3185 ut
1520 3121 1641 3186 hos
1683 3120 1948 3205 laqueos
1992 3120 2292 3201 declinet,
2336 3122 2534 3206 longe

575 3207 907 3273 diversam
960 3207 1147 3289 ponit
1183 3206 1687 3272 distinctionem.
1744 3208 2019 3272 Homini
2077 3207 2292 3273 inesse
2333 3203 2532 3273 natu-

573 3293 800 3359 raliter
845 3293 1004 3357 dicit
1045 3291 1320 3357 liberam
1365 3292 1805 3373 voluntatem,
1861 3314 1994 3377 qua
2037 3294 2332 3377 proprios
2376 3314 2532 3359 suos

571 3387 790 3445 motus
850 3378 1267 3460 actionesque
1327 3399 1554 3443 omnes
1607 3379 1680 3443 in
1737 3387 2062 3463 potestate
2119 3378 2386 3445 habeat:
2455 3385 2534 3443 ut

570 3466 668 3530 ita
711 3464 874 3530 velit
914 3463 1422 3547 unumquodque
1465 3484 1542 3530 ac
1585 3465 1799 3545 faciat,
1844 3473 1919 3530 ut
1959 3467 2027 3531 in
2073 3473 2397 3550 potestate
2441 3465 2530 3530 si-

569 3549 711 3615 mul
749 3549 1018 3626 habeat,
1074 3569 1208 3614 non
1254 3549 1454 3629 velle,
1501 3561 1567 3615 et
1599 3572 1734 3615 non
1776 3552 2006 3616 facere.
2096 3552 2316 3635 Atque
2356 3551 2532 3616 hanc

570 3657 716 3720 esse
758 3635 1128 3699 libertatem
1162 3635 1652 3718 interpretatur,
1700 3658 1897 3719 quam
1941 3637 2179 3719 ubique
2208 3637 2531 3722 Augusti-

571 3742 700 3785 nus
744 3721 992 3785 asserit.
1084 3719 1260 3801 Quia
1313 3728 1535 3785 autem
1580 3719 1906 3787 voluntas
1934 3726 2082 3802 [pag.
2130 3727 2238 3801 99]
2282 3744 2416 3787 non
2461 3724 2528 3787 in

571 3806 711 3871 suis
754 3813 1017 3871 tantum
1061 3805 1425 3871 actionibus
1469 3807 1866 3889 acquiescat,
1925 3807 2040 3872 sed
2085 3809 2533 3891 gubernacula

572 3892 832 3958 habeat·
867 3893 943 3955 in
1000 3899 1226 3956 totum·
1253 3892 1620 3971 hominem,
1676 3892 2072 3958 naturaliter
2115 3915 2371 3975 quoque
2416 3893 2531 3959 do-

569 3979 852 4043 minium
907 3977 1152 4042 habere
1194 3978 1266 4040 in
1313 3979 1533 4043 omnia
1576 3979 1899 4044 membra:
1953 3979 2051 4042 ita
2105 3987 2181 4042 ut
2223 3979 2350 4059 illi,
2411 4002 2532 4045 sua

569 4073 896 4149 potestate
950 4064 1119 4130 serio
1185 4063 1663 4146 efficaciterque
1718 4064 1932 4129 utenti
1949 4116 1962 4142 ,
2030 4065 2328 4130 membra
2382 4066 2529 4129 uni-

570 4171 783 4229 versa,
831 4169 999 4232 quae
1042 4149 1251 4213 motui
1297 4148 1673 4214 voluntario
1704 4149 2017 4233 deputata
2059 4158 2234 4229 sunt,
2279 4151 2528 4216 obtem-

570 4245 821 4319 perent.
911 4235 1198 4300 Fatetur
1255 4232 1520 4311 deinde,
1569 4235 1813 4299 sentire
1867 4235 2131 4318 quidem
2183 4237 2527 4303 universos

571 4342 656 4384 ex
711 4320 996 4402 quadam
1054 4321 1270 4385 carnis
1311 4317 1720 4396 infirmitate,
1780 4321 2262 4386 difficultatem:
2322 4344 2526 4405 quum

571 4406 869 4470 membra
923 4406 1004 4470 ad
1063 4405 1566 4471 oblectationem
1621 4415 1688 4469 et
1731 4405 1995 4472 delicias
2039 4405 2270 4471 mundi
2313 4408 2527 4491 magis

571 4510 926 4572 propensa,
993 4491 1183 4575 pigra
1233 4499 1394 4558 sunt
1459 4492 1542 4555 ad
1600 4492 1887 4558 officium
1941 4492 2253 4557 iustitiae:
2311 4493 2525 4578 ipsam

575 4594 829 4656 quoque
860 4574 1264 4642 voluntatem
1302 4575 1387 4641 ad
1426 4578 1643 4643 carnis
1687 4578 1813 4643 sibi
1846 4587 2159 4662 cognatae
2203 4576 2528 4646 desideria

573 4659 775 4723 nimis
829 4658 1019 4724 facile
1067 4662 1404 4741 inclinari,
1463 4684 1586 4728 nec
1629 4664 1818 4729 facile
1862 4663 2118 4746 imperii
2161 4665 2265 4728 sui
2308 4666 2528 4732 effica-

573 4743 745 4810 ciam
800 4744 884 4807 ad
924 4743 1042 4808 illa
1094 4746 1449 4812 coercenda
1501 4770 1821 4814 exserere.
1911 4750 2166 4813 Verum
2221 4751 2332 4816 ubi
2379 4753 2528 4818 vult

574 4829 1028 4895 demonstrare
1071 4839 1392 4911 quantum
1437 4835 1682 4914 valeat,
1742 4856 1885 4900 esse
1929 4838 2404 4916 necessarium,
2449 4846 2526 4902 ut

572 4915 874 4979 membra
928 4915 1151 4978 omnia
1199 4916 1301 4980 illi
1371 4917 1455 4981 ad
1499 4920 1787 4986 iustitiae
1856 4921 2289 4987 obedientiam
2338 4922 2523 4988 obse-

575 5009 892 5083 quantur:
967 4999 1121 5065 huic
1188 5022 1258 5083 pi
1270 5009 1528 5067 aeterea
1592 5005 1964 5070 difficultati
2030 5007 2337 5073 accedere
2395 5008 2524 5075 duo

574 5084 755 5151 mala
799 5093 1283 5162 commemorat,
1318 5087 1677 5154 voluntatis
1709 5091 2041 5171 ignaviam
2085 5093 2524 5178 peccandique

571 5171 1149 5240 consuetudinem:
1186 5172 1421 5253 quibus
1454 5175 1549 5250 fit,
1598 5182 1672 5238 ut
1707 5197 1778 5239 se
1814 5177 1882 5240 in
1918 5178 2304 5244 servitutem
2337 5201 2525 5244 man-

570 5258 775 5340 cipet,
832 5267 901 5322 et
951 5258 1056 5323 ius
1101 5279 1294 5323 suum
1336 5277 1531 5340 aegre
1582 5269 1807 5340 postea
1845 5263 2128 5326 retineat
2182 5273 2300 5328 aut
2341 5285 2527 5330 recu-

1879 365 2408 434 RESPONSIO
2454 366 2833 436 CONTRA
2876 368 3293 436 PIGHIUM

4465 374 4585 435 304

2628 565 2843 641 peret:
2889 577 3103 639 neque
3136 555 3205 622 id
3244 563 3467 621 tamen
3498 557 3659 635 fieri,
3703 556 3860 640 quia
3889 556 3994 622 vel
4029 563 4188 623 tunc
4224 558 4589 641 ingenitam

2630 644 2754 709 sibi
2814 642 3187 708 libertatem
3235 642 3529 710 amiserit
3545 693 3559 719 ,
3616 641 3730 708 sed
3776 644 4085 724 quoniam
4127 644 4186 708 ei
4227 642 4450 726 placet
4491 665 4589 723 ea,

2631 730 2732 793 cui
2776 751 2846 794 se
2890 728 3211 805 submisit,
3259 730 3562 793 servitus.
3654 725 3849 807 Quod
3892 728 4201 810 quamdiu
4248 737 4353 793 est
4362 751 4383 806 ,·
4434 728 4593 795 iude

2629 815 2831 878 eximi
2887 836 3017 878 non
3074 816 3324 896 potest,
3394 813 3550 897 'quia
3603 833 3737 877 non
3793 813 3955 878 vult.
4059 814 4155 878 At
4208 831 4418 897 quum
4461 815 4585 881 sibi

2633 900 2803 964 serio
2857 899 3202 982 displicere
3254 899 3515 981 incipit,
3584 899 3975 964 servitutem
4040 898 4224 963 illam
4280 906 4593 965 excutere

2633 1005 2710 1050 ac
2753 986 3037 1051 vincere.
3131 983 3529 1067 Quanquam
3578 985 3651 1048 in
3705 984 3831 1049 hac
3874 984 4149 1049 victoria
4201 1006 4335 1049 non
4386 993 4592 1070 negat

2634 1091 2775 1135 esse
2821 1070 3302 1135 difficultatem:
3358 1071 3511 1152 quia
3553 1079 3784 1134 contra
3824 1089 4116 1149 carnem,
4168 1071 4431 1135 hostem
4476 1071 4591 1136 do-

2631 1157 2979 1221 mesticum
2995 1207 3010 1234 ,
3066 1164 3135 1219 et
3187 1157 3629 1220 inveteratam
3684 1153 4220 1220 consuetudinem
4266 1155 4585 1222 dimican-
4629 1164 4646 1184 ⁴

2636 1241 2795 1305 dum
2838 1243 2942 1306 sit.
3032 1242 3264 1323 Itaque
3308 1242 3375 1305 in
3419 1240 3543 1305 hac
3586 1261 3837 1324 pugna,
3895 1261 4024 1324 quo
4070 1241 4341 1306 tandem
4384 1243 4589 1325 possit

2634 1327 2873 1391 victrix
2898 1329 2948 1410 ¹)
3005 1326 3316 1404 evadere,
3373 1346 3540 1408 opus
3611 1327 3851 1391 habere
3917 1326 4215 1391 concedit
4268 1327 4590 1393 adiutrice

2636 1412 2767 1476 Dei
2821 1413 3054 1495 gratia.
3159 1410 3513 1477 Concludit
3573 1411 3871 1491 tandem,
3944 1411 4152 1476 solam
4206 1412 4381 1476 hanc
4447 1433 4589 1479 esse

2632 1498 3027 1576 libertatem,
3076 1519 3243 1580 quae
3285 1519 3405 1580 per
3446 1505 3791 1580 peccatum
3834 1497 4077 1562 amissa
4127 1498 4358 1562 fuerit:
4418 1498 4589 1581 quod

2633 1603 2836 1665 quum
2899 1583 3101 1665 primi
3165 1593 3476 1665 parentes
3539 1604 3672 1647 non
3739 1582 4102 1648 voluntatis
4168 1582 4393 1663 modo,
4476 1583 4589 1648 sed

2634 1669 3077 1734 membrorum
3122 1690 3375 1751 quoque
3418 1669 3713 1733 omnium
3754 1675 3821 1733 et
3864 1670 4069 1733 totius
4113 1689 4188 1733 οο
4271 1671 4406 1734 oris
4450 1689 4589 1734 mo-

2636 1761 2746 1817 tus
2796 1755 2868 1818 in
2925 1762 3248 1836 potestate
3276 1754 3681 1832 habuerint,
3728 1754 3975 1836 absque
4020 1754 4157 1818 ulla
4250 1754 4587 1821 'fficultate

2634 1847 2753 1904 aut
2794 1840 3188 1918 resistentia,
3236 1840 3423 1905 nobis
3468 1860 3618 1905 caro
3663 1848 3897 1904 nostra
3943 1841 4185 1904 infesta
4229 1840 4333 1918 sit,
4382 1849 4453 1905 et
4476 1839 4589 1907 ad-

2636 1946 2869 1989 versus
2912 1925 3189 1989 rationis
3231 1926 3581 2007 imperium
3626 1933 4002 1990 contumax.

2808 2010 3015 2093 Atqui
3070 2011 3195 2075 hoc
3249 2017 3461 2074 totum
3536 2031 3671 2074 non
3738 2008 3931 2074 modo
3984 2009 4241 2093 Pelagii
4298 2011 4593 2077 scholam

2634 2094 2916 2174 redolet,
2975 2096 3089 2160 sed
3134 2116 3318 2161 mera
3362 2104 3462 2161 est
3503 2096 3903 2179 Pelagianae
3946 2095 4305 2178 impietatis
4350 2117 4593 2180 magna

2636 2204 2715 2246 ex
2777 2190 2963 2264 parte
3017 2182 3353 2263 professio.
3454 2182 3624 2246 Nam
3669 2182 4021 2264 principie,
4081 2180 4360 2246 liberam
4404 2183 4479 2246 in
4522 2201 4590 2247 se

2633 2268 3046 2332 voluntatem
3066 2267 3396 2351 relinquit,
3421 2273 3568 2346 [pag.
3599 2272 3744 2346 100]
3792 2275 3871 2331 ut
3897 2268 4209 2349 proprios
4237 2269 4310 2332 in
4338 2275 4590 2333 utram-

2636 2374 2761 2437 que
2804 2362 3062 2436 partem
3104 2361 3321 2417 motus
3366 2353 3488 2418 sub
3530 2359 3855 2437 potestate
3892 2353 4159 2418 habeat:
4206 2374 4427 2436 neque
4470 2353 4588 2419 hoc

2633 2439 2736 2503 ius
2773 2461 2891 2522 per
2929 2439 3244 2521 originale
3285 2447 3623 2520 peccatum
3672 2437 3782 2504 vel
3823 2438 4172 2520 perditum,
4220 2438 4329 2503 vel
4371 2439 4587 2504 immi-

2635 2533 2869 2589 nutum
2927 2525 3127 2589 fuisse
3315 2524 3498 2589 oscit.
3599 2525 3664 2589 N
3665 2544 3793 2588 unc
3848 2521 4006 2607 quid
4068 2523 4150 2588 de
4208 2544 4286 2589 eo
4347 2526 4589 2589 sentiat

2635 2610 3078 2694 Augustinus,
3140 2631 3223 2678 au
3275 2609 3499 2674 amus.
3602 2609 3708 2674 Ad
3764 2609 4060 2673 Vitalem
4104 2609 4587 2694 Carthaginen-

2637 2715 2798 2775 sem,
2844 2716 3050 2778 quum
3092 2693 3433 2760 duodecim
3477 2696 3692 2778 capita
3733 2695 4076 2777 posuisset,
4124 2693 4393 2760 tandem
4437 2717 4589 2761 con·

2638 2780 2871 2845 cludit:
2893 2782 2948 2860 2)
3008 2781 3450 2864 Recognoscis
3517 2801 3653 2844 non
3705 2781 3950 2860 omnia,
4020 2801 4188 2863 quae
4241 2780 4327 2845 ad
4389 2781 4587 2847 fidem

2636 2867 2992 2948 pertinent,
3039 2866 3255 2932 dicere
3296 2887 3406 2930 me
3448 2866 3750 2944 voluisse,
3799 2865 3915 2931 sed
3958 2873 4225 2934 tantum
4271 2886 4377 2944 ea,
4420 2887 4586 2949 quae

2638 2948 2723 3015 ad
2765 2952 2960 3015 istam
2981 2959 3275 3017 nostram
3302 2951 3401 3021 ,de
3442 2953 3659 3035 gratia
3681 2952 3811 3017 Dei
3846 2953 4315 3034 quaestionem,
4358 2959 4586 3017 utrum

2634 3035 2988 3120 praecedat
3029 3037 3193 3102 haec
3235 3039 3479 3121 gratia,
3532 3059 3619 3102 an
3660 3036 4099 3120 subsequatur
4140 3036 4431 3104 hominis
4468 3059 4587 3104 vo-

2635 3121 2989 3187 luntatem:
3046 3122 3170 3188 hoc
3221 3130 3346 3203 est,
3401 3130 3479 3187 ut
3532 3122 3796 3206 planius
3858 3123 3928 3188 id
3984 3121 4285 3207 eloquar,
4364 3131 4586 3189 utrum

2634 3205 2780 3272 idco
2822 3208 3012 3274 nobis
3054 3207 3264 3286 detur,
3307 3208 3462 3292 quia
3498 3208 3827 3288 volumus,
3873 3228 3959 3272 an
3993 3230 4114 3292 per
4154 3209 4369 3292 ipsam
4402 3210 4585 3275 Deus

2634 3292 2759 3359 hoc
2821 3295 3019 3360 etiam
3085 3295 3356 3374 efficiat,
3429 3301 3506 3359 ut
3564 3294 3864 3359 velimus.
3988 3295 4233 3361 Postea
4294 3316 4584 3361 rursum:

2635 3379 2822 3445 Haec
2879 3393 2948 3444 et
3000 3380 3131 3445 alia
3186 3379 3565 3445 testimonia
3630 3379 4017 3460 ostendunt,
4085 3379 4310 3445 Deum
4375 3381 4585 3465 gratia

2635 3485 2756 3530 sua
2796 3467 3054 3531 auferre
3095 3465 3470 3531 infidelibus
3512 3485 3625 3530 cor
3675 3464 4037 3550 lapideum,
4084 3472 4153 3531 et
4196 3468 4586 3550 praevenire

2635 3552 2703 3614 in
2760 3550 3138 3616 hominibus
3192 3552 3525 3617 bonarum·
3570 3552 3807 3617 merita
3858 3552 4305 3618 voluntatum:
4364 3553 4459 3618 ita
4510 3558 4585 3618 ut

2634 3637 2943 3702 voluntas
3007 3659 3127 3720 per
3194 3637 3689 3703 antecedentem
3776 3638 4060 3721 gratiam
4136 3646 4578 3721 praeparetur,

2635 3745 2767 3788 non
2816 3733 2893 3786 ut
2952 3724 3167 3807 gratia
3207 3724 3448 3788 merito
3505 3723 3863 3789 voluntatis
3917 3724 4347 3790 antecedente
4391 3724 4582 3790 done-

2636 3816 2766 3872 tur.
2856 3808 3028 3872 Item
3072 3807 3241 3873 libro
3284 3809 3365 3873 de
3409 3808 3697 3875 Civitate
3740 3809 3867 3875 Dei
3913 3809 4165 3874 decimo
4208 3809 4436 3876 tertio:
4482 3809 4583 3876 Ad

2635 3894 2895 3958 malum¹
2931 3895 3111 3976 prior
3170 3901 3272 3959 est
3311 3894 3598 3959 hominis
3643 3895 3981 3960 voluntas:
4037 3895 4118 3959 ad
4178 3896 4426 3960 bonum
4473 3917 4580 3962 au·

2636 3987 2771 4044 tem
2788 4031 2803 4058 ,
2870 3979 3052 4061 prior
3118 3982 3457 4046 creatoris:
3526 3980 3667 4045 sive
3738 3987 3813 4044 ut
3873 4001 4020 4046 eam
4083 3973 4385 4060 faceret,'
4426 4001 4581 4065 quae

2636 4064 2821 4129 nulla
2864 4074 3032 4129 erat:
3081 4066 3221 4131 sive
3265 4073 3342 4129 ut
3379 4066 3646 4142 reficiat,
3694 4087 3859 4148 quae
3900 4065 4087 4149 lapsa
4128 4075 4291 4131 erat.
4380 4069 4575 4134 Libro

2633 4150 2921 4216 secundo
2989 4149 3069 4216 de
3132 4151 3565 4217 Peccatorum
3630 4152 3886 4217 meritis
3949 4159 4017 4216 et
4079 4153 4490 4219 remissione:
4517 4152 4571 4234 ⁸)

2632 4236 2977 4301 Laborant
3042 4236 3342 4302 homines
3406 4238 3709 4302 invenire
3783 4239 3853 4301 in
3930 4243 4158 4302 nostra
4221 4239 4571 4314 voluntate,

2634 4320 2791 4405 quid
2833 4321 2988 4386 boni
3030 4322 3118 4387 sit
3160 4330 3487 4403 nostrum;
3543 4333 3611 4388 et
3650 4322 3989 4405 quomodo·
4023 4323 4311 4387 inveniri
4357 4326 4575 4409 possit,

2630 4409 2879 4492 ignoro,
2970 4405 3224 4487 Quarto
3279 4409 3443 4474 item
3492 4407 3575 4474 ad
3626 4408 4068 4474 Bonifacium:
4123 4409 4217 4473 Et
4260 4407 4575 4493 quomodo

2630 4492 2876 4558 bonum
2933 4492 3221 4558 hominis
3277 4496 3715 4577 propositum,
3782 4495 3915 4558 nisi
3978 4494 4340 4561 miserante
4401 4498 4578 4580 prius

2627 4577 2961 4644 Domino?
3009 4599 3214 4662 quum
3260 4580 3404 4662 ipsa
3457 4581 3546 4645 sit
3586 4580 3759 4645 bona
3802 4580 4137 4657 voluntas,
4183 4601 4355 4663 quae
4396 4602 4581 4665 prae·

2625 4671 2902 4813 {aratur
2955 4683 2996 4727 a
3038 4665 3200 4730 Deo.
3290 4663 3579 4731 Proinde
3622 4687 3825 4749 quum
3876 4666 4114 4731 alicubi
4168 4667 4581 4748 prodidisset,

2697 4771 2848 4814 eum
2904 4771 3036 4815 non
3113 4752 3414 4817 misereri
3488 4750 3692 4817 donec
3766 4753 4195 4835 praecesserit
4256 4753 4580 4830 voluntas,

2626 4856 2771 4900 eam
2842 4839 3240 4901 sententiam
3310 4844 3648 4903 retractat:
3728 4838 3884 4920 quia
3936 4837 4389 4905 misericordia
4450 4840 4581 4904 Dei

2766 5076 2824 5140 1)
2866 5075 3125 5130 Bezanae
3158 5077 3427 5133 «dationes
3445 5077 3671 5133 haberat.-
3709 5076 3892 5144 tutrix,
3929 5092 3967 5130 a
3991 5077 4190 5146 quibus
4214 5078 4347 5144 ἱρω
4370 5079 4583 5132 Δασκ-
4606 5053 4640 5090 ⁶

2627 5143 2958 5199 lodunensis
3005 5152 3198 5200 contra
3241 5161 3400 5200 suum
3444 5161 3645 5200 morem
3689 5146 3779 5201 hic
3822 5145 3901 5200 ad
3942 5147 4250 5214 pristinam
4305 5147 4586 5202 Ιεοίἰοιιακ

2626 5212 2785 5267 redit.

2766 5279 2827 5345 2)
2864 5279 3038 5348 Epist.
3076 5280 3193 5333 107.
3401 5281 3461 5346 3)
3498 5282 3632 5352 Cap.
3668 5281 3751 5336 18.
