4967 5992
581 358 716 425 483

585 562 859 629 gruum,
918 547 1338 625 appeterent,
1409 540 1586 624 quod
1637 540 1892 606 Paulus
1946 560 2067 622 pro
2118 560 2377 607 summo
2430 538 2548 604 ab-

583 628 787 696 surdo
827 626 1028 693 ducit.
1061 626 1112 711 ¹)
1197 626 1494 692 Rideant
1536 646 1696 711 ergo
1737 633 2035 691 nostram
2079 627 2425 705 rationem,
2470 633 2551 689 ut

587 715 843 793 volent,
932 712 1331 792 adversarii,
1408 712 1584 795 quod
1658 711 1962 795 populari
2031 712 2263 795 lingua
2326 712 2548 776 Deum

584 798 1032 867 communiter
1084 819 1316 864 omnes
1370 798 1442 863 in
1504 798 1797 865 ecclesiis
1863 798 2105 863 nostris
2170 807 2547 881 precantur,

584 886 754 971 quod
800 884 1094 969 psalmos
1139 885 1268 950 viri
1310 891 1379 950 et
1418 883 1734 950 mulieres
1777 884 2236 949 indifferenter
2279 889 2547 960 canunt,

583 972 779 1038 modo
832 992 870 1037 e
925 970 1104 1038 coelo
1173 971 1449 1054 spiritus
1516 979 1785 1035 sanctus
1849 971 2300 1036 testimoninm
2359 969 2549 1035 nobis

583 1056 848 1136 reddat,
894 1057 1201 1122 confusas
1246 1076 1404 1122 vero
1448 1057 1591 1123 sine
1633 1066 1854 1122 mente
1902 1077 2131 1133 voces,
2175 1074 2347 1138 quae
2389 1054 2550 1119 alibi

585 1143 893 1221 eduntur,
936 1140 1256 1226 repudiet.

757 1228 842 1293 In
898 1228 1109 1293 altera
1151 1228 1507 1311 praecipua
1550 1224 1886 1293 doctrinae
1927 1233 2148 1309 parte,
2206 1246 2336 1307 qua
2377 1231 2551 1289 trac-

587 1321 768 1379 tatur
822 1314 938 1379 ubi
994 1315 1124 1380 sita
1179 1315 1268 1378 sit
1320 1313 1666 1378 hominum
1722 1313 1903 1377 salus
1967 1321 2035 1377 et
2100 1333 2230 1395 qua
2294 1311 2404 1377 via
2465 1309 2550 1375 ad

584 1421 732 1466 eam
791 1401 1143 1483 pervenire
1195 1400 1481 1482 possint,
1546 1397 1796 1462 multae
1860 1398 2277 1480 quaestiones
2339 1396 2549 1462 conti-

586 1493 848 1551 nentur.
937 1484 1111 1550 Nam
1166 1506 1374 1567 quum
1428 1484 1766 1548 hominem
1828 1484 2170 1548 iubeamus
2235 1490 2425 1547 extra
2479 1502 2552 1546 se

589 1572 843 1656 ipsum,
885 1575 1037 1650 [pag.
1080 1576 1188 1649 49]
1233 1569 1360 1637 hoc
1405 1579 1536 1649 est,
1585 1569 1660 1633 in
1702 1569 1838 1634 solo
1882 1568 2181 1646 Christo,
2227 1567 2551 1633 iustitiam

588 1664 659 1723 et
701 1660 910 1722 vitam
945 1677 1291 1739 quaerere,
1344 1656 1499 1737 quia
1551 1675 1756 1737 penes
1810 1676 1880 1720 se
1922 1654 2092 1719 nihil
2147 1653 2278 1719 nisi
2320 1673 2551 1737 pecca-

592 1751 739 1807 tum
797 1752 866 1806 et
917 1751 1199 1806 mortem
1255 1740 1524 1806 habeat:
1595 1741 1884 1822 primum
1938 1740 2130 1806 nobis
2197 1739 2279 1805 de
2345 1738 2551 1803 libero

591 1829 865 1893 arbitrio
902 1827 1175 1910 eiusque
1216 1825 1635 1892 facultatibus
1673 1828 1968 1891 exoritur
2002 1835 2350 1892 certamen.
2428 1826 2553 1889 Et-

595 1915 778 1978 enim
822 1914 880 1977 si
923 1911 1082 1996 quid
1124 1932 1246 1995 per
1287 1933 1358 1977 se
1413 1911 1632 1977 valeat
1673 1911 1869 1977 homo
1914 1911 1998 1976 ad
2043 1910 2552 1994 promerendum

597 1999 852 2076 Deum,
909 1999 1042 2063 iam
1087 2020 1221 2062 non
1277 1998 1344 2062 in
1389 1996 1670 2063 solidum
1716 1998 1995 2063 salutem
2040 1997 2296 2062 Christi
2340 1996 2556 2080 gratia

598 2093 1052 2166 consequetur,
1100 2083 1215 2147 sed
1259 2091 1514 2167 partem
1550 2084 1693 2166 ipse
1736 2083 1862 2149 sibi
1903 2084 2174 2148 confert.
2249 2083 2554 2150 Rursum

596 2170 654 2234 si
698 2177 840 2234 tota
892 2169 1072 2235 salus
1107 2169 1360 2234 Christi
1417 2170 1670 2253 gratiae
1714 2170 1998 2234 refertur
2041 2177 2337 2251 accepta,
2383 2167 2555 2232 nihil

597 2255 849 2319 homini
892 2255 972 2318 fit
1023 2254 1377 2337 reliquum,
1433 2275 1563 2337 quo
1618 2256 1743 2319 sibi
1799 2257 1968 2337 ipse,
2016 2264 2250 2338 suapte
2304 2254 2555 2319 scilicet

597 2341 856 2419 virtute,
894 2340 975 2405 ad
1018 2340 1524 2423 comparandam
1563 2339 1841 2405 salutem
1878 2341 2252 2422 opituletur.
2324 2340 2553 2404 Nostri

592 2433 814 2491 autem
850 2426 1214 2493 adversarii
1249 2428 1342 2492 sic
1377 2426 1717 2491 hominem
1753 2448 1794 2491 a
1827 2428 2064 2509 spiritu
2100 2435 2329 2492 sancto
2365 2424 2553 2489 adiu-

593 2513 736 2577 vari
793 2512 878 2576 ad
935 2513 1102 2578 bene
1156 2512 1487 2597 agendum
1540 2511 1944 2590 concedunt,
2015 2521 2091 2577 ut
2141 2519 2397 2596 partem
2451 2511 2555 2575 illi

593 2598 1023 2663 nihilominus
1078 2598 1432 2663 vindicent.
1534 2599 1681 2663 Hoc
1735 2598 1884 2662 ideo
1936 2600 2045 2677 fit,
2098 2599 2285 2681 quia,
2341 2619 2551 2680 quan-

591 2695 732 2748 tum
787 2705 869 2748 ex
926 2684 1128 2765 primi
1184 2685 1477 2767 parentis
1520 2683 1715 2766 lapsu
1768 2685 2092 2749 inflictum
2146 2685 2234 2750 sit
2278 2693 2551 2747 naturae

591 2776 856 2835 nostrae
899 2769 1175 2848 vulnus,
1233 2790 1369 2834 non
1424 2769 1810 2852 percipiunt.
1900 2771 2230 2835 Fatentur
2282 2769 2549 2853 quidem

590 2853 934 2921 nobiscum
988 2865 1330 2936 peccatum
1378 2855 1728 2938 originale:
1786 2854 1902 2921 sed
1945 2857 2082 2922 vim
2140 2857 2280 2921 eius
2322 2863 2553 2937 postea

589 2947 982 3019 extenuant,
1050 2962 1252 3022 quum
1306 2940 1679 3007 debilitatae
1739 2942 1932 3007 modo
1997 2942 2201 3008 fuisse
2264 2940 2550 3007 hominis

590 3026 771 3092 vires
831 3025 1272 3104 arbitrantur,
1341 3049 1476 3092 non
1545 3037 1763 3092 autem
1801 3050 2070 3110 prorsus
2134 3029 2546 3110 depravatas.

588 3110 824 3194 Itaque
868 3110 1212 3190 definiunt,
1259 3113 1595 3179 hominem
1639 3113 1943 3198 originali
1987 3114 2401 3197 corruptione
2444 3114 2549 3177 in-

589 3197 863 3274 fectum,
933 3220 1068 3263 non
1127 3199 1428 3266 sufficere
1496 3200 1761 3283 quidem
1820 3199 1899 3265 ad
1969 3200 2135 3266 bene
2196 3200 2547 3284 agendum,

584 3292 859 3368 propter
908 3284 1156 3349 virium
1222 3286 1701 3352 infirmitatem:
1766 3286 2067 3352 adiutum
2135 3296 2358 3352 autem
2415 3284 2550 3351 Dei

585 3371 803 3454 gratia
859 3370 1101 3435 habere
1155 3371 1406 3454 aliquid
1458 3374 1802 3456 proprium
1861 3383 1930 3438 et
1974 3395 2014 3438 a
2056 3394 2129 3439 se
2181 3374 2324 3457 ipso
2368 3371 2547 3455 qued

580 3457 890 3521 conferat.
981 3457 1122 3521 Nos
1178 3479 1335 3523 vero
1388 3460 1648 3523 tametsi
1692 3457 2033 3524 hominem
2076 3469 2310 3543 sponte
2353 3469 2422 3524 et
2463 3458 2546 3523 li-

575 3542 738 3608 bera
771 3543 1112 3606 voluntate
1155 3565 1353 3627 agere
1389 3567 1520 3608 non
1566 3543 1945 3622 diffitemur,
1990 3568 2191 3628 quum
2234 3567 2274 3609 a
2308 3545 2546 3627 spiritu

580 3642 808 3694 sancto
829 3629 1108 3712 regitur,
1144 3650 1220 3694 ea
1242 3639 1467 3695 tamen
1493 3632 1820 3712 pravitate
1855 3633 2174 3698 imbutam
2201 3653 2344 3697 esse
2367 3651 2545 3696 asse-

581 3716 789 3779 rimus
812 3721 1017 3779 totam
1042 3714 1188 3779 eius
1222 3723 1550 3790 naturam,
1585 3725 1662 3780 ut
1683 3716 1766 3780 ad
1787 3716 1954 3781 bene
1987 3716 2316 3800 agendum
2353 3737 2545 3798 pror-

582 3821 694 3864 sus
732 3800 821 3865 sit
855 3820 895 3863 a
918 3821 990 3865 se
1025 3799 1170 3882 ipso
1195 3801 1469 3866 inutilis.
1530 3802 1636 3868 De
1672 3823 1748 3867 eo
1782 3822 1939 3886 ergo
1972 3811 2233 3868 tantum
2269 3802 2545 3874 disside-

579 3905 733 3949 mus
768 3884 850 3949 ab
892 3886 991 3964 iia,
1037 3886 1150 3968 qui
1185 3907 1256 3951 se
1294 3886 1627 3953 doctrinae
1662 3892 1929 3954 nostrae
1961 3895 2327 3971 opponunt:
2373 3889 2547 3971 quod

576 3993 781 4054 quum
815 3970 914 4035 illi
951 3992 1165 4054 neque
1208 3971 1542 4037 hominem
1582 3975 1744 4040 satis
1785 3975 2155 4054 humilient,
2199 3996 2322 4040 nec
2356 3996 2544 4058 rege-

576 4057 935 4124 nerationis
991 4056 1386 4123 beneficium
1447 4078 1567 4141 pro
1625 4059 1948 4144 dignitate
1992 4067 2140 4140 [pag.
2179 4066 2288 4141 60]
2333 4061 2544 4126 extol-

576 4143 748 4222 lant,
794 4143 1135 4208 hominem
1179 4144 1273 4208 ita
1313 4147 1832 4226 prosternimus,
1875 4155 1954 4211 ut
1994 4148 2066 4211 in
2110 4146 2399 4212 nihilum
2438 4169 2544 4213 re-

575 4228 838 4307 dactus,
898 4227 1073 4313 quod
1119 4228 1203 4295 ad
1248 4230 1662 4312 spiritualem
1707 4232 2028 4297 iustitiam
2081 4233 2347 4310 attinet,
2408 4255 2545 4298 non

575 4323 830 4397 partem
873 4314 990 4380 sed
1026 4314 1514 4399 plenitudinem
1554 4318 1843 4383 iustitiae
1887 4331 2111 4402 petere
2147 4341 2187 4385 a
2219 4319 2365 4383 Deo
2411 4319 2543 4384 dis-

575 4408 698 4466 cat.
791 4399 1116 4467 Videmur
1157 4403 1329 4469 forte
1387 4401 1778 4486 quibusdam
1822 4427 2058 4487 parum
2101 4405 2328 4487 aequis
2369 4405 2567 4477 iudi-.

577 4486 762 4551 cibus
803 4486 1073 4552 modum
1131 4489 1469 4556 excedere.
1543 4489 1681 4555 Sed
1727 4491 1892 4556 nihil
1937 4493 2008 4556 in
2044 4489 2345 4557 doctrina
2385 4512 2543 4557 nos-

580 4577 703 4667 tra·
728 4578 844 4634 aut
869 4571 1285 4670 absurdum,
1346 4588 1462 4642 aut
1506 4576 2032 4656 dissentaneum,
2085 4598 2210 4643 nec
2254 4598 2296 4642 a
2338 4578 2544 4643 sacris

577 4662 921 4752 scripturis
941 4706 957 4733 ‚
1018 4680 1142 4727 nec
1195 4683 1236 4727 a
1285 4664 1617 4729 communi
1663 4665 1904 4731 veteris
1958 4663 2269 4730 ecclesiae
2325 4684 2543 4729 sensu.

583 4738 768 4820 Qum
812 4742 1011 4806 etiam
1060 4746 1145 4811 ad
1184 4747 1460 4814 verbum
1498 4769 1582 4814 ex
1606 4770 1718 4815 ore
1740 4751 2108 4835 Augustini
2151 4751 2545 4818 confirmare

577 4824 764 4891 nullo
846 4829 1114 4909 negotio
1184 4832 1404 4913 liceat,
1499 4834 1815 4920 quidquid
1877 4837 2222 4903 tradimus.
2309 4836 2545 4918 Itaque

576 4911 950 4995 complures
1003 4933 1092 4978 ex
1148 4916 1258 4995 iis,
1326 4919 1440 5000 qui
1496 4940 1658 5006 erga
1712 4943 1978 4988 causam
2028 4932 2324 4988 nostram
2380 4921 2545 4989 alias

718 5203 777 5269 1)
816 5203 993 5260 ducit:
1027 5204 1115 5259 eie
1140 5205 1447 5262 mendacii
1480 5208 1650 5277 Besa,
1685 5215 1851 5265 anua
1875 5211 2177 5280 leyebatur:
2213 5212 2356 5267 dicit.
2412 5211 2544 5267 Gaz-

555 5278 665 5332 Itoe
696 5275 972 5330 libet-me
1005 5276 1210 5330 ves-tit.-
1244 5276 1440 5331 reiette
1474 5293 1618 5346 pour
1650 5293 1758 5333 une
1792 5279 2085 5335 absurdite.

2199 350 2331 419 DE
2373 349 3017 419 NECESSITATE

4489 355 4619 417 484

2649 537 2823 603 male
2870 537 3090 604 affecti
3136 545 3326 616 sunt,
3381 537 3556 621 quod
3599 538 3802 620 paulo
3854 537 4115 603 saniore
4159 545 4318 603 sunt
4358 536 4618 619 iudicio,

2651 623 3096 690 contradicere
3139 624 3210 688 in
3255 623 3381 688 hac
3421 631 3611 705 parte
3655 622 3843 689 nobis
3887 644 4021 687 non
4062 623 4328 689 audent.
4421 622 4619 692 Certe

2653 710 2823 775 nihil
2882 708 2965 775 ab
3009 710 3156 775 aliis
3211 708 3611 796 differimus,
3673 710 3849 775 sicut
3892 709 4061 786 dixi,
4108 708 4242 774 nisi
4284 707 4464 792 quod
4503 733 4623 778 nos

2653 795 2987 861 hominem
3006 847 3020 873 ,
3087 796 3349 878 inopiae
3404 795 3956 877 impotentiaeque
4011 815 4167 860 suae
4221 797 4615 876 convictum,

2653 881 2892 946 melius
2930 878 3013 946 ad
3047 902 3279 947 veram
3316 881 3761 946 humilitatem
3804 880 4163 959 erudimus,
4208 891 4289 945 ut
4321 880 4621 948 abdicata

2653 968 2721 1031 in
2769 976 2982 1031 totum
3028 968 3132 1032 sui
3171 965 3416 1033 fiducia
3455 968 3529 1031 in
3565 967 3780 1032 Deum
3826 973 4003 1031 totus
4043 967 4387 1032 recumbat
4399 991 4417 1046 ;
4458 970 4619 1034 item

2656 1052 2740 1117 ad
2785 1052 3282 1136 gratitudinem,
3329 1060 3407 1118 ut
3448 1053 3579 1118 Dei
3620 1052 4092 1118 beneficentiae
4136 1052 4457 1136 quidquid
4499 1054 4620 1119 ha-

2656 1138 2766 1202 bet
2810 1140 2963 1203 boni
3007 1139 3465 1217 transscribat,
3524 1139 3695 1205 sicut
3738 1159 3970 1203 revera
4022 1138 4104 1203 ab
4146 1139 4287 1221 ipso
4331 1150 4460 1204 est:
4518 1140 4621 1205 illi

2657 1245 2816 1289 vero
2859 1246 3177 1307 perversa
3200 1226 3508 1308 propriae
3550 1224 3822 1289 virtutis
3866 1224 4174 1306 opinione
4217 1224 4619 1290 inebriatum

2656 1311 3092 1392 praecipitant
3127 1307 3210 1375 ad
3245 1312 3524 1387 ruinam,
3561 1316 3631 1374 et
3663 1309 3867 1391 impia
3901 1309 4217 1375 adversus
4249 1311 4475 1376 Deum
4510 1333 4620 1377 ar-

2656 1397 2959 1479 rogantia
3002 1398 3273 1473 inflant,
3332 1417 3415 1460 ne
3459 1396 3584 1461 sibi
3628 1397 3846 1460 minus
3898 1416 4097 1478 quam
4140 1394 4286 1461 Deo
4325 1397 4621 1463 iustitiae

2657 1481 2936 1565 gloriam
2981 1482 3290 1565 assignet.
3382 1480 3659 1547 Accedit
3701 1493 3770 1546 et
3805 1480 4076 1545 tertium
4121 1481 4395 1560 malum,
4442 1482 4621 1565 quod

2657 1573 2831 1632 totae
2884 1588 3116 1632 eorum
3171 1567 3253 1633 de
3321 1575 3598 1639 naturae
3668 1567 4089 1649 corruptione
4140 1567 4625 1650 disputationes

2655 1653 2725 1717 in
2764 1653 3193 1719 crassioribus
3231 1653 3447 1720 carnis
3482 1654 4028 1735 concupiscentiis
4063 1654 4199 1718 fere
4233 1653 4621 1720 subsidunt:

2656 1739 3005 1803 interiores
3046 1759 3203 1804 vero
3246 1738 3536 1817 morbOS,
3592 1740 3703 1822 qui
3746 1738 3941 1822 longe
3984 1747 4142 1804 sunt
4184 1740 4624 1821 capitaliores,

2658 1846 2788 1889 non
2832 1826 3191 1909 attingunt.
3280 1825 3388 1889 Ita
3422 1826 3516 1901 fit,
3568 1834 3646 1889 ut
3688 1825 3799 1906 qui
3831 1825 3901 1889 in
3935 1845 4162 1890 eorum
4197 1823 4425 1891 schola
4462 1837 4629 1892 sunt

2657 1911 2947 1975 instituti
3002 1912 3072 1975 in
3131 1912 3486 1976 teterrimis
3552 1911 3849 1992 peccatis,
3907 1909 4102 1977 modo
4157 1910 4295 1976 sint
4341 1912 4622 1991 occulta,

2657 1995 2782 2060 sibi
2827 2017 3055 2063 secure
3097 1997 3458 2080 ignoscant,
3502 1997 3691 2079 quasi
3734 1995 3906 2060 nihil
3947 2004 4235 2079 peccent.

2829 2081 3148 2163 Sequitur
3200 2090 3427 2165 postea
3480 2082 3775 2164 quaestio
3829 2081 3911 2147 de
3949 2103 4225 2165 operum
4247 2084 4506 2164 ,merito
4545 2104 4626 2150 ae

2660 2173 2810 2246 [pag.
2859 2172 2968 2248 51]
3030 2168 3367 2251 dignitate.
3458 2168 3595 2234 Nes
3648 2188 3806 2235 vero
3849 2175 3917 2234 et
3962 2169 4133 2233 bona
4174 2189 4378 2251 opera
4421 2190 4623 2235 orna-

2659 2276 2804 2318 mus
2850 2255 3025 2319 veris
3068 2254 3405 2331 laudibus,
3450 2275 3663 2336 neque
3707 2274 4025 2338 negamus
4068 2255 4439 2319 mercedem
4480 2253 4625 2322 illis

2657 2341 3011 2420 repositam
3067 2360 3214 2405 esse
3270 2339 3447 2422 apud
3491 2341 3729 2404 Deum.
3821 2338 3958 2406 Sed
4014 2340 4229 2406 tribus
4287 2342 4621 2424 exceptio-

2658 2425 2857 2490 nibus
2900 2425 3180 2504 utimur,
3238 2427 3307 2489 in
3366 2425 3605 2507 quibus
3654 2435 3830 2490 totus
3886 2425 4391 2509 disputationis,
4448 2446 4627 2509 quae

2656 2510 2872 2577 adhuc
2917 2510 2997 2575 de
3043 2512 3384 2575 hominum
3431 2511 3647 2576 salute
3682 2511 3938 2594 reliqua
3980 2521 4112 2590 est,
4168 2512 4371 2578 cardo
4416 2516 4624 2579 verti·

2656 2605 2807 2661 tur..
2856 2597 3161 2662 Primum
3208 2597 3502 2676 dicimus,
3549 2596 4031 2679 qualiacunque
4072 2599 4209 2663 sint
4252 2598 4456 2664 ullius
4501 2598 4624 2664 ho-

2654 2683 2855 2748 minis
2898 2703 3113 2765 opera,
3160 2704 3293 2747 non
3337 2681 3600 2748 aliunde
3643 2689 3867 2747 tamen
3911 2684 4164 2748 iustum
4205 2705 4430 2750 coram
4474 2684 4624 2752 Deo

2653 2769 2939 2845 censeri,
2983 2789 3182 2851 quam
3224 2790 3307 2834 ex
3352 2770 3644 2852 gratuita
3686 2767 4147 2849 misericordia,
4194 2770 4369 2852 quod
4407 2771 4622 2851 Deus,

2655 2854 2822 2919 citra
2884 2854 3169 2937 aliquem
3231 2874 3504 2937 operum
3569 2862 3970 2937 respectum,
4052 2856 4262 2939 gratis
4326 2877 4481 2921 eum
4546 2857 4625 2924 in

2656 2939 2925 3004 Christo
2978 2939 3431 3022 amplectitur,
3492 2939 3744 3006 Christi
3787 2941 4110 3007 iustitiam
4151 2941 4253 3006 illi
4297 2949 4627 3025 tanquam

2653 3028 2986 3108 propriam
3028 3026 3433 3108 imputando.
3523 3027 3721 3092 Hanc
3763 3049 3886 3093 nos
3938 3026 4093 3093 fidei
4134 3028 4457 3093 iustitiam
4498 3050 4627 3095 vo-

2654 3133 2908 3177 camus:
2968 3133 3170 3194 quum
3227 3112 3423 3177 homo
3477 3113 3756 3192 scilicet,
3810 3134 4059 3179 vacuus
4114 3121 4184 3177 et
4239 3114 4627 3181 exinanitus

2653 3198 2833 3280 omni
2888 3219 3160 3280 operum
3213 3198 3482 3277 fiducia,
3549 3198 3721 3265 hanc
3778 3199 3903 3272 sibi
3960 3201 4227 3266 unicam
4286 3200 4621 3266 rationem

2652 3306 2796 3349 esse
2840 3285 3102 3363 statuit,
3146 3304 3279 3366 qua
3320 3286 3467 3349 Deo
3510 3284 3601 3350 sit
3643 3294 3980 3368 acceptus,
4024 3307 4229 3368 quum
4272 3286 4621 3368 iustitiam,

2650 3390 2819 3453 quae
2851 3371 2974 3436 sibi
3021 3370 3221 3449 deest,
3268 3390 3309 3434 a
3341 3370 3612 3436 Christo
3646 3380 4011 3436 mutuatur.
4084 3371 4167 3436 In
4212 3393 4291 3437 eo
4326 3373 4625 3442 mundus

2650 3478 2909 3539 semper
2951 3455 3399 3522 hallucinatur
3442 3461 3624 3540 (nam
3669 3457 3778 3522 hic
3819 3455 4121 3523 omnibus
4162 3458 4305 3523 fere
4339 3459 4625 3526 saeculis

2651 3550 2986 3625 grassatus
3040 3551 3143 3608 est
3194 3543 3404 3620 error)
3460 3541 3634 3625 quod
3688 3542 4022 3608 hominem
4041 3595 4056 3621 ,
4129 3547 4467 3626 utcunque
4534 3567 4622 3610 ex

2649 3639 2837 3711 parte
2891 3628 3179 3708 deficiat,
3246 3630 3488 3693 mereri
3542 3637 3767 3693 tamen
3822 3630 4247 3712 aliquousque
4309 3632 4625 3713 operibus

2648 3714 2931 3799 gratiam
2976 3713 3149 3797 apud
3193 3714 3415 3779 Deum
3456 3715 3876 3799 imaginatur.
3962 3716 4061 3780 At
4102 3716 4435 3798 scriptura
4475 3738 4623 3782 om·

2648 3824 2767 3867 nes
2801 3800 3186 3866 maledictos
3231 3821 3372 3866 esse
3416 3802 3828 3883 pronunciat,
3875 3802 3986 3885 qui
4025 3821 4163 3866 non
4209 3800 4294 3866 ad
4337 3802 4623 3883 plenum

2650 3887 3176 3965 observaverint,
3222 3906 3650 3969 quaecunque
3693 3888 3942 3970 scripta
3984 3897 4144 3952 sunt
4185 3888 4259 3953 in
4305 3885 4475 3953 libro
4520 3888 4623 3954 le·

2649 3974 2769 4058 gis.
2858 3973 3035 4040 Huic
3079 3971 3523 4038 maledictioni
3566 3973 3901 4039 subiacere
3942 3993 4211 4040 necesse
4254 3982 4375 4053 est,
4419 3982 4625 4056 quot-

2648 4066 2807 4142 quot
2839 4058 2921 4124 ab
2955 4057 3263 4141 operibus
3294 4059 3759 4125 aestimantur:
3796 4058 4116 4125 eximitur
4150 4068 4372 4125 autem
4395 4080 4626 4141 nemo,

2649 4145 2780 4210 nisi
2802 4146 2916 4227 qui
2950 4166 3221 4227 operum
3252 4143 3494 4209 fiducia
3527 4146 3595 4209 in
3631 4153 3848 4211 totum
3881 4145 4108 4211 valere
4141 4144 4345 4223 iussa,
4382 4143 4631 4212 Chris-

2649 4241 2792 4296 tum
2847 4230 3090 4309 induit,
3147 4238 3223 4295 ut
3270 4230 3340 4294 in
3397 4229 3510 4295 illo
3563 4231 3812 4309 iustus,
3867 4231 4158 4314 gratuita
4199 4230 4332 4296 Dei
4384 4251 4633 4317 accep-

2647 4318 2856 4395 tione,
2901 4324 3265 4383 censeatur.
3354 4313 3523 4382 Inde
3566 4338 3724 4401 ergo
3767 4316 3925 4382 i'usti
3968 4337 4229 4394 sumus,
4275 4316 4453 4399 quod
4499 4341 4635 4387 nos

2646 4402 2835 4469 Deus
2877 4402 3063 4467 nullo
3105 4423 3380 4485 operum
3434 4411 3829 4468 nostrorum.
3872 4401 3985 4468 sed
4032 4402 4171 4468 solo
4215 4402 4477 4469 Christi
4520 4406 4637 4470 in·

2648 4490 2823 4554 tuitu
2869 4487 2995 4553 sibi
3036 4487 3430 4566 reconciliat,
3477 4497 3545 4552 et
3587 4509 3672 4553 ex
3708 4488 3862 4555 filiis
3903 4489 4043 4553 irae
4079 4489 4371 4572 gratuita
4406 4489 4639 4574 adop-

2647 4575 2826 4639 tione
2868 4574 3039 4640 filios
3080 4594 3236 4639 suos
3276 4574 3451 4639 facit.
3538 4573 3877 4657 Quamdiu
3919 4575 4097 4640 enim
4140 4595 4339 4658 opera
4375 4585 4644 4643 nostra

2646 4661 2930 4743 respicit,
2967 4680 3231 4726 causam
3265 4665 3415 4738 [pag.
3453 4665 3561 4740 52]
3603 4679 3736 4726 non
3770 4660 4042 4739 invenit,
4078 4681 4200 4726 cur
4232 4681 4353 4726 nos
4387 4681 4643 4731 amare

2648 4747 2897 4813 debeat.
2988 4745 3434 4827 Quamobrem
3478 4766 3743 4812 necesse
3795 4755 3899 4812 est
3939 4753 4016 4810 ut
4055 4745 4336 4829 sepultis
4382 4767 4641 4830 pecca-

2647 4834 2734 4900 tis
2788 4833 3031 4899 nostris
3072 4831 3326 4898 Christi
3369 4829 3827 4910 obedientiam,
3870 4852 4035 4916 quae
4086 4830 4229 4898 sola
4268 4832 4417 4898 eius
4464 4856 4644 4902 con-

2648 4929 2947 5003 spectum
2979 4918 3308 4985 sustinere
3343 4926 3576 5000 potest,
3622 4925 3956 5002 acceptam
3978 4916 4166 4983 nobis
4200 4918 4393 4998 ferat,
4446 4921 4643 4990 eius-

2648 5026 2775 5088 que
2827 5006 3066 5071 merito
3121 5026 3240 5069 nos
3294 5004 3709 5086 amplexetur
3765 5025 3884 5088 pro
3951 5004 4158 5068 iustis,
4246 5003 4450 5072 Haeo
4530 5017 4647 5076 est

2648 5091 2828 5159 clara
2881 5099 2950 5157 et
2997 5100 3321 5172 perpetua
3374 5090 3736 5173 scripturae
3799 5089 4127 5168 doctrina,
4190 5108 4361 5172 quae
4434 5095 4646 5161 testi-

2648 5180 2943 5242 monium
2986 5176 3270 5259 quidem,
3314 5183 3392 5239 ut
3424 5176 3522 5242 ait
3551 5176 3822 5256 Paulus,
3863 5174 4063 5241 habet
4095 5194 4137 5239 a
4177 5173 4326 5258 lege
4362 5183 4445 5241 et
4482 5200 4649 5262 pro-

2648 5262 2864 5345 phetis
2908 5263 3132 5346 (Rom.
3172 5265 3230 5341 3,
3277 5262 3421 5344 21),
3480 5262 3597 5328 sed
3639 5282 3759 5345 per
3799 5260 4217 5346 evangelium
4260 5261 4358 5327 sic
4408 5266 4649 5350 expli·
