4967 5992
577 272 702 338 395

571 458 739 525 feret
755 508 771 535 ,
826 456 881 521 si
939 453 1273 520 manserit.
1362 449 1655 518 Proinde
1709 450 1820 533 qui
1863 450 1934 514 in
1978 445 2249 516 Christo
2287 455 2530 529 manet,

570 544 710 622 ille,
753 543 967 607 instar
1006 538 1331 624 palmitis,
1371 557 1458 602 ex
1498 558 1570 602 se
1613 536 1786 620 ipso,
1827 534 1898 600 id
1939 542 2058 615 est,
2104 537 2368 619 propria
2409 558 2534 602 sua

572 636 814 696 natura
842 626 1129 692 fructum
1160 624 1343 690 feret.
1422 622 1645 687 Huius
1676 621 1974 705 argutiae
2008 618 2251 687 fiducia
2280 623 2529 688 mirum

572 723 973 799 quantopere
1046 708 1355 775 exsultet.
1444 707 1650 790 Atqui
1726 726 1921 772 nemo
1995 726 2128 771 non
2196 706 2529 792 intelligit,

572 819 771 885 quam
826 795 1165 882 pueriliter
1215 794 1521 878 ineptiat,
1580 790 1899 858 eiusmodi
1951 791 2355 876 syllabarum
2412 815 2529 858 au-

573 886 769 969 cupia
823 880 1168 949 tendendo.
1256 880 1432 945 Nam
1498 899 1705 960 quum
1755 876 2129 962 intelligere
2182 876 2530 943 Christum

573 971 737 1039 satis
776 975 1049 1046 constet,
1092 987 1228 1030 non
1260 986 1343 1031 ex
1380 985 1451 1030 se
1485 964 1628 1046 ipso
1670 963 1954 1028 feracem
1995 982 2139 1028 esse
2174 963 2530 1046 palmitem,

575 1056 694 1122 sed
737 1057 833 1122 ita
875 1053 1158 1129 demum,
1204 1051 1259 1114 si
1301 1051 1375 1115 in
1405 1050 1546 1116 vite
1587 1055 1826 1125 manet,
1869 1054 2016 1128 [pag.
2054 1053 2208 1129 226]
2253 1048 2363 1114 hic
2403 1071 2531 1114 nu-

575 1148 767 1227 gator
838 1137 1085 1203 nodum
1144 1137 1217 1200 in
1295 1135 1510 1217 scirpo
1575 1133 1847 1218 quaerit.
1936 1130 2127 1213 Quod
2196 1134 2253 1198 si
2316 1133 2532 1200 adhuc

574 1228 854 1305 rixetur,
897 1220 1289 1305 respondeat
1329 1220 1523 1298 mihi,
1568 1217 1726 1303 quid
1766 1240 1886 1302 per
1926 1217 2101 1284 hanc
2143 1219 2533 1301 particulam

576 1311 933 1396 intelligat:
978 1329 1019 1372 a
1060 1328 1132 1373 se
1174 1307 1335 1391 ipso,
1395 1308 1506 1370 An
1550 1304 1732 1382 haec,
1778 1323 2040 1387 quaese,
2084 1304 2261 1370 inter
2302 1325 2373 1370 se
2416 1325 2531 1387 op-

575 1397 735 1483 poni
774 1416 860 1462 ne
942 1393 1058 1471 bit,
1103 1414 1145 1458 a
1186 1413 1258 1457 se
1300 1393 1461 1475 ipso,
1505 1397 1574 1455 et
1614 1391 1687 1454 in
1730 1389 1865 1454 vite
1888 1388 1920 1451 ⁴?
1989 1386 2126 1455 Sed
2169 1411 2319 1455 eum
2362 1389 2532 1456 nihil

573 1503 814 1548 moror.
1051 1478 1201 1562 plus
1247 1496 1444 1560 quam
1486 1475 1664 1542 clara
1706 1482 1835 1541 est:
1882 1474 2124 1558 opponi
2165 1474 2329 1541 duas
2372 1476 2532 1541 istas

571 1567 960 1652 particulae,
1016 1584 1058 1628 a
1108 1583 1181 1630 se
1235 1563 1412 1646 ipso,
1468 1568 1537 1627 et
1589 1561 1661 1625 in
1714 1559 1879 1625 vite:
1935 1556 2111 1624 unde
2162 1560 2533 1645 intelligere

571 1661 953 1738 promptum
1004 1657 1137 1727 est,
1191 1668 1232 1712 a
1275 1667 1348 1712 se
1390 1648 1562 1731 ipso,
1609 1645 1997 1710 tantundem
2054 1646 2303 1725 valere,
2358 1668 2434 1713 ac
2473 1647 2532 1711 si

575 1738 871 1814 dixisset,
917 1757 959 1801 a
990 1734 1129 1800 vite
1171 1739 1541 1799 extractum
1584 1738 1702 1796 aut
1743 1737 2133 1813 separatum.

749 1820 861 1889 Ad
900 1818 1069 1885 illud
1099 1817 1315 1896 Pauli,
1352 1818 1570 1882 Deum
1607 1836 1750 1882 esse
1793 1817 1907 1898 qui
1949 1823 2258 1899 operatur
2298 1817 2367 1882 in
2412 1838 2532 1883 no-

575 1908 679 1975 bis
723 1919 793 1973 et
832 1905 1007 1972 velle
1062 1911 1130 1971 et
1171 1904 1483 1987 perficere
1535 1922 1655 1985 pro
1709 1922 1827 1967 suo
1879 1900 2283 1984 beneplacito
2325 1903 2529 1985 (Phil.

577 1996 640 2072 2,
684 1993 825 2078 13),
880 2012 952 2057 se
994 2010 1248 2074 quoque
1288 1988 1466 2054 idem
1506 1987 1833 2055 confiteri:
1880 1986 1996 2052 sed
2040 1986 2165 2064 ita,
2212 1995 2290 2053 ιιι
2329 1989 2531 2054 simul

575 2078 1097 2230 ἔὲἔῑέοὲὶὶῗιῗέ·
1146 2073 2036 2243 0ῗὲὲὲθῖιέὲὲμᾶιῖ
2050 2081 2283 2224 ΡἭᾹ
2324 2095 2529 2225 ‘iffi

575 2250 701 2316 hoc
743 2248 1111 2333 quaeritur,
1156 2253 1396 2330 agatne
1429 2244 1757 2320 voluntas,
1802 2240 1977 2327 quod
2019 2251 2211 2308 extra
2252 2243 2529 2310 dubium

575 2343 698 2416 est,
742 2333 857 2402 sed
900 2339 1141 2418 agatne
1179 2350 1222 2396 a
1262 2351 1332 2397 se
1372 2330 1537 2414 ipsa,
1583 2349 1670 2394 an
1715 2349 1833 2411 pro
1874 2327 2071 2394 modo
2115 2328 2380 2396 divinae
2424 2349 2533 2396 ac-

575 2421 803 2487 tionis:
850 2426 967 2485 aut
1008 2417 1345 2494 crassiore,
1391 2416 1448 2481 si
1490 2414 1734 2499 placet,
1777 2411 2084 2497 loquendi
2125 2413 2352 2494 modo,
2397 2415 2531 2481 dis-

577 2507 871 2572 tinctane
914 2524 991 2569 ac
1041 2508 1346 2587 separata
1397 2500 1486 2565 sit
1540 2500 1710 2565 actio
1754 2498 2115 2565 voluntatis
2173 2500 2256 2565 ab
2299 2521 2531 2583 opera-

576 2593 755 2657 tione
795 2590 960 2668 Dei;
1003 2609 1090 2654 an
1133 2587 1266 2664 illi,
1312 2584 1482 2669 quod
1526 2585 1744 2663 aiunt,
1789 2581 2271 2651 subordinatur.
2362 2583 2534 2666 Quis

576 2677 755 2744 enim
798 2675 1036 2751 nescit,
1093 2693 1214 2756 per
1267 2671 1675 2737 voluntatem
1717 2670 1860 2736 fieri
1873 2720 1891 2749 ,
1943 2677 2021 2734 nt
2076 2670 2237 2736 velit
2287 2670 2528 2737 homo?

577 2759 719 2829 Sed
758 2758 1014 2826 Paulus
1050 2758 1188 2823 illic
1226 2756 1639 2823 voluntatem
1681 2756 1916 2821 asserit
1955 2753 2086 2820 Dei
2129 2757 2364 2839 spiritu
2407 2777 2530 2842 gu-

576 2845 844 2915 bernari
861 2895 876 2922 ,
938 2853 1013 2908 ut
1055 2841 1139 2908 ad
1179 2842 1429 2909 bonum
1471 2839 1743 2906 inclinet
1782 2847 1851 2904 et
1892 2840 2212 2921 adspiret,
2256 2839 2531 2925 ideoque

577 2930 917 3017 propriam
969 2948 1114 2994 esse
1168 2927 1310 2992 eius
1365 2926 1687 2993 actionem
1700 2975 1715 3001 ,
1776 2926 1833 2990 si
1889 2923 2050 3008 quid
2102 2925 2254 2992 boni
2310 2927 2532 2993 animo

578 3016 1000 3098 concipimus.
1085 3014 1270 3097 Ergo
1333 3012 1573 3078 solutio
1636 3010 1863 3095 Pighii
1942 3012 2163 3078 fumus
2227 3020 2345 3079 est.
2435 3014 2533 3079 At

576 3100 744 3168 illud
781 3099 1081 3178 alterum,
1113 3098 1336 3165 Deum
1593 3097 1815 3161 omnia
1833 3096 1903 3161 in
1927 3095 2230 3164 omnibus
2252 3097 2528 3182 (Ephes.

582 3192 639 3266 1,
679 3190 825 3271 23),
885 3186 980 3252 sic
1033 3183 1258 3250 eludit.
1346 3181 1525 3264 Quia
1573 3181 1820 3248 scilicet
1870 3190 2133 3265 praeter
2183 3204 2339 3249 eum
2393 3205 2530 3249 non

578 3274 693 3351 sit,
749 3272 862 3356 qui
900 3271 1099 3337 faciat
1150 3269 1371 3335 omnia
1413 3271 1485 3333 in
1528 3267 1862 3334 omnibus:
1909 3277 2243 3334 creaturas
2285 3277 2528 3348 tamen,

578 3353 1429 3510 issffissfflqugessfflit
1456 3353 2151 3505 Ptffioezzffizffi
2179 3376 2341 3505 ‘¹¹¹3
2384 3355 2531 3525 ἓξὲξ

577 3536 918 3596 creaturae
957 3526 1292 3610 propriam
1343 3545 1638 3592 seorsum
1682 3545 1723 3587 a
1762 3522 1910 3589 Deo
1953 3490 2275 3591 actioan
2320 3526 2529 3611 assig—

577 3625 726 3692 net,
784 3611 950 3677 nihil
1001 3611 1291 3677 alienum
1348 3609 1523 3676 dicet
1578 3630 1619 3673 a
1671 3629 1870 3675 sensu
1913 3609 2127 3675 Pauli.
2215 3611 2311 3676 At
2352 3619 2531 3677 certo

578 3701 822 3766 certius
866 3707 995 3775 est,
1039 3697 1326 3762 Paulum
1370 3695 1516 3761 ideo
1560 3694 1864 3761 retulisse
1906 3692 1990 3759 ad
2028 3695 2247 3760 Deum
2290 3698 2531 3776 omnia,

576 3796 658 3850 ut
689 3783 1105 3860 disceremus,
1150 3782 1282 3845 nisi
1311 3802 1431 3864 per
1471 3782 1707 3865 ipsum,
1751 3779 1919 3844 nihil
1950 3780 2122 3845 fieri:
2170 3788 2247 3845 ut
2285 3781 2532 3847 inferre

576 3868 733 3936 inde
775 3869 990 3946 liceat,
1033 3865 1387 3950 quidquam
1412 3866 1742 3931 neminem
1768 3887 1852 3930 ex
1897 3886 1967 3930 se
2007 3885 2221 3950 agere,
2267 3866 2531 3949 quando

575 3956 755 4023 solus
799 3953 1132 4020 Dominus
1182 3952 1257 4015 in
1299 3951 1602 4016 omnibus
1644 3951 1917 4035 impleat
1958 3952 2196 4016 omnia.
2284 3952 2531 4035 Loqui-

575 4051 688 4107 tur
732 4047 953 4107 autem
997 4037 1333 4123 apostolus
1373 4058 1506 4102 non
1548 4035 1630 4100 de
1675 4035 2032 4102 universali
2075 4035 2339 4102 divinae
2379 4058 2534 4120 pro-

576 4127 910 4194 videntiae
953 4124 1328 4208 operatione
1370 4143 1500 4206 qua
1542 4131 1719 4187 totus
1760 4119 2048 4186 mundus
2089 4121 2374 4206 regitur,
2417 4122 2533 4188 sed

577 4212 658 4279 de
701 4211 1023 4298 singulari
1078 4210 1556 4295 gubernatione
1598 4227 1729 4290 qua
1780 4225 1900 4289 per
1942 4206 2246 4289 spiritum
2290 4211 2533 4275 sancti-

577 4298 904 4365 ficationis
959 4296 1042 4361 ad
1086 4296 1373 4361 iustitiae
1418 4314 1576 4359 suae
1619 4290 2060 4357 obedientiam
2101 4291 2329 4358 fideles
2374 4293 2532 4359 diri-

579 4384 694 4468 git.
800 4382 947 4448 Hoc
1006 4379 1164 4447 dum
1216 4379 1500 4465 Pighius
1565 4379 1860 4462 ignorat,
1927 4375 2009 4443 de
2061 4377 2353 4460 generali
2412 4401 2530 4445 na-

578 4475 767 4533 turae
808 4467 1036 4532 ordine
1078 4474 1267 4532 extra
1306 4470 1456 4547 [pag.
1498 4467 1649 4543 227]
1691 4483 1837 4528 rem
1876 4462 2399 4546 philosophatur.

753 4550 978 4632 Quum
1022 4559 1241 4617 autem
1274 4551 1635 4635 approbare
1666 4548 1851 4614 illam
1883 4546 2343 4632 Chrysostomi
2381 4570 2531 4615 sen-

576 4638 852 4704 tentiam
890 4636 1061 4701 vult:
1107 4658 1303 4720 quem
1336 4637 1564 4714 trahit,
1607 4633 1942 4701 volentem
1973 4634 2198 4712 trahit,
2242 4634 2532 4719 primum

576 4723 741 4789 falso
784 4720 971 4787 nobis
1014 4721 1311 4787 obtendit
1346 4721 1756 4788 saeculorum
1785 4721 2082 4785 omnium
2118 4741 2530 4801 consensum,

579 4807 818 4875 deinde
858 4806 1146 4873 rationes
1187 4807 1336 4875 illas
1375 4810 1507 4874 iam
1548 4807 1745 4871 toties
1780 4827 1821 4870 a
1861 4827 1971 4872 me
2014 4807 2382 4871 confutatas
2423 4828 2530 4872 re-

575 4896 771 4979 petit:
830 4903 1008 4959 stare
1062 4892 1148 4958 ad
1188 4893 1431 4959 ostium
1473 4891 1688 4959 cordis
1729 4892 1939 4956 nostri
1979 4889 2231 4969 Deum,
2285 4899 2360 4957 ut
2401 4893 2531 4977 ipsi

578 4982 970 5064 aperiamus,
1015 4984 1083 5043 et
1123 4978 1387 5043 similes.
1474 4977 1733 5042 Verum
1774 4996 1891 5041 suo
1934 4995 2118 5042 more
2161 4977 2530 5062 impugnat,

576 5063 750 5150 quod
803 5086 941 5130 non
993 5063 1396 5148 assequitur;
1456 5069 1573 5128 aut
1624 5069 1799 5127 certe
1851 5061 2054 5127 armis
2094 5081 2333 5147 parum
2374 5084 2531 5130 con-

574 5150 763 5239 gruis
801 5150 1032 5218 utitur.
1096 5150 1190 5217 Et
1231 5148 1596 5227 Christum,
1639 5152 1708 5211 et
1748 5143 2084 5228 Satanam,
2125 5145 2535 5216 voluntarios

1876 259 2411 329 RESPONSIO
2454 259 2835 329 CONTRA
2876 259 3299 334 PIGHIUM

4461 262 4580 326 396

2633 450 2761 516 sibi
2801 449 3046 515 milioes
3089 449 3362 533 eligere,
3408 454 3605 532 atque
3646 448 4009 515 auctionari
4051 468 4202 514 cum
4237 448 4583 516 Ambrosio

2633 537 2986 601 sentimus:
3045 534 3162 601 sed
3216 543 3517 618 oportere
3571 532 3657 598 ad
3695 535 3940 599 bonum
3981 535 4125 599 fieri
4158 534 4582 612 voluntarios.

2634 619 2886 687 Christi
2928 620 3182 703 spiritu,
3227 620 3523 700 dicimus,
3566 640 3985 704 quoscunque
4015 618 4163 687 vult
4203 619 4446 686 habere
4487 629 4584 689 ta-

2633 706 2749 771 les.
2838 706 3076 772 Trahit
3113 726 3265 786 nos,
3321 707 3538 789 inquit
3580 705 4028 791 Augustinus,
4087 726 4223 770 non
4264 704 4585 774 violenter

2637 812 2846 875 neque
2871 793 3146 857 invitos:
3184 799 3417 874 sponte
3440 792 3646 876 igitur
3665 799 4031 874 sequentes,
4076 789 4192 855 sed
4225 790 4580 872 voluntate,

2675 899 2832 943 uam
2874 878 3117 943 fecerit.
3207 877 3417 943 Porro
3460 897 3596 941 non
3642 876 3767 942 hoc
3808 876 3975 944 mihi
4004 877 4076 940 in
4118 875 4588 962 Chrysostomo

2633 898 2956 1047 displicet,
3000 962 3171 1046 quod
3213 971 3605 1046 spontaneos
3637 961 3723 1027 ad
3766 961 4174 1045 sequendum
4207 983 4352 1027 esse
4396 961 4587 1042 dicat,

2635 1049 2748 1131 qui
2790 1048 3178 1128 trahuntur;
3236 1047 3353 1114 sed
3395 1049 3552 1130 quia
3590 1048 3854 1132 proprio
3897 1054 4082 1112 motu
4125 1048 4313 1130 sequi
4355 1046 4590 1116 debere

2636 1133 2984 1217 intelligat.
3076 1131 3413 1215 Quidquid
3477 1155 3635 1218 ergo
3697 1133 4013 1198 moliatur
4074 1131 4388 1217 Pighius,
4463 1134 4588 1201 hoc

2636 1227 2945 1285 excutere
2986 1219 3175 1285 nobis
3224 1240 3359 1284 non
3414 1220 3682 1302 poterit,
3736 1218 4086 1284 efficaciter
4136 1238 4178 1282 a
4219 1217 4367 1284 Deo
4421 1220 4588 1285 affici

2636 1311 2933 1371 nostram
2972 1304 3401 1382 voluntatem,
3445 1325 3583 1369 non
3622 1303 3855 1369 leviter
3895 1310 4161 1368 tantum
4191 1305 4476 1371 moveri:
4517 1313 4589 1372 ut

2638 1399 2903 1456 nostrae
2967 1399 3192 1472 postca
3255 1390 3536 1474 optionis
3600 1391 3714 1467 sit,
3793 1389 4114 1473 refragari
4181 1389 4287 1455 vel
4338 1410 4584 1474 parere.

2637 1475 2777 1541 Nec
2820 1475 3077 1560 frigidis
3118 1476 3255 1541 suis
3297 1474 3551 1541 cavillis
3595 1475 3862 1553 efficiet,
3917 1475 4080 1558 quin
4123 1472 4210 1540 ad
4251 1475 4395 1541 eius
4438 1497 4590 1542 con-

2637 1561 3077 1626 firmationem
3098 1560 3334 1638 valeat,
3369 1559 3541 1644 quod
3563 1561 3794 1627 citavit
3830 1559 4085 1626 Christi
4104 1561 4588 1627 testimonium:

2636 1644 2876 1712 Omnis
2917 1647 3028 1730 qui
3074 1645 3330 1712 audivit
3370 1655 3439 1711 et
3481 1645 3711 1714 didicit
3754 1668 3794 1712 a
3835 1655 4023 1730 patre
4064 1666 4230 1724 meo,
4275 1648 4465 1712 venit
4506 1647 4589 1713 ad

2637 1752 2744 1797 me
2787 1732 3044 1816 (Ioann.
3086 1735 3144 1807 6,
3182 1732 3314 1810 45).
3401 1730 3695 1808 Discere,
3738 1731 3972 1815 inquit,
4015 1751 4138 1814 pro
4177 1731 4588 1814 acquiescere

2638 1818 2898 1967 capitur
2939 1817 3538 1969 {toeadooghrisffl
3561 1838 3729 1968 *netga
3753 1818 3973 1968 ‹ffin‘nisl
4006 1836 4205 1900 quem
4247 1824 4438 1917 pater
4478 1816 4589 1883 do-

2636 1923 2709 1968 ce
2750 1953 2768 1982 ,
2813 1923 2969 1969 vem
3540 1924 3554 1966 ε
3973 1922 4192 1967 emum
4206 1952 4224 1981 ,
4325 1923 4400 1968 m
4525 1926 4588 1968 r·-

2634 1987 2897 2054 suaderi
2953 2009 3025 2053 se
3066 1989 3242 2054 sinit.
3329 1988 3516 2053 Haec
3556 1987 3877 2071 expositio
3920 1995 4240 2070 quantum
4282 1923 4588 2071 {unffi-is

2633 2074 2878 2140 habere
2930 2072 3165 2140 debeat
3179 2125 3195 2150 ,
3253 2074 3623 2157 relinquam
3679 2071 4167 2138 aestimandum
4205 2072 4584 2140 lectoribus:

2635 2160 2748 2226 ubi
2792 2159 3003 2225 tribus
3049 2160 3268 2225 verbis
3309 2158 3710 2224 admonuero
3724 2210 3740 2236 ,
3796 2157 3955 2241 quid
4003 2156 4143 2223 illic
4194 2167 4352 2242 agat
4394 2157 4586 2225 Chri·

2635 2257 2796 2311 stus.
2884 2245 3037 2311 Non
3079 2244 3259 2311 aliud
3304 2244 3572 2322 scilicet,
3617 2246 3748 2310 nisi
3791 2252 3870 2308 ut
3911 2243 4337 2322 demonstret,
4382 2264 4586 2327 quan-

2633 2341 2778 2395 tum
2835 2330 3012 2396 inter
3054 2339 3400 2396 externam
3454 2330 3740 2395 hominis
3783 2327 4364 2413 praedicationem,
4423 2350 4583 2413 quae

2635 2436 2829 2481 aures
2862 2414 3075 2481 solum
3116 2416 3291 2494 ferit,
3337 2423 3407 2481 et
3438 2416 3716 2482 interius
3745 2434 4187 2497 arcanumque
4230 2414 4420 2495 illud,
4463 2436 4584 2499 quo

2632 2522 2825 2568 mens
2884 2500 3295 2567 illuminatur
3358 2508 3427 2567 et
3488 2522 3602 2567 cor
3664 2502 3979 2584 tangitur,
4043 2500 4315 2583 spiritus
4380 2502 4582 2567 sancti

2634 2587 3090 2671 magisterium
3132 2588 3407 2652 intersit.
3481 2587 3546 2651 N
3546 2606 3621 2653 ec
3662 2607 3821 2653 vero
3860 2584 4430 2668 praetereundum
4467 2597 4580 2664 est,

2678 2691 2767 2737 ua
2804 2673 3141 2739 occasione
3193 2670 3516 2739 adductus
3558 2671 3644 2737 ad
3700 2670 4052 2738 discrimen
4091 2668 4258 2736 illud
4300 2678 4584 2738 tractan-

2634 2693 2793 2823 dum
2839 2759 3053 2824 fuerit.
3121 2757 3408 2825 Videbat
3450 2778 3521 2824 se
3553 2758 3723 2823 nihil
3746 2756 4037 2823 docendo
4066 2756 4385 2840 proficere
4416 2755 4582 2841 apud

2633 2862 2878 2923 caecos,
2915 2842 3149 2910 surdos
3185 2851 3255 2910 et
3286 2843 3578 2910 rebelles.
3653 2848 3803 2923 [pag.
3840 2847 3994 2923 228]
4023 2840 4339 2908 Ostendit
4367 2843 4581 2927 igitur,

2633 2951 2770 2995 non
2813 2928 3008 2997 aliter
3047 2930 3448 2997 fructuosam
3492 2950 3634 2996 esse
3676 2928 4060 3006 doctrinam,
4104 2927 4238 3012 nisi
4279 2948 4484 3012 quum
4521 2935 4584 2992 et

2632 3014 2859 3080 lumen
2913 3014 3390 3100 intelligentiae
3446 3022 3515 3079 et
3568 3014 3977 3081 obedientiae
4024 3013 4299 3079 affectus
4354 3034 4395 3079 a
4441 3011 4578 3078 Deo

2635 3099 2848 3166 datur.
2939 3101 3157 3184 Atque
3194 3100 3326 3170 huc
3368 3101 3678 3185 pertinet,
3724 3098 3896 3184 quod
3940 3119 4025 3164 ex
4065 3097 4284 3164 Iesaia
4325 3098 4579 3165 adducit

2633 3186 3109 3252 testimonium:
3144 3185 3397 3252 Omnes
3431 3187 3570 3252 fore
3608 3208 3649 3252 a
3678 3186 3824 3252 Deo
3855 3183 4079 3250 doctos
4114 3184 4272 3268 (Ies.
4315 3190 4415 3264 54,
4457 3187 4578 3268 13).

2635 3270 2985 3356 Significat
3046 3272 3227 3336 enim
3295 3292 3374 3336 eo
3440 3271 3580 3337 loco
3643 3272 3996 3356 propheta,
4061 3268 4394 3354 peculiare
4449 3290 4584 3336 esse

2634 3356 2971 3422 doctrinae
3003 3377 3235 3442 genus,
3279 3378 3408 3440 quo
3441 3357 3771 3423 Dominus
3805 3356 4042 3423 electos
4073 3376 4227 3421 suos
4260 3353 4582 3441 dignetur.

2631 3443 2977 3508 Docentur
3041 3443 3222 3508 enim
3286 3451 3356 3507 et
3411 3443 3631 3527 impii,
3694 3443 3811 3508 sed
3867 3440 3996 3506 alio
4060 3440 4282 3506 modo:
4350 3461 4584 3525 nempe

2632 3535 2893 3594 tantum
2906 3578 2924 3606 ,
2995 3537 3073 3592 ut
3124 3528 3205 3594 ab
3260 3527 3524 3594 homine
3577 3527 3884 3606 audiant,
3949 3547 4080 3591 non
4134 3533 4363 3591 autem
4421 3535 4497 3592 ut
4545 3548 4584 3592 a

2631 3614 2778 3679 Deo
2820 3612 3093 3680 discant.
3158 3614 3417 3679 Verum
3459 3622 3534 3678 ιιι
3566 3613 3777 3693 aliter,
3820 3631 4019 3697 quam
4053 3612 4355 3688 sentiam,
4399 3633 4586 3697 posse

2631 3698 2917 3783 intelligi
2961 3698 3210 3765 Christi
3251 3699 3453 3766 verba
3495 3700 3760 3766 evincat
3776 3749 3791 3775 ,
3836 3696 4072 3783 Cyrilli
4112 3699 4584 3781 expositionem

2631 3785 2884 3869 profert
2926 3806 2967 3850 a
3007 3805 3158 3885 mea
3191 3784 3539 3885 diversam.
3630 3782 3840 3884 Quasi
3881 3804 4042 3884 vero
4056 3784 4393 3935 (fn-tium
4434 3804 4584 3885 con-

2630 3877 2978 4039 testat
3028 3868 4583 4054 ttgdpssffiaoessffiffissst.btffflx⁵.gzhtf

2632 4061 2824 4118 num,
2885 4041 3054 4107 sicut
3094 4051 3231 4107 tem
3315 4063 3387 4106 re
3404 4092 3422 4119 ,
3475 4043 3570 4107 ita
3623 4051 3689 4107 et
3730 4040 4002 4125 reliqms
4043 4039 4346 4105 omnibus
4389 4039 4579 4106 rebus

2634 4127 3035 4210 superiorem
3080 4125 3242 4210 Cyri
3293 4147 3362 4192 o:
3417 4127 3528 4209 qui
3583 4128 3849 4193 omnino
3902 4138 4105 4210 negat
4156 4124 4351 4191 aliter
4393 4145 4579 4209 posse

2633 4211 2856 4296 accipi.
2934 4210 3070 4278 Sed
3114 4232 3223 4277 res
3264 4213 3286 4276 i
3334 4234 3410 4278 sa
3452 4220 3520 4278 et
3563 4214 3810 4279 veritas
3850 4213 4041 4278 nobis
4082 4210 4167 4276 ad
4209 4210 4574 4277 faciendam

2634 4296 2833 4363 fidem
2877 4298 3177 4364 sufficiat.
3320 4298 3434 4363 ine
3476 4299 3859 4383 exceptione
3901 4318 4157 4376 omnes,
4200 4297 4319 4380 qui
4360 4295 4580 4362 audie-

2632 4384 2770 4448 rint
2821 4402 2897 4449 ac
2952 4381 3302 4450 didicerint
3355 4404 3396 4449 a
3450 4393 3670 4467 patre,
3736 4383 4045 4450 Christus
4098 4380 4182 4447 ad
4237 4402 4311 4446 se
4353 4382 4582 4449 venire

2633 4474 2934 4534 testatur.
2998 4467 3165 4536 Inde
3206 4469 3537 4535 efficacem
3566 4490 3711 4536 esse
3751 4468 4117 4535 doctrinam
4155 4466 4410 4552 colligo,
4452 4487 4584 4550 qua

2632 4553 2963 4620 Dominus
3004 4576 3124 4638 per
3165 4555 3471 4638 spiritum
3505 4575 3699 4620 suum
3742 4556 3922 4621 intus
3954 4574 4076 4619 nos
4117 4551 4355 4618 erudit.
4420 4553 4584 4619 Τοι-

2633 4639 3010 4725 giversatur
3043 4640 3342 4725 Pighius,
3388 4639 3553 4706 illud
3584 4639 3852 4719 discere,
3896 4641 3968 4706 in
3998 4637 4319 4705 electione
4360 4646 4588 4705 nostra

2634 4745 2778 4790 esse
2843 4726 3064 4790 situm.
3152 4726 3321 4794 Dico
3379 4725 3451 4791 id
3504 4727 3773 4792 omnino
3839 4747 3990 4793 cum
4044 4724 4301 4790 Christi
4363 4734 4587 4790 mente

2633 4831 2958 4910 pugnare:
3003 4832 3126 4911 nec
3171 4810 3351 4877 aliud
3382 4809 3524 4876 dico
3537 4863 3552 4886 ,
3608 4832 3805 4895 quam
3841 4810 4028 4912 quod⁴
4046 4808 4396 4909 evidenter
4433 4830 4588 4911 per-

2635 4917 2902 5048 am
2930 4898 3447 5069 ww?
3472 4895 3713 5068 ιιι
3750 4895 4590 5080 {amamus

2636 5073 2864 5134 tamen
3050 5069 3063 5083 '
3120 5068 3241 5136 us?
3330 5068 3485 5135 Non
3527 5070 3596 5134 vi
3639 5068 3817 5153 cogi,
3862 5070 3975 5168 qui
4016 5067 4328 5134 trahitur.

2635 5152 2954 5220 reclamat
3090 5155 3419 5240 Adiungit
3469 5161 3696 5238 postea
3737 5152 3819 5221 de
3858 5153 4065 5220 hbero
4109 5151 4380 5219 arbitrio
4421 5150 4590 5217 alte-
