4967 5992
602 369 727 432 255

1025 585 1126 651 IN
1172 583 1688 651 SECUNDUM
1731 582 2122 649 LIBRUM.

769 724 969 789 Initio
1026 720 1295 787 secundi
1355 720 1506 785 libri
1561 738 1789 784 omnes
1843 718 2184 785 facundiae
2238 740 2395 785 suae
2452 740 2559 785 co·

596 813 739 896 pias
784 807 1085 892 explicat.
1175 806 1503 871 Versatur
1546 806 1723 869 enim
1765 806 1835 869 in
1880 825 2077 870 causa
2118 804 2440 889 populari,
2485 804 2559 868 in

597 918 728 981 qua
781 893 1215 980 plausibiliter
1268 891 1442 974 apud
1496 891 1737 973 vulgus
1792 890 2136 956 hominum
2190 892 2432 957 iactare
2490 911 2559 955 se

596 990 829 1068 potest.
919 981 1018 1045 Ac
1072 979 1356 1061 primum
1413 975 1677 1063 quidem
1742 977 1836 1039 ita
1899 997 2057 1058 prae
2123 975 2561 1040 admiratione

598 1070 789 1134 obstu
840 1067 1030 1144 escit,
1084 1070 1164 1128 ut
1203 1063 1423 1145 ipsum
1468 1062 1646 1126 dicas
1686 1060 1927 1126 Niobes
1970 1082 2166 1145 agere
2211 1081 2561 1144 personam

597 1155 672 1219 in
724 1154 789 1233 fa
835 1151 964 1216 ula.
1054 1149 1244 1214 Haec
1302 1154 1524 1212 autem
1579 1147 1869 1229 stuporis
1918 1168 2139 1224 causa,
2197 1167 2318 1211 nos
2374 1151 2563 1210 tanta

598 1239 956 1322 vertigine,
1022 1234 1368 1311 caecitate,
1436 1233 1728 1297 amentia
1790 1253 2136 1315 percussos
2200 1253 2378 1310 esse,
2445 1231 2561 1314 qui

598 1323 837 1408 dogma
892 1323 1016 1388 hoc
1061 1320 1141 1385 de
1185 1340 1311 1402 quo
1368 1325 1637 1396 tractat,
1695 1318 1982 1400 amplexi
2036 1318 2354 1383 fuerimus
2408 1316 2561 1401 plus

596 1431 795 1494 quam
821 1406 1163 1474 evidenter
1185 1404 1443 1483 falsum,
1480 1402 1864 1467 mortalium
1900 1404 2194 1467 omnium
2233 1400 2558 1482 concordi,

600 1517 640 1561 a
692 1492 925 1560 mundi
992 1491 1350 1568 creatione,
1403 1510 1603 1553 sensu
1660 1500 1727 1553 et
1780 1508 2101 1554 consensu
2156 1488 2559 1567 damnatum,

599 1582 695 1646 sic
738 1581 810 1644 in
853 1578 1077 1643 Deum
1121 1574 1610 1659 blasphemum,
1669 1580 1748 1637 ut
1789 1572 1953 1637 nihil
1996 1593 2211 1656 supra.
2301 1571 2562 1638 Deinde

599 1688 686 1732 ne
726 1665 871 1731 sine
907 1664 1170 1744 ,ratione
1214 1661 1510 1725 insanire
1545 1659 1864 1736 videatur,
1909 1659 2154 1724 multas
2190 1658 2562 1725 absurditan

597 1751 698 1817 tes
741 1755 1105 1826 enumerat,
1150 1766 1311 1829 quas
1354 1745 1427 1808 in
1470 1766 1545 1810 eo
1589 1744 1915 1810 contineri
1959 1753 2163 1826 putat.
2232 1743 2559 1826 Equidem

597 1838 963 1921 ingenuum
1009 1831 1463 1898 adversarium
1505 1830 1673 1894 mihi
1717 1836 2030 1912 optarem,
2077 1831 2190 1911 qui
2231 1851 2337 1895 me
2381 1828 2564 1894 omni

601 1944 685 1988 ex
741 1929 929 2004 parte
994 1917 1495 2003 aggrederetur,
1564 1913 1680 1980 sed
1736 1936 1871 1980 non
1923 1934 2113 1980 caeco
2170 1923 2239 1980 et
2296 1916 2562 1980 confuso

601 2006 850 2091 praelio
895 2006 1228 2070 obrueret:
1287 2004 1457 2068 sicut
1495 2000 1604 2067 hic
1647 2002 1834 2079 facit,
1894 2002 2010 2083 qui
2055 2000 2219 2066 duas
2263 2000 2562 2066 diversas

601 2091 1018 2176 quaestiones
1073 2090 1182 2154 ubi
1236 2108 1530 2153 seorsum
1583 2086 1907 2152 discutere
1961 2086 2328 2170 proposuit,
2385 2107 2563 2151 nunc

602 2176 800 2244 simul
861 2175 1251 2240 commiscet.
1354 2171 1432 2238 Si
1497 2172 1602 2238 vel
1668 2172 1957 2255 cogitare
2022 2172 2383 2254 quidquam
2449 2178 2565 2235 aut

599 2263 754 2329 boni
799 2269 916 2328 aut
957 2260 1144 2339 mali,
1192 2260 1436 2342 inquit,
1484 2257 1554 2322 in
1597 2258 1847 2323 nullius
1891 2263 2216 2341 potestate
2260 2264 2386 2334 est,
2447 2255 2563 2322 sed

602 2349 903 2416 absoluta
956 2346 1347 2412 necessitate
1411 2345 1589 2409 fiunt
1647 2344 1869 2407 omnia
1936 2343 2148 2426 (atqui
2206 2343 2286 2408 de
2342 2343 2564 2425 provi-

601 2434 825 2501 dentia
879 2433 1039 2510 Dei,
1106 2430 1282 2496 unde
1347 2429 1508 2495 haec
1563 2429 1920 2493 necessitas
1957 2427 2338 2511 dependet,
2406 2427 2564 2492 alibi

599 2528 888 2586 tractare
929 2518 1249 2595 instituit,
1305 2535 1427 2579 nec
1482 2512 1660 2578 aliud
1705 2514 1844 2596 agit
1886 2520 2171 2596 quatuor
2212 2512 2563 2596 postremis

600 2605 843 2688 libris),
897 2624 1015 2670 cur
1053 2603 1227 2666 hanc
1251 2619 1409 2683 ergo
1454 2599 1904 2680 quaestionem
1947 2620 2123 2664 nunc
2168 2618 2318 2662 cum
2357 2599 2565 2663 altera

606 2688 988 2757 confundit?
1057 2688 1257 2752 Dicat
1289 2682 1603 2767 quidquid
1640 2683 1855 2758 habet,
1898 2683 2097 2748 etiam
2132 2684 2190 2748 si
2225 2684 2565 2748 infirmum

610 2778 728 2854 sit,
785 2775 986 2839 etiam
1046 2773 1103 2836 si
1156 2769 1501 2846 frivolum,
1552 2768 1745 2833 modo
1796 2769 1868 2832 in
1923 2789 2055 2833 uno
2112 2767 2331 2850 aliquo
2386 2778 2566 2833 statu

608 2866 897 2937 maneat,
941 2858 1170 2940 patiar.
1260 2855 1455 2919 Nunc
1511 2861 1734 2917 autem
1780 2874 1983 2935 quum
2037 2852 2198 2919 duas
2241 2855 2565 2936 quaestio-

610 2967 730 3010 nes
793 2945 865 3008 in
921 2940 1216 3008 medium
1275 2939 1652 3023 protulerit,
1721 2939 1802 3004 de
1867 2945 2145 3021 utraque
2210 2941 2568 3023 separatim

612 3030 946 3096 dicturum
989 3049 1060 3093 86
1109 3026 1453 3108 receperit,
1514 3045 1636 3090 cur
1672 3024 1744 3088 in
1799 3044 1920 3107 pro
2004 3045 2153 3089 essu
2196 3045 2333 3089 non
2377 3046 2569 3108 prae-

612 3124 772 3194 stat,
829 3135 1029 3197 quam
1087 3111 1290 3178 semel
1346 3109 1527 3175 dedit
1578 3107 1823 3174 fidem?
1916 3046 2144 3190 &imm
2197 3109 2437 3193 ubique
2497 3132 2568 3176 se

607 3202 835 3279 iactet,
895 3198 1140 3264 bonum
1197 3217 1342 3262 esse
1385 3195 1725 3280 digerendi
1772 3195 2118 3275 artificem,
2175 3217 2308 3261 non
2360 3196 2568 3261 audeo

606 3284 974 3370 imperitiae
1012 3289 1161 3364 [pag.
1201 3288 1307 3361 32]
1344 3281 1486 3347 eius
1521 3280 1590 3344 id
1626 3282 1934 3360 tribuere,
1980 3281 2095 3346 sed
2132 3289 2281 3356 astu
2317 3303 2391 3347 ac
2426 3302 2567 3346 ma-

608 3373 755 3438 litia
807 3372 952 3436 fieri
1009 3389 1311 3455 agnosco.
1403 3366 1735 3448 Quoniam
1794 3368 1971 3432 enim
2013 3367 2210 3446 illud,
2260 3367 2431 3450 quod
2486 3367 2568 3433 de

610 3457 911 3524 absoluta
974 3454 1359 3522 necessitate
1424 3475 1509 3519 ex
1572 3453 1874 3518 Luthero
1939 3452 2206 3518 adducit
2222 3504 2236 3532 ,
2303 3452 2569 3518 videbat

609 3543 943 3610 communi
985 3541 1328 3606 hominum
1369 3539 1878 3623 apprehensioni
1933 3539 2153 3603 minus
2210 3558 2354 3603 esse
2410 3559 2565 3603 con-

610 3635 1002 3694 sentaneum
1016 3679 1033 3706 ,
1089 3627 1215 3692 hoc
1269 3645 1526 3709 quoque
1582 3624 2175 3707 auspicatissimum
2220 3623 2566 3688 exordium

610 3715 750 3779 fore
793 3713 1067 3795 putavit,
1118 3713 1193 3776 in
1236 3732 1363 3794 quo
1407 3730 1673 3775 sensum
1718 3710 1938 3775 carnis
1981 3707 2108 3774 sibi
2149 3709 2565 3774 consentien-

610 3807 748 3865 tem
789 3798 1081 3876 haberet,
1126 3819 1166 3861 a
1209 3796 1495 3861 Lutheri
1534 3817 1695 3861 vero
1739 3793 2037 3860 doctrina
2080 3792 2562 3860 abhorrentem.

609 3885 849 3967 Itaque
903 3890 1115 3948 totum
1172 3882 1386 3948 locum
1429 3880 1511 3945 de
1554 3890 1834 3945 naturae
1888 3879 2332 3962 corruptione,
2378 3881 2568 3945 velut

608 3969 950 4054 scopulum
997 3968 1298 4050 aliquem,
1342 3966 1539 4050 fugit:
1586 3972 1656 4029 61
1694 3986 1898 4047 quum
1937 3965 2018 4030 ab
2056 3966 2369 4031 orationis
2406 3986 2567 4049 quo-

609 4078 737 4140 que
782 4075 939 4121 suae
982 4059 1295 4118 contextu
1349 4050 1505 4116 illuc
1560 4050 1826 4115 ducitur
1881 4060 1998 4115 aut
2049 4050 2365 4130 trahitur,
2422 4073 2567 4117 sae-

606 4143 759 4226 pius
803 4140 1117 4206 declinat:
1164 4136 1336 4221 quod
1380 4157 1569 4202 suam
1612 4156 1876 4201 causam
1912 4136 2170 4201 noverit
2211 4137 2278 4200 in
2323 4157 2400 4201 eo
2443 4138 2567 4201 mi-

608 4250 735 4293 nus
768 4227 908 4291 fore
928 4225 1132 4310 vulgo
1165 4222 1612 4301 favorabilem,
1649 4241 1844 4304 quam
1881 4220 2040 4285 dum
2073 4221 2354 4286 alterum
2388 4220 2570 4287 istud

604 4335 686 4379 ur
732 4320 815 4377 et.

686 4335 732 4397 g
775 4396 1084 4482 Agedum
1126 4414 1314 4463 vero:
1361 4392 1621 4477 quando
1659 4393 1752 4457 sic
1787 4390 2164 4458 adversario
2203 4392 2436 4475 placet,
2483 4393 2567 4458 de

604 4489 883 4565 utroque
942 4480 1140 4546 simul
1206 4477 1740 4563 respondeamus.
1829 4476 2133 4542 Primum
2195 4478 2402 4562 igitur
2459 4500 2567 4543 ar-

606 4573 992 4651 gumentum
1035 4575 1165 4631 est:
1212 4564 1284 4633 Si
1334 4565 1501 4631 nihil
1545 4564 1699 4629 boni
1742 4569 1858 4629 aut
1892 4562 2052 4627 mali
2086 4564 2395 4647 cogitare,
2441 4586 2566 4631 nec

604 4652 749 4718 vias
802 4658 1062 4716 nostras
1122 4659 1236 4717 aut
1288 4650 1494 4716 bonas
1536 4656 1653 4715 aut
1693 4649 1903 4714 malas
1946 4646 2292 4731 disponere
2330 4670 2564 4733 possu-

606 4757 788 4814 mus,
846 4735 959 4801 sed
1014 4738 1235 4802 omnia
1285 4737 1357 4801 in
1401 4736 1532 4801 Dei
1585 4742 1744 4801 sunt
1793 4741 2143 4818 potestate,
2203 4735 2566 4801 secundum

606 4843 808 4906 quam
844 4821 1208 4887 necessario
1243 4823 1578 4900 eveniunt,
1615 4842 1731 4887 cur
1753 4840 1891 4885 non
1925 4819 2269 4886 stertimus
2303 4840 2379 4886 ac
2414 4821 2565 4886 dor-

607 4908 853 4972 mimus
914 4926 998 4988 pe
1080 4905 1276 4971 etue?
1366 4905 1545 4987 Quid
1599 4905 1888 4990 agricola
1940 4906 2012 4969 in
2066 4906 2392 4985 aratione,
2460 4928 2565 4972 88-

609 4994 816 5072 110116,
874 4990 1050 5090 frugi
1097 5012 1175 5056 us
1229 4989 1611 5073 colligendis
1663 4988 1824 5056 adeo
1878 4990 2114 5056 sudat?
2206 4989 2348 5057 Our
2390 5013 2564 5057 mer-

607 5084 790 5145 cator
830 5076 1048 5161 longis
1091 5077 1434 5141 itineribus
1477 5097 1553 5141 86
1595 5075 1977 5160 periculosis
2030 5076 2565 5159 navigationibus

607 5185 680 5230 se
722 5160 1117 5229 committit?
1205 5160 1348 5228 Gur
1386 5161 1560 5244 frugi
1601 5160 2074 5244 paterfamilias
2115 5160 2355 5227 liberos
2397 5161 2564 5229 bene

606 5248 690 5316 ad
743 5250 1063 5316 virtutem
1119 5253 1188 5313 et
1241 5246 1550 5313 honestos
1615 5263 1833 5309 mores
1897 5243 2267 5311 educandos
2329 5249 2560 5313 curat?

1909 357 2439 428 RESPONSIO
2483 357 2864 426 CONTRA
2904 356 3322 424 PIGHIUM

4492 359 4615 423 256

2664 545 2845 627 Quid
2891 545 3074 629 aegri
3114 542 3440 612 medicum
3495 545 3927 611 accersimus?
4019 545 4205 610 Nihil
4257 545 4439 612 enim
4490 545 4619 611 sol-

2662 631 3038 708 licitudine,
3100 631 3456 708 industria,
3517 630 3864 696 sedulitate
3920 633 4276 713 proficitur.
4368 630 4448 697 Si
4505 654 4617 698 ex-

2665 724 2919 800 spectat
2971 717 3281 800 Pighius,
3348 715 3507 780 dum
3569 736 3813 782 novam
3873 718 4367 800 responsionem
4421 739 4619 785 excu-

2665 801 2835 880 dam,
2880 802 3159 867 fallitur:
3213 801 3329 867 sed
3373 809 3638 866 tantum
3682 823 3766 867 ex
3810 802 4236 867 Institutione
4277 823 4431 869 mea
4472 824 4621 867 11111-

2665 888 2917 966 tuabor,
2964 887 3135 970 quod
3180 887 3486 953 solutioni
3530 888 3692 953 satis
3734 888 3837 952 sit.
3926 888 4031 952 Ea
4085 887 4179 953 sic
4232 887 4462 954 habet:
4507 888 4626 953 In-

2665 973 3003 1051 dustriam‚
3052 974 3494 1057 cogitationes,
3541 972 3830 1052 consilia,
3876 973 4094 1038 studia
4136 974 4482 1039 hominum
4528 976 4627 1039 fa-

2665 1059 2788 1124 cile
2840 1079 2991 1124 cum
3036 1059 3168 1123 Dei
3227 1057 3640 1141 providentia
3692 1058 4001 1129 conciliat
4055 1058 4341 1125 Salomo.
4433 1058 4630 1126 Sicut

2666 1145 2844 1210 enim
2906 1166 3133 1209 eorum
3198 1144 3629 1211 stoliditatem
3692 1144 3893 1224 ridet,
3960 1145 4074 1227 qui
4135 1144 4278 1210 sine
4334 1145 4628 1211 Domino

2667 1229 2933 1313 quidvis
2976 1229 3292 1295 audacter
3335 1231 3728 1313 suscipiunt,
3786 1251 3863 1297 ac
3915 1231 3972 1296 si
4031 1231 4174 1296 eius
4228 1250 4434 1294 manu
4488 1250 4629 1296 non

2666 1323 3082 1399 regerentur,
3152 1316 3248 1380 ita
3313 1316 3468 1380 alibi
3532 1316 3627 1380 sic
3686 1314 4005 1398 loquitur:
4034 1317 4085 1401 ¹)
4149 1313 4284 1381 Gor
4334 1315 4628 1383 hominis

2665 1400 3012 1484 disponere
3070 1402 3245 1466 viam
3314 1421 3507 1466 suam
3573 1399 3794 1479 debet,
3863 1408 3931 1466 et
3993 1400 4319 1467 Dominus
4385 1401 4630 1551 (11τῦ61

2665 1508 2931 1571 gressus
2975 1487 3115 1552 eius
3161 1486 3383 1571 (Prov.
3431 1491 3527 1564 16,
3568 1489 3664 1568 9):
3723 1486 4105 1571 significans
4163 1489 4451 1553 aeternis
4567 1488 4629 1553 ei

2667 1572 2945 1638 decretis
3000 1593 3118 1638 nos
3174 1573 3447 1637 minime
3500 1570 3834 1654 impediri,
3889 1573 4241 1654 quominus
4300 1573 4424 1639 sub
4484 1574 4627 1638 eius

2665 1657 3006 1724 voluntate
3049 1665 3118 1723 et
3158 1657 3577 1723 consulamus
3620 1658 3828 1738 nobis,
3871 1665 3940 1722 et
3972 1659 4196 1723 omnia
4230 1665 4459 1723 nostra
4491 1658 4628 1725 dis·-

2662 1764 3032 1826 pensemus.
3099 1743 3329 1826 Neque
3371 1742 3436 1807 id
3483 1743 3834 1808 manifesta
3866 1753 4045 1809 caret
4079 1743 4350 1809 ratione.
4418 1744 4628 1810 Nam·

2667 1848 2799 1912 que
2840 1828 2898 1894 is
2934 1830 3047 1912 qui
3080 1830 3288 1896 vitam
3332 1835 3630 1894 nostram
3671 1828 3808 1894 suis
3853 1829 4157 1893 terminis
4202 1833 4352 1908 [pag.
4391 1834 4505 1909 33]
4550 1829 4628 1895 li·

2665 1914 2954 1993 mitavit,
3012 1916 3154 1980 eius
3208 1934 3436 1981 curam
3493 1913 3669 1997 apud
3726 1935 3845 1979 nos
3889 1913 4213 1998 deposuit:
4274 1916 4417 1981 eius
4472 1935 4629 1982 6011-

2668 2000 3035 2066 servandae
3078 2000 3441 2065 rationibus
3485 1998 3921 2083 subsidiisque
3963 2000 4307 2065 instruxit:
4367 2001 4629 2084 pericu·

2665 2086 2885 2150 lorum
2928 2106 3183 2169 quoque
3226 2087 3553 2168 praescios
3595 2086 3775 2163 fecit,
3822 2105 3907 2150 ne
3950 2086 4253 2151 1116811108
4295 2087 4627 2169 opprime-

2669 2178 2843 2236 rent:
2894 2173 3229 2238 cautiones
3273 2171 3552 2254 denique
3597 2192 3671 2236 ac
3715 2169 4008 2236 remedia
4039 2172 4385 2255 suggessit
4477 2172 4547 2237 N
4545 2193 4629 2237 011

2666 2277 2823 2339 ergo
2866 2256 3249 2338 expendunt
3290 2258 3506 2322 insani
3541 2258 3655 2321 isti
3689 2255 3865 2339 quod
3899 2262 4003 2322 est
4039 2257 4162 2321 sub
4199 2256 4426 2337 oculis,
4473 2278 4627 2325 oon-

2667 2341 2959 2408 sultandi
3024 2342 3425 2425 cavendique
3491 2351 3666 2409 artes
3732 2363 3876 2407 esse
3932 2342 4285 2426 inspiratas
4363 2364 4405 2408 a
4462 2344 4626 2422 Deo,

2666 2448 2787 2511 per
2829 2447 2995 2510 quas
3044 2429 3187 2494 eius
3239 2428 3692 2513 providentiae
3745 2427 4265 2507 subserviamus,
4323 2429 4395 2493 in
4450 2429 4628 2495 vitae

2666 2520 2930 2579 nostrae
2994 2515 3508 2580 conservatione.
3598 2512 4168 2595 Quemadmodum
4227 2521 4459 2579 contra
4512 2535 4628 2580 ne-

2667 2598 2888 2681 glectu
2931 2607 2999 2665 et
3040 2599 3351 2679 socordia,
3398 2620 3564 2683 quae
3607 2600 3796 2666 nobis
3838 2600 4128 2664 iniunxit
4166 2599 4361 2678 mala,
4409 2621 4630 2667 accer-

2668 2686 2890 2749 simus.
2981 2684 3117 2766 Qui
3167 2687 3245 2750 fit
3298 2687 3504 2765 enim,
3572 2695 3648 2750 ut
3705 2686 3811 2751 vir
3865 2684 4205 2768 providus,
4272 2685 4435 2750 dum
4505 2686 4629 2752 sibi

2668 2769 2972 2850 consulit,
3008 2772 3508 2837 imminentibus
3543 2771 3740 2836 etiam
3778 2771 3970 2836 malis
4006 2792 4076 2836 se
4112 2770 4424 2853 explicet:
4464 2772 4630 2836 stul-

2671 2865 2780 2920 tus
2822 2854 3197 2921 inconsulta
3240 2859 3610 2922 temeritate
3652 2856 3918 2939 pereat?
3964 2856 4094 2921 nisi
4136 2855 4307 2938 quod
4334 2855 4422 2921 ’61
4464 2857 4635 2928 81111-

2672 2940 2819 3004 titia
2890 2948 2958 3005 et
3009 2940 3363 3024 prudentia
3428 2942 3689 3008 divinae
3714 2961 3721 2968 ·
3746 2949 3904 3008 sunt
3945 2941 4474 3025 «dispensationis
4530 2944 4631 3007 in-

2671 3034 3037 3091 strumenta
3068 3028 3140 3090 in
3175 3037 3521 3111 utramque
3556 3035 3829 3110 partem.
3893 3027 4118 3092 Habet
4137 3026 4422 3111 Pighius
4458 3027 4637 3111 quod

2671 3113 3055 3194 quaerebat,
3102 3113 3211 3178 vel
3264 3114 3482 3196 potius
3526 3113 3698 3196 quod
3749 3133 3884 3182 non
3939 3113 4310 3195 quaerebat.
4400 3113 4637 3197 Neque

2673 3198 2848 3261 enim
2904 3198 3041 3262 ullo
3086 3200 3226 3265 veri
3281 3198 3639 3282 quaerendi
3696 3198 3914 3264 studio
3968 3206 4262 3277 tenetur,
4321 3200 4441 3280 qui
4496 3208 4637 3264 tam

2673 3283 2886 3347 clarae
2943 3293 3009 3347 et
3064 3285 3344 3368 simplici
3397 3284 3802 3369 responsioni
3860 3283 4021 3349 adeo
4078 3304 4213 3348 non
4257 3285 4637 3367 acquiescit,

2672 3376 2748 3432 ut
2791 3388 2870 3433 ea
2910 3367 3151 3449 audita,
3196 3370 3554 3453 quidquam
3598 3371 3721 3435 sibi
3766 3389 4154 3454 responsum
4196 3369 4400 3435 fuisse
4445 3370 4638 3439 dissi·

2670 3454 2897 3532 mulet,
2942 3464 3009 3519 et
3051 3456 3235 3538 quasi
3279 3457 3445 3521 nihil
3492 3455 3774 3521 audierit
3816 3455 4114 3522 cavillari
4157 3470 4410 3539 pergat..

2843 3538 3221 3606 Secundum
3267 3548 3760 3626 argumentum:
3817 3540 3961 3608 Gur
4001 3540 4323 3606 maleficia
4370 3540 4638 3627 legibus

2670 3625 3069 3707 puniuntur,
3127 3628 3184 3692 si
3234 3634 3707 3711 perpetrantur
3748 3625 4157 3694 necessario?
4247 3625 4391 3693 Cur
4434 3627 4644 3693 iudex

2668 3712 2740 3774 in
2786 3731 2941 3776 eum
2984 3712 3470 3794 animadvertit,
3512 3735 3634 3797 per
3675 3733 3873 3796 quem
3915 3720 4221 3797 operatus
4264 3721 4369 3778 est
4404 3712 4641 3781 Deus?

2668 3796 2898 3879 Neque
2941 3799 3121 3862 enim
3163 3799 3220 3863 si
3262 3797 3493 3865 caedes
3533 3799 3819 3865 admissa
3861 3799 4090 3878 fuerit,
4135 3798 4217 3863 de
4259 3796 4487 3882 gladio
4533 3823 4646 3868 su·

2669 3889 2888 3946 metur
2930 3883 3108 3947 ultio.
3197 3886 3404 3968 Atqui
3459 3887 3554 3951 sic
3597 3906 3669 3950 se
3712 3886 3962 3951 habent
3976 3937 3991 3964 ,
4037 3884 4340 3950 Luthero
4386 3892 4645 3967 autore,

2670 3967 2854 4050 impii
2896 3968 2969 4032 in
3011 3969 3365 4036 sceleribus
3400 3979 3700 4055 respectu
3734 3972 3881 4050 Dei,
3918 3979 3996 4036 ut
4028 3969 4288 4056 gladius
4321 3970 4395 4035 in
4429 3993 4650 4039 11181111

2672 4052 2973 4118 11011111118.
3077 4055 3496 4138 Respondeo,
3554 4058 3628 4121 in
3684 4057 3810 4122 hoc
3861 4057 4218 4123 consistere
4276 4056 4487 4125 huius
4530 4060 4650 4126 ob-

2669 4139 2820 4203 iecti
2863 4139 3280 4220 solutionem,
3339 4145 3392 4208 si
3438 4144 3584 4226 quis
3626 4144 3737 4226 pia
3790 4143 4139 4221 modestia,
4193 4150 4261 4206 et
4302 4163 4443 4208 non
4492 4166 4653 4228 pro-

2670 4225 2825 4289 fana
2876 4228 3286 4309 arrogantia,
3363 4228 3625 4294 divinae
3688 4228 4143 4313 providentiae
4196 4228 4509 4312 regimen
4578 4233 4653 4296 in

2670 4310 2868 4375 rebus
2919 4310 3228 4378 humanis
3282 4312 3663 4380 consideret.
3751 4315 3982 4399 Neque
4035 4314 4215 4379 enim
4269 4315 4367 4380 816
4408 4337 4654 4384 116668-

2672 4396 2846 4460 sario
2889 4417 3159 4479 peccare
3199 4399 3477 4466 dicimus
3518 4400 3789 4483 impiosg
3844 4401 4006 4482 quin
4049 4398 4427 4466 voluntaria
4479 4402 4657 4469 deli·

2670 4482 3023 4565 berataque
3067 4483 3317 4550 malitia
3352 4496 3638 4569 peccent.
3700 4486 4073 4552 Necessitas
4108 4484 4263 4551 inde
4299 4493 4421 4567 est,
4465 4487 4655 4572 quod

2670 4588 2835 4651 opus
2889 4589 3084 4633 suum
3137 4591 3256 4653 per
3308 4593 3416 4637 eos
3461 4570 3648 4637 Deus
3690 4574 4102 4655 exsequitur,
4157 4570 4335 4654 quod
4378 4585 4655 4641 certum

2671 4659 2773 4718 est
2812 4672 2888 4718 86
2938 4652 3186 4721 81811116.
3289 4658 3557 4722 Interea
3610 4667 3830 4723 tamen
3874 4678 4041 4741 quae
4096 4659 4166 4723 in
4208 4656 4347 4723 illis
4390 4660 4659 4727 residet

2669 4738 3125 4806 malefaciendi
3176 4743 3485 4809 voluntas
3550 4763 3626 4808 ac
3691 4744 4102 4828 propositum
4117 4794 4134 4823 ,
4198 4764 4349 4810 reos
4403 4747 4659 4832 culpae

2668 4825 2847 4907 ipsos
2889 4826 3060 4892 facit.
3149 4830 3356 4912 Atqui
3399 4829 3531 4895 huc
3574 4850 3614 4894 a
3654 4829 3802 4895 Deo
3858 4838 4152 4913 aguntur
4192 4836 4261 4894 et
4303 4830 4653 4900 feruntur.

2669 4910 2923 4995 Nempe
2966 4913 3038 4977 in
3075 4933 3227 4980 eum
3269 4913 3570 4995 modum,
3624 4923 3699 4980 ut
3739 4916 3812 4980 111
3856 4935 3989 4981 11110
4005 4917 4065 5001 ²)
4131 4936 4330 4999 opere
4375 4918 4526 4985 alia
4570 4920 4663 4987 sit

2809 5063 2868 5130 1)
2905 5065 2984 5118 ita
3017 5066 3146 5121 alibi
3180 5068 3258 5123 sic
3293 5068 3348 5121 lo

2667 5132 2834 5199 paulo
2869 5140 2999 5214 pos-t
3033 5133 3198 5202 addit,
3237 5084 3385 5189 157&l

2666 5198 3461 5336 mumugaalplurgroem’
3497 5213 3740 5262 caeterae
3774 5207 4000 5262 habent.-
4034 5208 4175 5262 ineo
4212 5222 4403 5277 opere,
4445 5214 4668 5281 qut-'bn

3387 5069 3535 5208 1ῗὲιαῖ
3568 5066 3721 5123 1543.
3758 5067 3895 5123 1552
3939 5075 3992 5124 et
4033 5069 4210 5125 versio
4250 5071 4490 5140 aenaea.
4567 5075 4665 5131 Ita
