4967 5992
627 337 756 402 259

799 520 1082 588 Sextum
1135 529 1626 605 argumentum:
1696 518 1893 602 Quod
1955 520 2335 588 universam
2391 524 2590 582 natu-

625 627 771 674 ram
827 607 1245 672 damnamus:
1313 608 1466 688 quia
1523 612 1739 673 totum
1793 602 1967 690 quod
2041 605 2239 670 habet
2300 603 2496 669 homo
2552 621 2591 666 a

626 704 866 758 natura
909 692 1218 758 vitiosum
1263 690 1558 758 dicimus.
1647 693 1914 758 Novum
1960 690 2086 757 hoc
2128 711 2262 755 non
2306 709 2467 767 esse,
2513 695 2591 753 ut

620 778 875 844 lateant
919 778 1172 859 gratiae
1222 776 1474 844 inimici
1517 779 1639 843 sub
1683 776 1880 843 laude
1934 783 2212 841 naturae
2255 774 2442 840 testis
2485 780 2591 839 est

621 864 1057 947 Augustinus.
1088 864 1138 946 ¹)
1237 862 1340 927 Ne
1391 869 1617 929 tamen
1668 860 1738 927 id
1801 860 2172 928 declinandi
2236 881 2438 926 causa
2490 859 2588 923 fa-

623 969 772 1016 cere
815 948 1065 1028 videar,
1109 947 1487 1032 respondeo,
1533 957 1602 1015 et
1626 948 2022 1027 Lutherum,
2068 955 2138 1013 et
2179 966 2304 1011 nos
2337 965 2587 1024 omnes,

625 1034 955 1118 duplicem
1012 1036 1412 1100 constituere
1477 1042 1813 1099 naturam:
1883 1033 2166 1117 priorem
2184 1084 2199 1110 ,
2269 1031 2480 1115 qualis
2547 1051 2589 1096 a

626 1121 772 1185 Deo
813 1118 1074 1186 condita
1115 1120 1360 1198 fuerat,
1405 1139 1602 1202 quam
1647 1140 1882 1203 puram
1948 1123 2096 1198 [pag.
2135 1123 2267 1197 37]¹
2302 1125 2371 1182 et
2413 1117 2585 1181 inte-

625 1218 814 1290 gram
871 1206 1155 1270 fatemur
1209 1205 1440 1285 fuisse;
1497 1206 1774 1270 alteram
1826 1224 1994 1287 quae
2049 1204 2242 1286 lapsu
2298 1202 2586 1268 hominis

623 1291 883 1370 vitiata,
939 1310 1126 1354 suam
1182 1291 1634 1374 integritatem
1675 1289 1978 1373 perdidit.
2067 1288 2290 1353 Huius
2333 1288 2586 1354 vitiosi·

621 1377 778 1441 tatis
841 1375 1105 1458 culpam
1167 1375 1422 1440 homini
1473 1377 1862 1454 tribuimus,
1928 1395 2064 1440 non
2117 1375 2459 1439 referimus
2516 1374 2586 1438 in

623 1461 860 1527 Deum.
951 1461 1146 1526 Hanc
1190 1458 1559 1527 doctrinam
1602 1464 1658 1526 si
1699 1461 2028 1544 improbat
2066 1460 2378 1543 Pighius,
2434 1479 2586 1538 cum

626 1546 923 1630 apostolo
966 1545 1357 1628 expostulet,
1401 1548 1514 1629 qui
1557 1547 1833 1612 totidem
1875 1566 2078 1629 prope
2113 1545 2332 1611 verbis
2375 1545 2442 1609 id
2485 1546 2588 1627 ip-

625 1652 773 1696 sum
816 1631 1020 1696 tradit
1072 1632 1292 1714 (Rom.
1333 1637 1392 1711 8,
1431 1631 1564 1717 22).
1658 1633 1800 1698 Aut
1840 1633 1897 1697 si
1939 1631 2144 1710 malit,
2189 1652 2274 1696 ex
2318 1630 2589 1714 Augus-

626 1718 752 1781 tini
795 1738 907 1782 ore
949 1715 1489 1801 respondebimus
1502 1770 1519 1798 ,
1584 1716 1759 1801 quod
1809 1715 1978 1783 libro
2033 1715 2119 1782 ad
2171 1716 2588 1781 Bonifacium

625 1803 838 1885 primo
880 1800 1191 1866 habetur:
1229 1802 1529 1869 homines
1571 1826 1713 1870 esse
1748 1823 1914 1886 opus
1956 1803 2102 1882 Dei,
2148 1802 2219 1865 in
2262 1811 2589 1885 quantum

627 1888 934 1951 homines
969 1896 1148 1966 sunt,
1193 1887 1307 1953 sed
1335 1890 1457 1954 sub
1493 1888 1748 1954 diabolo
1785 1909 1946 1968 esse,
1982 1889 2055 1952 in
2080 1895 2400 1970 quantum
2435 1906 2589 1970 pec-

629 1979 882 2038 catores
926 1980 1099 2051 sunt,
1147 1974 1276 2038 nisi
1317 1973 1473 2039 inde
1513 1995 1634 2058 per
1677 1974 2017 2040 Christum
2054 1980 2388 2038 eruantur.
2408 1973 2468 2057 ²)
2522 1973 2590 2037 A

628 2056 776 2122 Deo
817 2058 1019 2141 igitur
1063 2059 1231 2137 boni,
1278 2081 1317 2123 a
1359 2081 1430 2124 se
1470 2061 1633 2143 ipsis
1671 2059 1830 2124 mali
1872 2067 2043 2125 sunt.

799 2142 932 2207 Hic
973 2153 1235 2227 rogatos
1277 2145 1518 2209 iterum
1573 2145 1775 2210 velim
1826 2145 2100 2211 lectores
2143 2151 2218 2208 ut
2268 2143 2587 2209 memine-

625 2228 783 2306 rint,
820 2249 925 2293 me
965 2229 1259 2294 nondum
1303 2252 1386 2295 ex
1430 2231 1736 2296 instituto
1780 2231 1901 2295 has
1953 2229 2371 2313 quaestiones
2412 2235 2588 2294 trac-

624 2323 784 2392 tare,
829 2313 944 2379 sed
987 2321 1243 2379 tantum
1289 2316 1577 2380 breviter
1628 2336 1969 2382 occurrere
2011 2315 2292 2381 astutiae
2326 2313 2585 2398 Pighii:

624 2399 739 2481 qui
784 2399 920 2464 suis
976 2400 1321 2466 calumniis
1373 2422 1642 2467 exosam
1691 2402 2067 2467 hominibus
2138 2398 2414 2465 reddere
2470 2421 2588 2465 vo·-

625 2483 749 2549 luit
791 2492 1082 2550 nostram
1129 2485 1526 2566 doctrinam,
1584 2495 1938 2569 antequam
1979 2486 2061 2551 de
2103 2506 2182 2550 ea
2238 2505 2587 2569 cognosce-

621 2577 773 2634 rent
783 2592 801 2648 ;
854 2580 921 2635 et
975 2572 1159 2653 quasi
1207 2580 1678 2654 praeoccupato
1735 2573 1963 2637 limine
2016 2572 2194 2654 ipsos
2247 2571 2586 2654 impedire,

621 2676 707 2720 ne
735 2655 820 2719 ad
843 2676 988 2720 eam
1011 2676 1218 2756 usque
1252 2655 1767 2757 cognoscendam
1810 2656 2334 2742 ingrederentur.
2392 2655 2589 2737 Quod

619 2741 1925 2909 iffimn‘ssssrssffinsssspissssgssffhssffi
1932 2741 2585 2906 ἒῗοῖἒίἳῗωωθξοῗ

621 2909 768 2975 silio
820 2910 1065 2974 factum
1120 2921 1250 2989 est,
1307 2934 1392 2977 ne
1460 2934 1663 2995 quum
1713 2914 2016 2997 proprius
2064 2914 2244 2979 locus
2305 2913 2583 2992 venerit,

623 3000 740 3057 aut
778 2995 1112 3061 remittere
1158 2998 1286 3064 huc
1329 2998 1633 3064 lectorem
1680 3020 1967 3083 cogerer,
2012 3006 2127 3063 aut
2160 2999 2586 3082 supervacuis

623 3079 1121 3162 repetitionibus
1163 3084 1411 3149 frustra
1454 3105 1744 3151 onerare.
1836 3084 2028 3167 Quod
2072 3091 2296 3149 autem
2340 3084 2423 3149 ad
2468 3104 2584 3149 ex·

622 3172 908 3230 tremum
960 3173 1170 3233 totam
1212 3169 1341 3235 Dei
1385 3169 1777 3249 doctrinam,
1815 3170 2137 3235 adductus
2177 3171 2395 3235 nescio
2438 3171 2584 3253 qui-

621 3251 745 3316 bus
788 3251 1114 3319 similibus
1159 3253 1627 3334 dissimillimis,
1671 3257 1809 3322 fore
1850 3256 2200 3323 ridiculam
2240 3255 2479 3336 obiicit,
2527 3256 2582 3322 si

621 3334 703 3401 do
822 3338 912 3402 ati
956 3348 1183 3404 nostro
1226 3340 1408 3406 locus
1452 3342 1665 3421 detur,
1711 3342 1876 3406 nihil
1923 3340 2104 3407 aliud
2139 3342 2301 3422 dico,
2338 3343 2468 3407 nisi
2511 3342 2582 3407 in

619 3357 828 3487 τήξιῑιῐὲ
871 3424 1091 3490 verbis
1135 3427 1431 3491 omnium
1473 3426 1741 3493 brevem
1784 3437 1853 3493 et
1893 3427 2268 3511 expeditam
2309 3427 2582 3493 solutio-

615 3526 774 3573 nem
840 3529 982 3575 esse
1044 3512 1353 3594 positam:
1419 3533 1675 3596 nempe,
1753 3515 1808 3580 si
1873 3514 2337 3597 expendimus,
2403 3513 2580 3593 hinc,

619 3591 781 3675 quid
832 3593 1025 3660 homo
1069 3597 1213 3661 Deo
1267 3597 1530 3676 debeat;
1587 3599 1800 3678 illinc,
1857 3599 2014 3682 quid
2057 3600 2127 3663 in
2171 3599 2437 3664 homine
2480 3599 2579 3664 fa-

621 3678 754 3742 ciat
793 3678 995 3745 Deus.
1084 3681 1311 3765 Neque
1355 3685 1532 3748 enim
1577 3691 1691 3748 aut
1733 3685 2045 3750 facultate
2088 3692 2316 3750 nostra
2356 3683 2578 3749 metiri

621 3762 907 3828 officium
972 3774 1246 3849 oportet,
1315 3770 1417 3833 cui
1486 3768 1782 3836 adstricti
1840 3788 2097 3847 sumus;
2161 3776 2278 3833 aut
2329 3770 2398 3834 in
2453 3769 2579 3835 hae

623 3847 804 3914 nuda
855 3852 1240 3935 cogitatione
1292 3854 1620 3935 insistere,
1676 3855 1833 3938 quid
1877 3855 2095 3922 valeat
2138 3855 2350 3920 homo,
2439 3854 2579 3919 Ve-

620 3955 804 4013 rum,
850 3936 943 4001 sic
996 3938 1208 4019 primo
1253 3938 1629 4005 habendum
1672 3947 1798 4019 est,
1845 3941 2046 4007 etiam
2080 3941 2136 4005 si
2177 3940 2347 4024 legis
2388 3940 2579 4014 iusti-

621 4020 783 4085 tiam
815 4043 958 4088 ·nec
1011 4023 1316 4107 implere,
1371 4047 1491 4091 nec
1534 4025 1845 4092 inchoare
1887 4027 2240 4110 possimus,
2286 4046 2433 4091 eam
2477 4033 2580 4091 ta-

621 4126 777 4171 men
833 4107 979 4174 iure
1035 4129 1074 4173 a
1127 4108 1315 4175 nobis
1368 4132 1439 4176 re
1484 4111 1644 4191 uiri;
1703 4134 1915 4195 neque
1970 4133 2088 4178 nos
2129 4111 2433 4179 excusari
2475 4111 2580 4175 in-

619 4192 955 4274 firmitate,
999 4202 1116 4259 aut
1154 4196 1398 4260 virium
1486 4198 1718 4276 efectu,
1762 4199 1948 4264 cuius
1985 4205 2058 4262 ut
2095 4198 2336 4263 vitium
2378 4218 2420 4262 a
2461 4218 2581 4262 no-

621 4277 722 4344 bis
765 4284 884 4358 est,
929 4281 1025 4346 ita
1066 4280 1260 4364 culpa
1299 4281 1490 4348 nobis
1523 4282 1909 4366 imputanda
1942 4289 2044 4349 est
2053 4307 2070 4363 3
2112 4280 2350 4349 deinde
2384 4304 2583 4348 usum

621 4362 787 4463 legis
829 4364 1033 4430 alium
1077 4388 1238 4446 esso,
1281 4390 1481 4451 quam
1513 4370 1951 4434 communiter
1980 4370 2430 4452 imaginantur
2461 4369 2581 4434 ho-

624 4469 849 4515 mines.
941 4455 1091 4530 [pag.
1132 4460 1237 4532 38]
1285 4455 1434 4519 Non
1479 4455 1659 4521 enim
1705 4455 1906 4520 bonos
1933 4455 2147 4520 facere
2189 4461 2420 4538 potest,
2465 4453 2584 4519 sed

625 4552 769 4596 reos
809 4542 1070 4600 tantum
1113 4559 1454 4624 peragere,
1513 4548 1657 4606 tum
1709 4541 2123 4625 ignorantiae
2164 4547 2584 4623 praetextum

625 4615 942 4698 tollendo,
991 4629 1136 4686 tum
1178 4625 1409 4691 falsam
1453 4626 1744 4692 iustitiae
1786 4627 2160 4711 opinionem
2204 4633 2274 4691 et
2314 4626 2584 4691 inanem

623 4702 868 4767 virium
926 4708 1385 4775 confidentiam
1440 4712 1801 4779 refutando.
1915 4713 2023 4780 Ita
2074 4714 2178 4792 fit,
2235 4718 2312 4777 ut
2364 4712 2584 4796 impiis

623 4786 809 4886 nulla
851 4799 1054 4855 restet
1095 4797 1446 4872 excusatio,
1492 4799 1654 4880 quin
1690 4800 1955 4883 propria
1993 4797 2389 4865 conscientia
2429 4818 2585 4862 con-

622 4875 784 4940 victi
838 4882 1122 4956 reatum,
1181 4878 1389 4945 velint
1431 4881 1675 4962 nolint,
1729 4886 2034 4951 sentiant.
2121 4885 2278 4949 'Non
2322 4903 2583 4965 semper

764 5095 823 5160 1)
861 5096 1007 5151 Libr.
1042 5097 1092 5151 2.
1132 5099 1202 5152 ad
1236 5100 1586 5156 Bonifacium.

760 5163 821 5228 2)
861 5163 965 5248 Sg'c·
990 5169 1212 5221 omnino
1243 5169 1542 5238 legendum.
1597 5170 1759 5239 Quod
1782 5174 2044 5242 prinecps
2077 5173 2268 5229 habet.-
2307 5181 2582 5240 ornentur,

619 5247 828 5288 merum
859 5239 1053 5290 vultum
1087 5241 1182 5291 est.

1941 260 2471 397 RESPONSIb
2517 327 2897 396 CONTRA
2936 327 3355 397 PIGHIUM

4530 336 4655 400 260

2693 514 2957 599 quidem
3010 525 3377 601 agnoscunt
3418 537 3493 582 ac
3535 518 3962 595 confitentur,
4012 516 4161 600 lege
4201 527 4433 584 tamen
4474 519 4656 588 intus

2693 601 3028 668 iudicante
3079 603 3395 667 sentiunt.
3493 601 3612 667 Fit
3664 602 3865 667 etiam
3931 623 3968 668 e
4021 621 4367 682 converso,
4433 612 4511 671 ut
4562 607 4656 691 pii

2690 707 2958 770 prorsus
3012 688 3331 752 exinaniti
3381 688 3561 753 omni
3614 707 3927 771 perversa
3980 688 4085 754 sui
4149 688 4423 769 fiducia,
4493 713 4657 775 quae

2692 794 2853 839 vera
2893 772 3159 838 demum
3203 781 3306 838 est
3348 772 3712 853 humilitas,
3760 773 3973 839 locum
4019 772 4179 839 dent
4208 774 4339 839 Dei
4542 778 4556 791 ‘

2691 858 2868 923 unde
2910 857 3366 924 fortitudinem
3409 867 3692 925 sumant.
3774 859 3929 924 Non
3970 859 4176 943 igitur
4217 860 4503 928 iubendo
4546 871 4658 928 aut

2691 942 3101 1008 exhortando
3144 945 3319 1011 vires
3359 953 3619 1011 nostras
3658 946 3846 1011 Deus
3882 953 4164 1029 reputat,
4204 967 4413 1029 quum
4445 948 4518 1013 id
4559 951 4657 1032 ip-

2689 1050 2841 1179 dum
2885 1027 3014 1109 det,
3060 1029 3236 1113 quod
3276 1031 3585 1114 postulat,
3629 1038 3824 1114 atque
3866 1030 4012 1096 ideo
4048 1029 4159 1097 det
4191 1032 4345 1115 quia
4386 1054 4508 1117 per
4542 1056 4657 1101 nos

2733 1114 3125 1181 estituimur.

2860 1200 3007 1266 Iam
3064 1221 3253 1280 vere,
3310 1209 3387 1265 ut
3443 1201 3612 1265 nihil
3653 1202 4170 1285 praetermittat,
4213 1202 4391 1286 quod
4434 1202 4658 1269 odium

2689 1285 2978 1368 quolibet
3016 1285 3211 1352 modo
3254 1288 3541 1352 conflare
3584 1295 3784 1370 queat
3826 1287 4120 1356 Lutheri
4172 1290 4542 1355 sententiae
4584 1310 4656 1357 ac

2691 1377 2974 1450 nostrae,
3008 1392 3047 1437 o
3090 1372 3104 1386 '
3159 1373 3334 1437 ‘nem
3356 1372 3621 1438 trahere
3655 1394 3696 1437 a
3731 1372 4066 1439 veteribus
4099 1372 4447 1439 haereticis
4484 1396 4656 1440 com-

2688 1462 3042 1536 memorat,
3160 1457 3491 1524 risciliano
3507 1511 3524 1538 ,
3584 1459 4009 1539 Manichaeo,
4066 1459 4433 1539 Marcione,
4492 1459 4655 1526 Ger-

2691 1540 2878 1620 done,
2916 1543 3193 1626 ipsoque
3233 1542 3396 1609 adeo
3441 1542 3715 1610 Simone
3758 1545 3990 1629 Mago:
4048 1565 4208 1628 quos
4252 1553 4479 1610 tamen
4518 1567 4655 1612 om-

2690 1648 2809 1692 nes
2851 1627 3189 1711 impietate
3230 1628 3390 1695 dicit
3430 1630 3631 1696 fuisse
3678 1651 3720 1695 a
3761 1630 4063 1695 Luthero
4106 1638 4464 1714 superatos.
4532 1630 4654 1696 Di-

2690 1733 2908 1778 cerem
2952 1714 3367 1798 ingeniosum
3412 1736 3555 1782 esse
3590 1716 3717 1781 hoc
3755 1717 4109 1781 artificium
4123 1766 4138 1794 ,
4183 1718 4242 1781 si
4284 1716 4443 1799 quid
4487 1717 4653 1784 colo-

2689 1798 2783 1864 ris
2823 1798 3112 1866 haberet.
3197 1798 3335 1866 Sed
3368 1822 3574 1884 quum
3606 1802 3677 1866 in
3711 1808 4021 1885 promptu
4054 1801 4141 1866 sit
4172 1801 4391 1884 palam
4422 1802 4650 1882 facere,

2691 1884 2887 1949 nimis
2942 1906 3241 1951 crassum
3297 1892 3368 1950 et
3405 1887 3781 1969 improbum
3826 1907 3970 1954 esse
4011 1885 4458 1966 mendacium,
4504 1887 4652 1972 quid

2690 1967 2846 2035 inde
2886 1969 3057 2037 lucri
3090 1972 3455 2055 speraverit
3487 1974 3734 2040 nescio:
3780 1973 3909 2039 nisi
3946 1973 4117 2038 forte
4148 1972 4314 2037 illud
4350 1980 4455 2038 est
4486 1973 4653 2056 quod

2690 2056 2823 2119 iam
2869 2056 3038 2138 dixi,
3085 2077 3239 2121 eum
3277 2059 3437 2123 satis
3482 2058 3820 2138 habuisse,
3867 2060 3926 2125 si
3970 2079 4127 2124 suae
4170 2057 4363 2124 modo
4406 2059 4649 2126 farinae

2693 2140 3069 2209 hominibus
3113 2142 3417 2226 placeret,
3461 2145 3577 2227 qui
3611 2165 3823 2228 neque
3868 2153 4095 2210 nostra
4136 2144 4259 2209 atti
4449 2151 4496 2221 t,
4538 2167 4649 2211 ne·

2692 2247 2821 2310 que
2862 2229 3223 2311 inquirunt,
3268 2249 3585 2294 verumne
3627 2231 3709 2297 sit
3759 2251 3847 2295 an
3890 2230 4129 2295 falsum
4166 2251 4252 2312 qu
4385 2229 4646 2296 dicitur:

2692 2310 2810 2378 sed
2848 2313 2933 2379 Pi
2981 2313 3184 2379 hiana
3218 2316 3455 2395 omnia,
3505 2316 3612 2381 vel
3652 2315 3944 2382 Ecciana
3981 2337 4056 2382 eo
4091 2323 4350 2380 tantum
4391 2317 4649 2381 nomine

2692 2419 2886 2465 exose
2960 2406 3191 2478 antur,
3249 2401 3402 2482 quia
3457 2401 3528 2465 in
3582 2422 3703 2467 nos
3759 2402 4007 2486 scripta
4060 2408 4233 2467 sunt.
4336 2400 4552 2467 Vetus
4586 2410 4648 2467 et

2690 2484 2977 2550 obsoleta
3021 2493 3123 2551 est
3165 2485 3329 2551 haec
3372 2488 3772 2566 criminatio,
3819 2508 3955 2553 non
3999 2509 4039 2552 a
4080 2487 4323 2571 Pighio
4365 2489 4647 2571 primum

2689 2578 2970 2652 reperta.
3038 2571 3211 2636 Nam
3255 2570 3711 2655 Augustinum
3747 2573 3842 2638 sic
3884 2572 4043 2637 olim
4077 2573 4410 2638 vexabant
4433 2572 4485 2656 ¹)
4526 2572 4646 2638 Pe-

2688 2654 2949 2739 lagiani,
2995 2658 3182 2739 quasi
3225 2678 3376 2722 cum
3420 2658 3829 2724 Manichaeis
3872 2660 4162 2724 sentiret.
4240 2655 4379 2723 Sed
4421 2658 4647 2724 adver-

2686 2762 2800 2806 sus
2843 2762 3085 2809 vanam
3127 2749 3197 2807 et
3232 2742 3486 2808 futilem
3529 2743 4059 2811 maledicentiam
4101 2765 4363 2827 semper
4403 2753 4503 2809 est
4535 2764 4646 2810 ve-

2689 2825 2871 2892 ritati
2914 2834 3147 2910 parata
3189 2827 3495 2894 defensio.
3584 2829 3681 2895 Ut
3722 2851 3763 2894 a
3806 2829 4081 2896 Simone
4120 2829 4458 2913 incipiam,
4492 2827 4647 2912 quid

2689 2933 2922 2977 causae
2980 2913 3181 2979 habet
3236 2914 3547 2998 Pighius,
3605 2935 3723 2980 cur
3779 2937 3900 2981 nos
3955 2916 4098 2981 eius
4151 2914 4502 2999 discipulos
4554 2915 4646 2979 fa-

2688 2997 2857 3063 ciat?
2912 3000 3048 3063 imo
3102 3019 3220 3064 cur
3262 3021 3416 3064 eum
3457 3020 3726 3082 prorsus
3766 3000 4104 3068 nominet?
4195 3001 4477 3066 Veteres
4513 3000 4645 3066 fere

2687 3103 2917 3150 omnes
2960 3085 3363 3150 mentionem
3404 3086 3657 3152 faciunt
3698 3084 4020 3165 Simonis,
4064 3087 4206 3152 eius
4247 3106 4503 3169 quoque
4545 3107 4643 3152 er-

2686 3190 2866 3236 rores
2910 3179 3281 3248 recensent;
3325 3172 3440 3237 sed
3481 3171 3720 3250 nullus,
3756 3171 3929 3255 quod
3970 3173 4192 3252 sciam,
4231 3173 4367 3237 tale
4400 3170 4643 3255 aliquid

2686 3260 2834 3334 [pag.
2874 3260 2982 3336 39]
3027 3255 3274 3339 prodit,
3333 3256 3523 3341 quale
3569 3257 3677 3323 hic
3720 3258 4002 3341 Pighius
4043 3259 4261 3324 iactat.
4350 3256 4643 3322 Plurima

2683 3341 2825 3406 eius
2870 3340 3104 3406 deliria
3159 3342 3361 3407 refert
3403 3344 3717 3409 Irenaeus
3770 3343 3939 3409 libro
3989 3345 4236 3427 primo;
4292 3342 4641 3408 Tertullia—

2684 3448 2810 3493 nus
2824 3426 2885 3510 2)
2939 3428 3272 3493 nonnulla.
3377 3429 3796 3513 Augustinus
3849 3450 4008 3495 vero
4063 3448 4487 3511 quaecunque
4538 3426 4639 3496 vel

2681 3512 2950 3596 legerat,
2992 3513 3102 3578 vel
3144 3513 3463 3592 audierat,
3509 3515 3772 3599 colligit.
3792 3517 3857 3594 8)·
3919 3514 4027 3579 De
4065 3514 4270 3580 libero
4313 3514 4423 3578 vel
4455 3533 4641 3578 servo

2682 3598 2951 3663 arbitrio
2964 3649 2981 3677 ,
3035 3596 3118 3662 de
3172 3601 3561 3665 necessitate
3612 3600 3721 3667 vel
3782 3601 4050 3666 fortuito
4107 3607 4353 3668 eventu
4397 3619 4634 3674 rerum,

2681 3704 2950 3766 prorsus
3003 3683 3190 3750 nihil.
3281 3685 3605 3765 Docebat,
3659 3686 3902 3768 inquit,
3958 3685 4359 3769 promiscuos
4398 3704 4637 3750 concu-

2682 3768 2885 3848 bitus3
2940 3769 3166 3835 Deum
3218 3791 3355 3835 non
3397 3771 3628 3836 fecisse
3680 3770 4030 3850 mundum;
4082 3771 4370 3856 negabat
4421 3769 4639 3836 earnis

2681 3855 3261 3935 resurrectionem3
3316 3856 3650 3921 asserebat
3700 3877 3773 3922 se
3828 3878 3973 3922 esse
4014 3855 4390 3935 Christum,
4446 3856 4637 3920 item-

2684 3961 2809 4023 que
2851 3941 3085 4006 Iovem
3123 3962 3195 4006 se
3250 3941 3429 4007 credi
3470 3942 3733 4008 volebat
3745 3966 3762 4022 3
3817 3943 4193 4008 Minervam
4235 3957 4399 4007 vero
4451 3938 4640 4006 Sele-

2680 4047 2836 4090 nem
2853 4027 2912 4110 ⁴)
2956 4024 3285 4109 quandam
3326 4028 3769 4108 meretricem3
3810 4027 4133 4113 imagines
4173 4048 4330 4093 suas
4362 4034 4430 4092 et
4460 4024 4641 4090 illius

2684 4110 2884 4177 dabat
2920 4111 3305 4179 adorandas.
3394 4113 3674 4179 Dicebat
3730 4134 3802 4179 se
3858 4114 3930 4177 in
3973 4113 4179 4197 patris
4221 4131 4499 4197 persona
4544 4110 4642 4174 le-

2682 4217 2833 4280 gem
2891 4197 3147 4263 dedisse
3202 4197 3495 4278 Iudaeis;
3549 4200 3671 4266 sub
3737 4198 4000 4265 Tiberio
4054 4200 4126 4262 in
4182 4198 4301 4264 filii
4356 4214 4645 4280 persona

2681 4283 3016 4366 putavisse
3034 4284 3094 4365 ⁵)
3136 4285 3544 4366 apparuisse;
3600 4291 3827 4368 postea
3864 4285 3941 4349 in
3984 4284 4234 4368 linguis
4273 4284 4481 4368 igneis
4527 4305 4645 4348 su·

2682 4389 2801 4452 per
2844 4368 3167 4452 apostolos
3206 4370 3483 4436 venisse.
3572 4371 3761 4437 Haec
3801 4377 3973 4450 sunt,
4012 4391 4181 4453 quae
4226 4368 4645 4454 Augustinus

2685 4454 2972 4536 undique
3024 4476 3109 4518 ex
3164 4454 3310 4520 aliis
3367 4456 3636 4521 collecta
3677 4455 3975 4540 redigere
4023 4457 4095 4521 in
4149 4476 4358 4520 unum
4397 4454 4651 4520 catulo·

2970 4541 3115 4604 tuit.
3186 4539 3365 4621 Quid
3410 4542 3518 4608 hic
3562 4537 3845 4625 reperiet
3885 4541 4182 4626 Pighius,
4227 4562 4348 4607 cur
4386 4560 4505 4604 nos
4545 4540 4649 4605 fa-

2683 4560 2842 4624 gum
2934 4626 3176 4690 imonis
3242 4626 3632 4710 discipulos?
3743 4629 3838 4694 At
3902 4648 4037 4693 non
4102 4624 4648 4704 comminiscitur.

2685 4626 2814 4691 ciat

2826 4898 2884 4964 1)
2921 4901 3201 4956 Vexarant
3234 4900 3371 4955 1576
3403 4917 3547 4972 seqq.

2822 4967 2883 5032 2)
2919 4969 3049 5037 Cap.
3084 4969 3167 5023 20.
3205 4971 3272 5024 de
3307 4970 3825 5039 praescriptionibus
3858 4969 4268 5023 haereticorum.

2821 5040 2881 5102 3)
2918 5037 3001 5089 De
3037 5039 3351 5093 haeresibus
3387 5039 3456 5092 ad
3492 5037 3938 5105 Quodvultdeum.

2822 5103 2883 5168 4)
2928 5104 3124 5158 Gallus
3158 5107 3289 5160 bene
3319 5107 3594 5161 emendat.-
3630 5115 3689 5160 et
3721 5105 3879 5161 d'une
3917 5106 4151 5160 eei-taine
4186 5103 4453 5172 paillarde
4486 5119 4655 5159 nom·

2684 5174 2804 5228 mee
2838 5172 3045 5227 Helene
3080 5174 3115 5226 il
3152 5175 3316 5230 disoit
3347 5192 3451 5242 que
3486 5173 3699 5231 c'estoit
3730 5174 3990 5228 minerve.

2824 5239 2886 5309 5)
2920 5242 3194 5308 putavisse
3226 5244 3291 5308 (il
3315 5244 3531 5311 pensoit
3549 5251 3693 5299 estre
3717 5243 3953 5314 apparu)
3972 5242 4227 5297 omittunt
4245 5239 4399 5295 Besa
4428 5248 4652 5313 etun.
