4967 5992
420 295 528 357 101

413 479 597 545 sinon
633 484 863 545 entant
895 500 1022 563 que
1053 484 1171 560 [fol.
1211 485 1316 559 51]
1358 480 1422 546 le
1463 479 1790 565 Seigneur
1820 482 1967 546 leur
2011 504 2095 546 00
2136 481 2354 549 donne

410 565 679 649 Pasage,
740 574 808 630 et
863 565 984 630 fait
1029 588 1150 650 par
1205 586 1280 632 sa
1333 587 1527 650 grace
1582 566 1740 650 qu'il
1796 588 1966 633 nous
2021 567 2152 633 soit
2203 590 2353 651 pro-

408 650 638 717 fitable.
729 651 922 717 Ainsi
938 702 954 729 ,
1010 674 1096 718 en
1139 659 1371 737 ayant,
1407 673 1575 717 nous
1615 653 1885 719 n’avons
1928 653 2102 719 rien:
2162 656 2351 719 sirion

410 736 700 802 d'autant
737 736 890 819 qu’il
935 737 998 803 le
1041 759 1209 803 0008
1252 738 1483 805 (10000.

1164 945 1232 979 m
1266 945 1523 980 1111118180.
1542 928 1587 991 ¹)

573 991 724 1074 Que
766 995 1056 1060 contient
1097 994 1164 1058 la
1206 996 1604 1077 cinquiesme
1649 995 2013 1062 demande?

1242 1098 1509 1151 n'nunwr.

574 1163 751 1246 Qu’il
794 1165 999 1248 plaise
1035 1173 1078 1232 a
1110 1166 1286 1231 Dieu
1319 1188 1486 1232 nous
1521 1165 1894 1250 pardonner
1928 1188 2050 1233 008
2084 1168 2345 1252 pechez.

1189 1288 1254 1322 LB
1290 1288 1545 1322 armarat.

570 1336 702 1422 N’y
740 1336 861 1401 a-il
901 1337 1167 1402 homme
1210 1332 1442 1403 vivant
1484 1339 1541 1403 si
1582 1340 1771 1418 iuste,
1817 1339 1929 1421 qui
1971 1339 2133 1405 n’ait
2176 1360 2348 1404 mes-

400 1424 522 1488 tier
569 1422 649 1488 de
693 1423 757 1486 la
799 1423 959 1487 faire
972 1422 1005 1486 ⁴?

1242 1526 1510 1581 n’mrunr.

571 1594 747 1659 Non:
785 1616 898 1661 car
931 1596 991 1660 10
1028 1593 1355 1680 Seigneur
1387 1595 1574 1663 Iesus
1610 1616 1650 1660 a
1684 1594 1898 1662 donne
1932 1604 2106 1664 ceste
2141 1597 2349 1662 forme

397 1687 438 1746 8
479 1702 588 1745 808
631 1683 977 1763 Apostres,
1020 1702 1185 1767 pour
1229 1703 1350 1746 800
1394 1683 1640 1766 Eglise.
1729 1684 1939 1762 Ainsi,
1984 1685 2347 1767 quiconque

397 1767 528 1833 s'en
588 1764 895 1832 voudroit
948 1776 1310 1850 exempter,
1366 1770 1779 1833 renonceroit
1832 1776 1875 1834 a
1924 1770 1992 1834 la
2055 1790 2346 1834 commu-

396 1860 596 1917 naute
653 1851 768 1917 des
820 1851 1220 1919 Chrestiens.
1309 1853 1403 1917 Et
1444 1852 1709 1932 defaict,
1754 1854 2137 1920 l’Escriture
2180 1876 2346 1920 nous

396 1938 633 2003 testifie
699 1959 825 2021 que
889 1938 952 2003 18
1006 1938 1158 2021 plus
1210 1939 1517 2022 parfaict,
1577 1941 1850 2005 voulant
1903 1941 2199 2025 alleguer
2252 1963 2345 2005 un

391 2024 619 2107 poinct
671 2030 712 2089 8
766 2022 940 2089 Dieu
997 2046 1161 2107 pour
1213 2047 1282 2091 se
1334 2025 1611 2091 iustifier
1626 2076 1642 2104 ,
1699 2047 1845 2092 sera
1887 2034 2123 2093 trouve
2168 2026 2346 2092 coul-

392 2109 587 2192 pable
643 2130 728 2173 00
779 2110 962 2175 101110
1016 2110 1159 2192 (Iob
1197 2114 1256 2190 9,
1296 2116 1333 2173 2
1372 2120 1439 2175 et
1474 2112 1608 2194 20).
1708 2112 1771 2177 Il
1818 2112 1961 2177 faut
2012 2111 2180 2176 donc
2220 2134 2345 2195 que

394 2216 565 2260 nous
621 2216 829 2279 ayons
869 2203 1019 2261 tous
1035 2198 1093 2279 ²)
1151 2208 1372 2262 nostre
1427 2197 1651 2281 refuge
1706 2205 1747 2263 a
1790 2219 1864 2263 88
1906 2197 2341 2263 misericorde.

1185 2319 1251 2353 128
1283 2318 1542 2353 mss'l'ssss.

560 2365 912 2432 Comment
966 2376 1309 2433 entens-tu
1366 2389 1492 2450 que
1546 2376 1718 2434 ceste
1773 2369 2124 2434 remission
2177 2391 2342 2434 00118

385 2452 510 2517 8011
553 2450 789 2517 faicte?

1228 2555 1495 2609 n’nnrmr.

560 2622 837 2689 Comme
880 2623 975 2688 les
1001 2623 1281 2706 parollcs
1336 2646 1634 2703 10081008,
1680 2625 1841 2690 (1001
1882 2626 2069 2690 108118
2113 2625 2342 2692 Christ
2428 2660 2443 2674 =

385 2729 422 2773 8
474 2718 631 2787 080,
692 2709 756 2774 10
811 2718 1200 2775 monstrent.
1306 2710 1513 2788 C’est,
1573 2732 1699 2793 que
1753 2711 1848 2776 108
1905 2712 2144 2793 11001108
2188 2721 2341 2778 8001

384 2793 642 2874 debtes,
699 2796 1046 2877 lesquelles
1089 2817 1255 2861 nous
1308 2798 1613 2862 11000001
1654 2796 1900 2881 obligez
1944 2804 1987 2863 a
2030 2797 2340 2864 condam-

381 2882 617 2946 nation
682 2881 762 2946 (18
828 2888 999 2946 10011
1061 2883 1392 2948 eternelle.

380 2967 559 3033 Dieu
603 2988 772 3033 nous
815 2989 899 3032 00
938 2969 1191 3050 acquite
1232 2989 1355 3051 par
1397 2991 1473 3034 sa
1512 2989 1677 3051 pure
1721 2967 2057 3034 liberalite.

1178 3090 1245 3123 m:
1279 3089 1539 3125 mssm.

558 3139 664 3203 Tu
717 3144 949 3205 entens
1005 3139 1171 3205 donc
1225 3161 1352 3222 que
1404 3161 1571 3206 nous
1623 3141 1942 3206 obtenons
1996 3140 2338 3208 remission

379 3224 459 3290 de
503 3246 635 3289 008
680 3224 921 3309 pechez
963 3245 1085 3308 par
1124 3226 1191 3290 18
1234 3226 1434 3291 bonte
1479 3228 1765 3310 gratuite
1810 3226 1890 3291 de
1930 3228 2125 3293 Dieu.

1230 3329 1499 3382 n'mur.

554 3396 779 3461 Voire.
869 3396 1004 3463 Car
1055 3417 1219 3462 nous
1262 3418 1347 3462 00
1402 3417 1698 3480 pouvons
1739 3397 2106 3463 0011810001
2146 3400 2338 3464 88118-

377 3482 545 3547 faire
593 3503 757 3565 pour
811 3482 877 3547 18
930 3481 1231 3547 1001οᾶ10
1281 3482 1485 3548 faulte
1535 3503 1660 3566 que
1702 3503 1868 3548 nous
1912 3503 2119 3566 ayons
2162 3504 2337 3550 com-

377 3569 569 3647 mise,
614 3569 672 3633 81
718 3568 891 3633 Dieu
934 3568 1115 3634 n'use
1159 3590 1394 3636 envers
1439 3590 1605 3634 nous
1647 3568 1729 3634 de
1780 3589 1856 3634 sa
1896 3590 2060 3652 pure
2100 3569 2337 3635 libera·-

377 3652 513 3732 lite,
562 3676 650 3719 00
692 3675 856 3720 0008
900 3653 995 3719 108
1036 3662 1395 3733 remettant
1434 3662 1667 3721 toutes.

1185 3778 1250 3812 m
1285 3776 1542 3812 Umflm.

557 3825 802 3907 Quand
844 3828 1020 3892 Dieu
1062 3848 1229 3892 nous
1272 3849 1313 3891 8
1352 3826 1692 3910 pardonne
1726 3848 1848 3891 008
1890 3827 2150 3910 pechez,
2187 3827 2336 3911 quel

376 3912 585 3978 finiet
626 3920 694 3977 01
738 3912 953 3977 0111110
997 3934 1160 3978 0008
1203 3934 1290 3978 00
1332 3912 1632 3978 revient?
1663 3912 1721 3996 8)

1224 4014 1492 4069 1301111111.

555 4085 693 4150 Ρ81·
747 4104 820 4148 00
877 4105 1115 4167 moyen
1183 4105 1349 4149 nous
1414 4084 1532 4168 luy
1587 4106 1867 4151 sommes
1933 4083 2334 4168 aggreables,

374 4190 639 4237 0010108
697 4171 751 4235 81
810 4191 975 4235 0008
1039 4170 1286 4236 0811008
1340 4172 1542 4235 instes
1586 4178 1651 4234 01
1707 4172 2050 4247 10000008;
2105 4179 2172 4235 81
2213 4192 2334 4235 008

374 4259 801 4323 0008010οο08
845 4265 994 4320 8001
1035 4263 1370 4321 888οο1008
1414 4256 1493 4321 (18
1530 4278 1604 4321 88
1638 4255 1943 4322 dilection
1977 4256 2336 4339 patei-nelle

371 4364 626 4408 envers
669 4362 856 4418 nous,
904 4340 1066 4406 dont
1109 4363 1276 4406 nous
1318 4343 1506 4406 vient
1545 4342 1722 4407 salut
1763 4351 1831 4407 et
1871 4342 1998 4408 vie.

1186 4463 1252 4497 128
1283 4463 1542 4499 mmm.

560 4518 678 4594 [fol.
726 4517 836 4593 52]
897 4510 1139 4592 Quand
1194 4524 1271 4577 tu
1326 4512 1681 4578 demandes
1734 4514 1890 4595 qu’il
1958 4536 2125 4581 nous
2187 4537 2338 4598 par-

372 4598 606 4665 donne
660 4620 913 4665 comme
973 4620 1160 4665 nous·
1192 4598 1618 4681 pardonnons
1683 4606 1726 4663 a
1781 4620 1946 4665 ceux
1996 4603 2110 4683 qui
2169 4623 2338 4667 0008

368 4694 497 4750 ont
534 4686 823 4751 offencez
841 4736 856 4763 ,
900 4692 1237 4750 entem-tu
1282 4689 1477 4767 qu’en
1520 4685 1938 4768 pardonnant
1976 4706 2110 4751 aux
2149 4687 2336 4751 hom-

370 4791 547 4850 mes,
596 4791 722 4853 que
767 4792 931 4836 nous
973 4771 1316 4835 meritions
1335 4774 1393 4853 ⁴)
1437 4769 1685 4854 pardon
1730 4771 1810 4835 de
1855 4771 1991 4855 luy.

462 5010 584 5065 elle
619 5019 701 5065 est
740 5012 797 5065 la
832 5012 1111 5065 remission
1148 5011 1244 5065 des

408 5094 441 5133 0
482 5078 648 5133 Dieu.
922 5078 983 5139 2)
1021 5086 1141 5133 tout
1176 5078 1276 5132 155

367 5146 538 5201 1553.
586 5145 731 5201 1562.
769 5147 920 5202 1563.
956 5145 1125 5217 1566;
1160 5165 1299 5204 0008
1332 5149 1589 5203 meritons
1623 5147 1776 5202 1561.

1346 5080 1483 5133 suiv.

696 5216 757 5283 5)
798 5216 891 5272 Sic
924 5217 1056 5272 libri
1085 5218 1266 5272 nostri
1297 5218 1411 5279 fere
1442 5233 1642 5273 omnes.
1713 5217 1937 5271 Primus
1971 5216 2124 5272 Bem
2161 5213 2298 5270 1576
2332 5216 2598 5273 usitatius
2632 5217 2951 5274 vocabulum
2986 5219 3295 5275 substituit.-
3329 5219 3525 5274 debita.
3620 5292 3633 5313 o

1746 292 2406 362 OA'PEOHJSMUS
2452 296 3070 365 GENEVENSIS.

1493 2882 1679 2948 Nous
1725 2882 2150 2950 ·demandons
2214 2891 2367 2968 que*

1770 5077 1831 5146 3)
1867 5079 2173 5135 revient-il‘?
2209 5077 2345 5132 1548
2380 5080 2519 5134 suiv.

4293 309 4416 375 102

2456 484 2783 563 futurum,
2862 485 2995 551 nisi
3061 494 3383 570 quatenus
3449 495 3519 553 et
3570 511 3761 554 usum
3829 488 3962 556 illis
4019 494 4416 560 concesserit

2458 570 2671 650 Deus,
2717 579 2787 637 et
2829 592 2950 637 sua
2988 572 3204 656 gratia
3247 574 3568 654 effecerit,
3622 582 3698 639 ut
3739 596 3899 641 usus
3940 576 4082 657 ipse
4122 578 4412 645 fructuo-

2458 677 2573 721 sus
2627 657 2718 721 sit
2770 663 2838 722 et
2891 658 3143 724 efficax.
3230 659 3466 743 Itaque
3523 659 3748 726 omnia
3799 661 4194 744 possidendo
4240 664 4413 731 nihil

2392 814 2393 819 ἵ
2456 741 2804 822 habemus,
2859 743 2991 809 nisi
3028 751 3353 827 quatenus
3394 745 3468 811 in
3511 746 3810 831 singulas
3851 747 4046 827 horas
4090 769 4175 814 ex
4207 771 4413 817 manu

2457 825 2590 893 Dei
2630 830 3044 913 percipimus,
3088 837 3408 913 quantum
3441 831 3628 898 nobis
3670 853 3936 899 necesse
3970 835 4257 918 satisque
4291 844 4408 903 est.

3309 952 3568 988 nmmum.

2631 998 2809 1080 Quid
2853 1002 3146 1066 continet
3177 1004 3485 1085 quintum
3527 1003 3933 1087 postulatum
3946 1003 3977 1066 ?

3353 1124 3507 1159 rm·

2626 1170 2724 1237 Ut
2764 1178 3034 1255 peccata
3071 1173 3259 1240 nobis
3302 1175 3597 1256 ignoscat
3638 1174 3990 1241 Dominus.

3303 1294 3560 1330 mm

2623 1342 2921 1410 Nemone
2980 1345 3345 1428 reperietur
3393 1345 3771 1410 mortalium
3813 1354 3952 1411 tam
3994 1348 4238 1429 iustus,
4292 1351 4408 1433 qui

2450 1425 2578 1492 1180
2620 1429 2822 1493 venia
2864 1451 3001 1495 non
3041 1429 3381 1517 indigeat?

3353 1553 3505 1588 PUER-

2622 1600 2685 1664 N
2688 1619 2834 1665 emo
2877 1621 3165 1684 prorsus.
3255 1602 3451 1669 Η800
3515 1602 3695 1666 00101
3757 1601 4069 1684 precandi
4123 1603 4405 1670 formam

2450 1706 2654 1767 quum
2698 1686 3009 1768 apostolis
3065 1686 3204 1753 suis
3257 1685 3440 1753 dedit
3477 1687 3828 1767 Christus,
3894 1688 4244 1756 universae
4297 1712 4406 1757 ec-

2449 1771 2689 1837 clesiae
2732 1771 3101 1838 destinavit.
3192 1771 3640 1854 Quamobrem
3692 1774 3802 1856 qui
3846 1794 3917 1839 se
3958 1773 4085 1840 1180
4118 1777 4404 1842 necessi-

2449 1863 2586 1922 tate
2619 1857 2908 1923 eximere
2943 1863 3061 1937 [fol.
3097 1863 3205 1938 63]
3240 1859 3436 1939 volet,
3472 1881 3509 1925 e
3542 1860 3853 1927 societate
3884 1858 4179 1925 fidelium
4210 1870 4405 1929 exeat

2449 1950 2721 2026 oportet.
2800 1943 2894 2008 Et
2936 1965 3095 2008 8800
3131 1944 3437 2011 audimus
3495 1945 3651 2029 quid
3707 1945 4038 2029 scriptura
4090 1954 4399 2013 testetur:

2450 2050 2714 2112 nempe,
2772 2030 2885 2112 qui
2926 2030 2999 2093 in
3053 2051 3184 2095 uno
3227 2052 3512 2115 purgare
3569 2054 3639 2097 se
3684 2052 3902 2097 001801
3944 2030 4090 2096 Deo
4134 2040 4404 2098 conten-

2451 2112 2592 2193 det,
2639 2113 3120 2198 deprehensum
3154 2116 3238 2180 iri
3279 2117 3351 2181 in
3395 2116 3575 2184 mille
3618 2137 3826 2181 reum.
3914 2116 4204 2183 Unicum
4247 2140 4405 2204 ergo

2449 2198 2751 2265 omnibus
2796 2201 2878 2264 ad
2921 2202 3062 2266 eius
3105 2200 3618 2267 misericordiam
3657 2202 4034 2285 perfugium
4079 2209 4302 2269 restat.
4371 2268 4378 2275 .

2624 2369 2965 2453 Quomodo
3008 2380 3277 2456 peccata
3298 2323 3796 2439 ffissaremitffi
3833 2373 4168 2438 existimas
4181 2373 4214 2437 ⁴?

2621 2628 2809 2696 Sicut
2852 2632 2994 2713 ipsa
3026 2628 3280 2695 Christi
3319 2579 3522 2695 53¹3,
3553 2638 3816 2711 sonant:
3850 2630 4017 2695 Esse
4058 2631 4326 2696 nomina
4339 2633 4401 2714 ⁵)

2446 2715 2726 2793 scilicet,
2782 2737 2950 2799 quae
3004 2715 3349 2781 obstrictos
3407 2724 3713 2781 aeternae
3761 2716 3992 2780 mortis
4042 2723 4231 2781 reatu
4273 2738 4397 2783 nos

2446 2809 2735 2883 teneant,
2773 2802 2979 2867 donec
3010 2821 3194 2866 mera
3225 2823 3345 2866 808
3372 2801 3765 2867 liberalitate
3799 2823 3919 2866 nos
3941 2801 4124 2867 Deus
4145 2802 4395 2868 liberet.

3293 3094 3553 3129 mmmm.

2618 3144 2932 3210 Gratuita
2994 3145 3199 3228 igitur
3252 3145 3383 3211 Dei
3461 3143 3908 3211 misericordia
3987 3152 4401 3228 peccatorum

2445 3231 2707 3297 veniam
2750 3230 3047 3295 obtinere
3092 3251 3211 3296 nos
3249 3230 3428 3297 dicis.
3683 3228 3692 3235 “

3344 3350 3499 3386 rm.

2617 3398 2923 3466 Omnino.
3012 3401 3078 3466 N
3078 3422 3185 3466 am
3253 3402 3310 3466 81
3379 3402 3579 3467 00108
3643 3400 3750 3464 vel
3816 3399 4072 3464 minimi
4143 3402 4397 3483 peccati

2444 3484 2826 3552 redimenda
2880 3486 2970 3552 sit
3009 3507 3224 3570 poena
3238 3538 3255 3567 ,
3311 3507 3435 3551 nos
3490 3484 3944 3552 satisfaciendo
3987 3506 4401 3569 nequaquam

2441 3573 2705 3638 erimus.
2795 3571 3040 3637 Omnia
3080 3574 3287 3657 igitur
3341 3573 3628 3657 gratuito
3680 3571 3975 3656 ignoscat
4030 3579 4100 3637 et
4156 3572 4397 3638 condo-

2443 3666 2558 3724 net
2598 3679 2863 3724 necesse
2906 3667 3021 3724 est.

3286 3779 3543 3814 mm.

2581 3784 2791 3910 *Quid
2827 3852 2910 3895 ex
2953 3831 3078 3896 hac
3113 3831 3490 3896 remissione
3534 3828 3842 3895 utilitatis
3886 3828 3970 3894 ad
4012 3851 4131 3895 nos
4175 3830 4391 3896 redit?

2739 4042 2746 4053 ²
3340 4038 3495 4073 PUER-

2615 4088 2786 4151 Tum
2830 4087 2930 4151 illi
2972 4086 3246 4171 perinde
3287 4089 3535 4170 accepti
3582 4107 3826 4163 sumus,
3870 4106 3945 4151 80
3990 4085 4046 4150 81
4089 4083 4245 4150 iusti
4288 4107 4392 4151 es-

2441 4192 2663 4238 semus
2704 4180 2771 4237 et
2813 4174 3224 4240 innocentes:
3285 4173 3610 4255 simulque
3652 4180 3964 4254 paternae
4009 4172 4150 4236 eius
4190 4169 4392 4238 bene·

2440 4257 2770 4324 velentiae
2804 4258 3059 4338 fiducia,
3105 4259 3282 4324 unde
3318 4257 3505 4324 nobis
3538 4266 3716 4324 certa
3749 4257 3943 4333 salus,
3976 4255 4392 4323 conscientiis

2439 4345 2684 4409 nostris
2726 4347 3168 4411 confirmatur.

3281 4465 3540 4501 memn-

2612 4516 2800 4582 Haec
2844 4536 3011 4600 quae
3054 4517 3408 4598 apponitur
3449 4515 3765 4581 conditio:
3812 4521 3889 4579 ut
3931 4513 4119 4580 nobis
4160 4515 4389 4580 remit-

2441 4608 2570 4681 tat,
2630 4603 2799 4667 sicut
2851 4623 2974 4667 nos
3025 4602 3426 4667 remittimus
3469 4599 3868 4666 debitoribus
3908 4601 4177 4667 nostris:
4225 4621 4387 4665 num

2440 4689 2682 4753 mereri
2734 4707 2856 4751 nos
2902 4709 2942 4751 a
2983 4688 3126 4752 Deo
3170 4687 3435 4752 veniam
3475 4687 3819 4771 significat,
3865 4686 4239 4752 hominibus
4255 4737 4272 4765 ,
4329 4687 4389 4752 si

2439 4772 2597 4857 quid
2630 4773 2699 4837 in
2742 4794 2862 4838 nos
2904 4780 3274 4855 peccarunt,
3317 4772 3756 4857 ignoscendo?

701 4941 760 5007 1)
804 4940 883 4995 Le
928 4940 1013 4996 42.
1048 4941 1346 4997 (1110800118.
1407 4969 1461 4985 -
1510 4941 1592 4996 La
1627 4942 1952 5010 cinquiesme
1987 4941 2266 4997 demands.
2303 4969 2368 4979 —
2413 4943 2459 4996 11
2496 4941 2584 5010 n’y
2619 4958 2653 4997 a
2688 4944 2736 4997 si
2771 4944 2957 5013 sainct,
2993 4944 3084 5011 qui
3118 4941 3250 4999 n’ait
3289 4946 3508 4999 mestier
3543 4960 3647 5013 quc
3683 4944 3823 4999 Dieu
3856 4943 3949 5012 luy
3981 4943 4279 5011 pardonne.
4317 4969 4386 4981 -

1318 5011 1500 5065 001108.
1538 5039 1605 5049 -
1638 5009 1830 5065 Fruict
1862 5010 1934 5065 du
1968 5010 2179 5080 pardon
2215 5010 2311 5065 des
2346 5011 2568 5079 pechez.
2606 5040 2671 5050 -
2708 5010 2924 5065 Pardon
2959 5011 3056 5066 des
3090 5011 3269 5068 fantes
3305 5020 3389 5067 est
3423 5014 3641 5080 gratuit.
3686 5041 3753 5050 —
3800 5010 4154 5066 Desadvouez
4191 5009 4386 5066 enfans

2811 5078 2873 5145 4)
2911 5095 3015 5148 que
3050 5096 3187 5135 nous
3222 5082 3499 5137 meritions
3535 5079 3688 5136 1545.
3725 5079 3892 5150 15483
3934 5096 4072 5134 nous
4107 5079 4388 5133 meritions

3904 5299 3974 5352 7*
