4967 5992
583 365 669 428 99
1895 354 2021 423 LE
2065 353 2668 424 OAOEEOHISME
2709 355 2840 421 DE
2885 350 3287 420 GENEVE.
4471 359 4591 420 100

583 550 650 617 le
695 547 1050 617 semblable
1092 568 1164 612 se
1205 547 1347 614 face
1392 567 1478 611 en
1520 553 1725 611 terre:
1771 546 1947 624 c’est,
1990 566 2116 629 que
2158 552 2308 611 tous
2351 545 2540 610 hom-

583 656 729 703 mes
773 656 843 701 se
885 640 1168 720 rengent
1210 654 1295 698 en
1337 632 1711 699 obeissance
1752 631 2138 698 voluntaire.

1354 841 1419 875 m
1453 839 1711 874 mrem.
1733 820 1779 885 ¹)

755 890 1029 957 Venons
1073 897 1113 955 a
1154 890 1221 955 la
1262 889 1540 956 seconde
1578 888 1809 974 partie.
1899 887 2371 969 Qu’entens-tu
2418 906 2541 970 par

580 977 647 1044 le
689 978 847 1061 pain
890 975 1238 1060 quotidien,
1285 997 1412 1060 que
1457 982 1531 1040 tu
1574 973 1972 1041 demandes?

1426 1077 1693 1131 n'nnru'r.
2298 1088 2314 1104 ⁶

761 1154 878 1229 [fol.
921 1152 1026 1225 59]
1082 1147 1595 1213 Generalement
1636 1154 1785 1211 tout
1832 1166 1907 1211 ee
1951 1146 2065 1228 qui
2107 1144 2228 1209 fait
2268 1143 2543 1226 besoing

588 1243 631 1301 a
672 1234 1067 1318 l'indigence
1112 1233 1193 1299 de
1232 1240 1456 1299 nostre
1491 1253 1707 1315 corps:
1753 1252 1887 1296 non
1929 1229 2294 1297 seulement
2339 1235 2545 1311 quant

588 1328 631 1386 a
662 1321 731 1386 la
773 1319 1153 1385 nourriture
1197 1327 1265 1385 et
1305 1327 1596 1384 vesture:
1655 1318 1823 1382 mais
1878 1323 2024 1381 tout
2076 1335 2148 1380 ce
2193 1336 2320 1398 que
2361 1313 2543 1378 Dieu

586 1405 898 1492 congnoit
952 1427 1121 1471 nous
1177 1411 1348 1470 estre
1401 1403 1781 1488 expedient,
1838 1409 1878 1467 a
1921 1423 1992 1467 ce
2029 1423 2153 1484 que
2208 1401 2541 1486 puissions

588 1513 866 1576 manger
900 1500 1126 1555 nostre
1164 1492 1325 1573 pain
1368 1511 1451 1554 en
1494 1490 1668 1573 paix.

1378 1697 1445 1731 LE
1478 1695 1737 1731 minem.

762 1748 1112 1813 Gomment
1166 1745 1623 1812 demandes-tu
1679 1752 1721 1809 a
1770 1743 1950 1809 Dieu
1994 1743 2153 1827 qu’il
2214 1749 2280 1807 te
2325 1740 2541 1807 donne

588 1842 658 1899 ta
718 1833 1123 1911 nourriture‚
1199 1854 1328 1898 veu
1391 1831 1547 1915 qu'il
1619 1853 1784 1896 nous
1857 1828 2255 1896 commande-
2318 1827 2399 1893 de
2475 1828 2543 1893 la

586 1919 863 2004 gaigner
898 1939 984 1982 au
1026 1918 1265 1984 travail
1311 1918 1390 1982 dc
1435 1939 1553 1982 noz
1596 1916 1854 1981 mains?

1426 2021 1692 2073 n’nmunr.

760 2089 1080 2156 Combien
1124 2089 1280 2172 qu’il
1319 2111 1485 2154 nous
1527 2088 1707 2154 faille
1742 2087 2083 2154 travailler
2124 2107 2290 2168 pour
2323 2086 2538 2151 vivre:

587 2176 927 2242 toutesfois
975 2177 1032 2242 si
1085 2190 1291 2240 est-ee
1348 2195 1472 2258 que
1511 2182 1733 2240 nostre
1777 2174 2024 2251 labeur,
2081 2172 2406 2237 industrie
2472 2179 2543 2236 et

586 2261 906 2345 diligence
961 2283 1046 2326 ne
1102 2282 1270 2325 nous
1325 2261 1737 2326 nourrissent
1788 2280 1957 2343 pas:
2003 2259 2170 2323 mais
2234 2257 2303 2323 la
2357 2257 2541 2324 seule

563 2348 1001 2415 ·benediction
1049 2346 1128 2411 de
1169 2348 1359 2426 Dieu,
1406 2345 1689 2429 laquelle
1734 2352 1836 2410 est
1878 2366 1993 2409 sur
2036 2364 2158 2407 noz
2210 2345 2425 2408 mains
2473 2350 2542 2407 et

585 2442 807 2500 nostre
850 2434 1106 2510 labeur,
1160 2454 1327 2516 pour
1371 2433 1431 2497 le
1474 2433 1636 2496 faire
1680 2450 2039 2514 prosperet.
2149 2430 2246 2493 Et
2289 2429 2540 2495 davan-

586 2527 776 2605 tage,
804 2520 852 2584 il
899 2541 1063 2584 nous
1107 2518 1273 2582 fault
1316 2517 1633 2582 entendre
1678 2536 1807 2599 que
1847 2536 1920 2581 ce
1961 2536 2047 2579 ne
2091 2523 2241 2581 sont
2282 2534 2403 2596 pas
2445 2513 2542 2579 les

585 2605 859 2671 viandes
913 2605 1026 2688 qui
1071 2626 1234 2668 nous
1278 2603 1722 2681 nourrissent,
1780 2621 2012 2666 encore
2066 2621 2193 2683 que
2238 2621 2402 2665 nous
2444 2599 2542 2663 les

587 2712 793 2776 ayons
836 2697 879 2754 a
914 2688 1510 2755 commandement:
1559 2687 1725 2752 mais
1761 2687 1827 2752 la
1861 2693 2053 2752 vertu
2089 2685 2177 2750 du
2213 2682 2545 2769 Seigneur

586 2777 698 2860 qui
754 2796 869 2840 use
927 2773 1214 2839 d'ieelles
1278 2794 1526 2838 comme
1596 2772 2063 2837 d’instrument
2125 2777 2273 2836 tant
2332 2768 2542 2835 seule-

580 2868 765 2926 ment
806 2860 1034 2945 (Deut.
1077 2863 1138 2939 8,
1179 2864 1233 2922 3.
1287 2860 1412 2941 17).

1386 3065 1453 3099 LE
1486 3065 1747 3099 mmm·

761 3116 1116 3201 Pourquoy
1176 3114 1619 3198 l'appelles-tu
1683 3115 1838 3195 tien,
1900 3117 2049 3199 puis
2115 3135 2242 3198 que
2297 3121 2372 3179 tu
2432 3114 2544 3179 de-

585 3203 861 3269 mandes
898 3202 1055 3286 qu’il
1096 3208 1164 3267 te
1209 3201 1334 3267 soit
1376 3199 1634 3266 donne?

1439 3303 1703 3358 dnn-Aur.

758 3374 938 3441 O'est
969 3395 1091 3456 par
1120 3372 1188 3438 la
1220 3372 1418 3438 bonte
1455 3373 1536 3437 de
1571 3372 1750 3438 Dieu
1785 3372 1945 3456 qu’il
1982 3380 2083 3438 est
2113 3373 2269 3438 faict
2300 3380 2541 3453 nostre,

587 3479 856 3525 encores
893 3460 1048 3544 qu’il
1093 3481 1176 3524 ne
1221 3480 1387 3526 nous
1432 3459 1559 3525 soit
1599 3460 1787 3543 point
1829 3458 1973 3524 deu.
2062 3459 2157 3524 Et
2199 3460 2378 3525 aussi
2422 3481 2544 3543 par

587 3546 730 3612 cela
775 3567 942 3611 nous
1000 3566 1281 3611 sommes
1335 3544 1642 3624 advertis,
1702 3544 1782 3610 de
1834 3567 1917 3610 ne
1972 3543 2223 3610 desirer
2265 3545 2329 3610 le
2386 3546 2541 3629 pain

588 3630 926 3717 d’autruy:
993 3633 1159 3697 mais
1217 3631 1409 3715 celuy
1464 3652 1590 3713 que
1647 3652 1812 3696 nous
1868 3652 2111 3697 aurens
2157 3631 2378 3714 aequis
2421 3652 2543 3714 par

587 3737 828 3800 moyen
870 3717 1181 3800 legitime,
1228 3717 1410 3782 selon
1452 3715 1911 3807 l'ordonnance
1955 3714 2036 3783 de
2077 3716 2270 3782 Dieu.

1384 3837 1450 3873 u!
1483 3837 1743 3873 mlum

758 3889 1114 3973 Pourquoy
1161 3888 1367 3953 dis-tu
1410 3886 1765 3971 quotidien,
1812 3895 1879 3953 et
1921 3886 2378 3973 auiourdhuy?

1429 3990 1693 4045 a'nurur.

760 4060 925 4126 Cela
979 4069 1081 4126 est
1132 4082 1297 4144 pour
1335 4082 1505 4126 nous
1565 4059 1938 4144 apprendre
1981 4058 2229 4125 d’avoir
2271 4066 2543 4125 conten-

586 4153 861 4226 tement,
907 4153 975 4212 et
1016 4167 1101 4212 ne
1145 4147 1331 4229 point
1376 4152 1646 4229 appeter
1687 4145 1835 4229 plus
1881 4167 2006 4234 que
2051 4153 2274 4212 nostre
2318 4166 2543 4211 neces-

587 4233 712 4299 site
756 4234 1060 4316 requiert.

1386 4354 1453 4388 LE
1485 4354 1743 4388 1115leOE-

760 4404 911 4468 Veu
975 4425 1100 4487 que
1167 4413 1342 4470 ceste
1407 4404 1625 4487 priere
1688 4412 1791 4469 est
1828 4423 2197 4468 ¹commune
2264 4409 2307 4468 a
2373 4410 2541 4481 tous,

588 4497 916 4555 comment
953 4489 1050 4554 les
1092 4491 1326 4569 riches‚
1372 4491 1485 4575 qui
1528 4498 1645 4556 ont
1685 4489 2016 4573 provision
2060 4496 2127 4553 et
2169 4487 2544 4554 abondance

590 4570 673 4638 de
717 4573 901 4639 biens
964 4597 1131 4657 pour
1186 4576 1343 4660 long
1385 4584 1629 4662 temps,
1692 4574 2127 4659 peuveut-ilz
2185 4573 2543 4639 demandet

589 4679 758 4742 pour
800 4680 894 4722 un
936 4659 1123 4724 iour‘?

1436 4765 1698 4819 n'nnrm.

763 4829 825 4895 Il
880 4830 1023 4895 faut
1065 4849 1189 4912 que
1233 4839 1378 4895 tant
1430 4832 1643 4898 riches
1699 4855 1823 4916 que
1876 4852 2115 4916 povres
2182 4829 2544 4897 entendent

591 4936 721 5000 que
765 4923 911 4980 tout
952 4936 1027 4980 ce
1062 4917 1254 4999 qu’ilz
1294 4924 1408 4981 ont
1440 4939 1525 4982 ne
1566 4919 1712 4983 leur
1753 4926 1911 5002 peut
1953 4918 2032 4983 de
2075 4919 2219 4984 rien
2251 4918 2540 5001 profiter,

2646 542 2917 622 dientes,
2965 552 3034 607 et
3076 541 3160 608 ad
3192 542 3491 607 obeunda
3534 542 3844 625 obsequia
3881 543 4058 608 ultro
4101 543 4344 626 parati:
4390 543 4590 608 talem

2643 627 2987 694 obediendi
3028 628 3525 712 propensionem
3561 617 3938 694 bominibus
3980 646 4152 711 opto,
4188 635 4263 692 ut
4305 650 4376 694 se
4418 630 4591 713 quis-

2643 735 2770 798 que
2804 713 2901 778 illi
2933 714 3002 779 in
3037 713 3478 781 voluntariam
3512 713 3976 780 subiectionem
4010 735 4280 798 prorsus
4316 714 4589 781 addicat.

3487 835 3745 871 mlssm.

2813 885 3011 950 Nunc
3054 883 3138 950 ad
3181 882 3537 951 secundam
3581 892 3836 967 partem
3881 885 4088 951 venio,
4105 888 4163 969 ²)
4251 883 4431 966 Quid
4471 886 4590 952 tibi

2644 971 2971 1056 significat
3005 970 3438 1053 quotidianus,
3477 992 3670 1053 quem
3713 971 3898 1054 petis,
3942 970 4179 1054 panis?

3542 1092 3691 1128 PUER-

2817 1141 2903 1206 In
2960 1142 3347 1208 universum
3403 1142 3718 1225 quidquid
3784 1141 3868 1207 ad
3919 1141 4230 1208 tuendam
4285 1163 4590 1225 praesen·

2648 1236 2782 1293 tem
2827 1228 3036 1293 vitam
3078 1229 3256 1294 facit:
3305 1249 3442 1292 non
3486 1228 3721 1293 alendo
3771 1237 4033 1294 tantum
4076 1236 4190 1294 aut
4233 1228 4587 1309 vestiendo,

2646 1312 2760 1378 sed
2816 1313 3206 1396 praebendis
3282 1335 3534 1396 quoque
3589 1314 3735 1379 aliis
3797 1313 4099 1380 omnibus
4161 1314 4588 1393 adminiculis,

2646 1397 2877 1482 quibus
2922 1400 3333 1465 sustinentur
3377 1412 3685 1464 externae
3740 1402 3917 1465 vitae
3959 1401 4406 1466 necessitates:
4466 1420 4588 1484 quo

2644 1506 2886 1568 panem
2931 1493 3261 1564 nostrum,
3305 1492 3623 1568 quatenus
3669 1485 3975 1568 expedire
4017 1486 4344 1551 Dominus
4387 1487 4588 1565 novit,

2646 1570 2989 1654 tranquilli
3031 1569 3461 1637 comedamus,

3480 1693 3738 1727 mmswn.

2817 1742 2957 1808 Cur
2998 1750 3218 1808 autem
3270 1743 3387 1807 tibi
3434 1765 3473 1807 a
3510 1743 3652 1807 Deo
3698 1741 3925 1809 donari
3985 1753 4201 1827 optas,
4259 1744 4428 1827 quod
4474 1767 4590 1811 nos

2643 1829 2866 1894 labore
2909 1839 3134 1894 nostro
3176 1850 3410 1912 parare
3443 1829 3666 1893 iubet?
4479 1864 4486 1871 .

3544 2038 3697 2073 PUEB.

2743 2102 2746 2107 '
2815 2087 3105 2151 Tametsi
3163 2088 3374 2152 vietus
3427 2088 3702 2169 parandi
3765 2107 3962 2153 causa
3996 2086 4460 2166 laborandum,
4518 2107 4591 2153 ae

2644 2174 2841 2239 etiam
2876 2171 3470 2238 sudandum'nobis
3507 2183 3634 2251 est,
3683 2195 3816 2237 non
3846 2173 4065 2238 labore
4087 2180 4308 2237 tamen
4347 2180 4589 2252 nostro,

2645 2280 2779 2324 non
2820 2258 3177 2335 industria,
3232 2279 3365 2321 non
3411 2258 3759 2323 sedulitate
3803 2258 4067 2323 alimur:
4129 2258 4245 2323 sed
4291 2280 4426 2323 una
4465 2259 4592 2324 Dei

2642 2342 3113 2429 benedictione,
3137 2364 3269 2426 qua
3297 2343 3481 2409 labor
3510 2345 3650 2426 ipse
3674 2365 3990 2409 manuum
4011 2350 4388 2408 nostrarum
4410 2366 4592 2427 pros-

2644 2438 2943 2513 peratur,
2993 2430 3258 2495 futurus
3313 2430 3553 2512 alioqui
3608 2431 3841 2498 inanis.
3931 2430 4285 2495 Praeterea
4339 2430 4432 2495 sic
4474 2430 4594 2494 ha-

2644 2515 2938 2585 bendum
2957 2525 3111 2579 -est:
3168 2515 3365 2580 etiam
3425 2537 3624 2599 quum
3683 2516 3974 2581 ciborum
4029 2516 4217 2599 copia
4268 2516 4456 2580 nobis
4512 2515 4596 2581 ad

2645 2622 2916 2665 manum
2959 2600 3281 2684 suppetit,
3327 2601 3585 2683 illisque
3621 2605 3964 2681 vescimur,
4009 2622 4142 2665 non
4186 2601 4453 2665 illorum
4497 2610 4596 2665 ta-

2647 2708 2800 2751 men
2844 2686 3239 2766 substantia,
3295 2686 3408 2751 sed
3450 2687 3590 2751 sola
3630 2686 3761 2751 Dei
3814 2688 4059 2754 virtute
4112 2708 4233 2752 nos
4269 2687 4372 2751 ali.
4462 2686 4599 2752 Ne·

2647 2793 2772 2854 que
2817 2772 2992 2837 enim
3035 2772 3173 2837 vim
3208 2770 3527 2837 eiusmodi
3573 2773 3821 2838 habent
3854 2793 3894 2837 a
3928 2781 4167 2838 natura
4200 2773 4594 2856 ingenitam:

2647 2857 2764 2923 sed
2795 2855 2980 2923 Deus
3005 2879 3040 2921 e
3077 2858 3272 2937 coelo,
3298 2867 3608 2939 tanquam
3644 2858 4111 2924 beneficentiae
4144 2879 4301 2925 suae
4332 2860 4602 2943 organis

2649 2942 3079 3009 administrat.

3501 3064 3759 3098 mmmm

2822 3119 2941 3194 [foL
2991 3119 3099 3193 62]
3160 3114 3364 3197 Atqui
3417 3120 3605 3178 tuum
3676 3135 3802 3196 quo
3862 3116 4005 3181 iure
4072 3136 4311 3199 panem
4375 3136 4603 3181 vocas:

2648 3220 2851 3282 quum
2896 3197 3015 3263 tibi
3056 3221 3095 3264 a
3138 3197 3283 3264 Deo
3326 3199 3620 3283 postules
3665 3199 3850 3264 dari?

3545 3321 3699 3359 PUBB·

2820 3371 3091 3454 Nempe,
3137 3373 3287 3454 quia
3326 3372 3458 3437 Dei
3500 3371 3906 3456 benignitate
3948 3374 4028 3436 fit
4068 3378 4315 3438 noster:
4366 3384 4627 3457 utcun-¹

2647 3477 2775 3540 que
2841 3457 3030 3523 nobis
3106 3458 3376 3522 minime
3444 3457 3775 3524 debeatur.
3879 3456 4331 3522 Admonemur
4400 3460 4612 3524 etiam

2648 3544 2772 3608 hoc
2816 3543 3046 3622 verbo,
3103 3542 3186 3608 ab
3230 3543 3443 3609 alieno
3497 3566 3669 3628 pane
3713 3542 4076 3627 appetendo
4120 3543 4309 3609 nobis
4353 3551 4615 3629 tempe-

2647 3650 2824 3693 rare:
2894 3637 3359 3712 contentosque
3428 3651 3504 3694 eo
3562 3651 3731 3708 esse,
3798 3629 3910 3711 qui
3973 3629 4269 3713 legitima
4321 3632 4608 3713 ratione,

2649 3723 2962 3798 tanquam
2997 3735 3079 3779 ex
3118 3715 3247 3781 Dei
3292 3736 3493 3780 manu
3540 3716 3623 3780 ad
3666 3736 3787 3779 nos
3830 3716 4219 3797 pervenerit.

2820 3885 3294 3967 Quotidianum
3338 3907 3454 3952 cur
3489 3835 3806 3965 affigam&
3840 3885 4075 3951 hodie?

3547 4007 3697 4043 PUER-

2817 4059 2946 4123 His
3001 4057 3256 4123 duabus
3310 4058 3649 4141 particulis
3702 4056 3786 4121 ad
3814 4057 4352 4145 ,moderationem
4411 4060 4624 4127 insti-

2648 4145 2897 4209 tuimur
2932 4164 3007 4211 ac
3040 4144 3541 4209 continentiam:
3579 4164 3665 4207 ne
3698 4143 3969 4208 modum
4001 4144 4412 4210 necessitatis
4443 4155 4627 4213 vota

2645 4238 2873 4296 nostra
2914 4228 3253 4296 excedant.

3490 4351 3749 4386 mmm.

2819 4400 3042 4481 Quum
3079 4400 3239 4467 haec
3271 4402 3633 4467 communis
3664 4401 3956 4466 omnium
4000 4421 4143 4467 esse
4177 4400 4415 4466 debeat
4453 4424 4634 4486 pre-

2646 4488 2813 4553 catio
2831 4538 2845 4565 ‚
2905 4486 3017 4570 qui
3070 4487 3215 4551 fieri
3258 4495 3501 4570 potest,
3559 4494 3634 4553 ut
3690 4487 3956 4566 divites,
4015 4487 4129 4570 qui
4170 4485 4343 4551 domi
4390 4487 4633 4555 abun-

2646 4571 2824 4651 dant,
2861 4573 3341 4657 repositamque
3384 4576 3451 4638 in
3494 4574 3766 4659 longum
3807 4581 4067 4656 tempus
4102 4592 4440 4639 annonam
4493 4577 4635 4643 ha-

2645 4658 2821 4737 bent,
2867 4658 2990 4723 sibi
3033 4667 3266 4743 petant
3302 4660 3374 4725 in
3418 4659 3591 4725 diem
3637 4657 3817 4725 dari?

3540 4781 3693 4817 tumt-

2819 4830 2966 4897 Hoc
3017 4830 3257 4898 divites
3309 4851 3638 4915 peraeque
3686 4852 3760 4897 ac
3802 4850 4122 4915 pauperes
4166 4829 4644 4904 constit-utum

2646 4916 2890 4982 habere
2931 4924 3214 5001 oportet,
3273 4916 3442 4981 nihil
3483 4939 3708 4984 eorum
3752 4937 3917 5001 quae
3961 4914 4222 4995 habent,
4278 4915 4408 4981 sibi
4459 4941 4644 5005 pro-

890 5138 964 5204 ·1)
1000 5138 1080 5192 Le
1113 5137 1202 5191 41.
1239 5138 1536 5193 dimanche.
1571 5167 1638 5176 —
1677 5138 1757 5193 La
1792 5142 2117 5208 quatriesme
2152 5147 2422 5210 requeste.
2461 5167 2522 5178 -
2565 5138 2680 5207 Que
2716 5136 2849 5193 e’est
2883 5152 2987 5205 que
3024 5138 3315 5193 demandet
3360 5145 3544 5194 nostre
3582 5140 3708 5206 pain
3745 5140 4035 5207 quotidien,
4069 5168 4139 5179 —
4174 5137 4314 5193 Dieu
4349 5139 4533 5200 benit
4577 5148 4637 5204 le

590 5206 800 5263 labeur.
836 5237 903 5246 —
937 5207 1072 5261 Pain
1106 5206 1395 5276 quotidien,

900 5273 961 5341 2)
999 5279 1273 5332 veniamus
1308 5274 1462 5329 Besa
1494 5291 1538 5329 e.
1574 5290 1715 5345 seqq.
