4967 5992
341 344 470 406 485

339 536 488 595 cata
529 538 648 605 est,
690 534 768 592 ut
797 526 982 592 nulla
1012 526 1251 592 clarior
1291 526 1411 592 lux
1446 524 1805 591 desiderari
1849 523 2099 589 debeat.
2173 524 2308 588 Le-

392 615 406 629 ‘
488 613 808 679 iustitiam
853 633 1007 678 cum
1055 612 1384 696 evangelii
1427 611 1682 677 iustitia
1725 611 1981 676 confert
2022 608 2303 675 Paulus:

341 701 529 766 illam
562 700 634 764 in
665 698 971 782 operibus
1001 698 1193 775 locat,
1239 698 1412 763 hanc
1443 698 1518 761 in
1550 695 1807 763 Christi
1839 696 2054 779 gratia
2080 695 2301 779 (Rom.

351 793 448 867 10,
490 790 527 849 5
564 787 737 867 etc.).
826 784 1056 865 Neque
1111 783 1289 848 inter
1343 803 1545 866 opera
1599 791 1666 847 et
1708 781 2055 847 Christum
2109 779 2303 845 dimi-

344 873 513 949 diat,
570 870 687 936 sed
727 871 801 934 in
845 870 1128 934 solidum
1163 868 1432 935 Christo
1467 867 1810 945 adscribit,
1866 866 2037 949 quod
2081 887 2305 931 coram

342 960 492 1024 Deo
547 957 702 1022 iusti
753 976 1117 1021 censemur.
1206 954 1360 1021 Duo
1414 956 1523 1021 hie
1566 954 1635 1019 in
1694 953 2149 1037 quaestionem
2192 973 2303 1017 ve-

341 1045 569 1110 niunt:
640 1053 868 1106 utrum
935 1043 1111 1105 inter
1183 1062 1307 1106 nos
1384 1049 1452 1105 et
1513 1041 1731 1105 Deum
1799 1035 2155 1104 dividenda
2218 1039 2304 1103 sit

343 1130 576 1195 salutis
642 1137 908 1192 nostrae
972 1126 1216 1210 gloria;
1284 1135 1513 1190 utrum
1578 1126 1651 1189 in
1727 1144 2003 1207 operum
2062 1122 2305 1190 fiducia

343 1224 488 1280 tuto
551 1214 966 1297 acquiescere
1041 1232 1261 1277 coram
1325 1214 1471 1276 Deo
1531 1211 1969 1277 conscientiae
2036 1219 2304 1275 nostrae

343 1301 615 1384 possint.
697 1298 806 1364 De
858 1299 1077 1381 priore
1123 1299 1217 1361 ita
1272 1297 1506 1362 definit
1549 1296 1826 1361 Paulus:
1875 1302 1951 1360 ut
1995 1315 2191 1360 omne
2230 1317 2303 1361 os

342 1388 753 1463 obstruatur,
835 1394 900 1449 et
980 1384 1301 1449 obnoxius
1368 1382 1683 1449 reddatur
1758 1388 1938 1446 totus
2013 1380 2304 1449 mundus

340 1472 517 1550 Deo,
561 1490 790 1535 omnes
826 1469 911 1535 ad
953 1491 1161 1534 unum
1203 1490 1351 1535 reos
1393 1489 1535 1535 esse
1575 1468 1944 1533 iniustitiae
1986 1475 2055 1531 et
2094 1467 2305 1550 gloria

343 1557 695 1623 destitutos
706 1580 722 1636 3
768 1555 977 1639 gratis
1021 1564 1242 1620 autem
1284 1554 1625 1620 iustificari
1668 1553 1846 1618 illius
1884 1553 2125 1637 gratia,
2183 1573 2303 1636 per

344 1643 866 1726 redemptionem
921 1662 1087 1723 quae
1145 1650 1246 1707 est
1298 1641 1371 1706 in
1417 1640 1689 1707 Christo
1735 1639 1916 1716 Iesu,
1972 1637 2172 1721 idque
2217 1637 2302 1704 ad

341 1728 782 1795 ostensionem
834 1727 1010 1792 illius
1062 1727 1383 1806 iustitiae,
1452 1735 1531 1791 ut
1587 1727 1675 1790 sit
1728 1727 1872 1808 ipse
1925 1725 2169 1804 iustus,
2235 1732 2303 1789 et

343 1814 708 1880 iustificans
778 1834 928 1878 eum
1030 1813 1100 1876 ui
1156 1821 1260 1877 est
1327 1834 1408 1877 ex
1475 1811 1606 1877 fide
1672 1810 1925 1877 Christi
1978 1811 2199 1894 (Rom.
2242 1814 2299 1889 3,

352 1906 447 1966 19.
487 1904 567 1962 22
606 1901 782 1981 etc.).
871 1899 983 1964 Un
1031 1920 1066 1962 c
1118 1898 1397 1982 colligit,
1454 1897 1788 1963 exclusam
1849 1917 2114 1973 omnem
2159 1917 2302 1961 car-

341 1987 447 2052 nis
490 1985 950 2069 gloriationem
992 2005 1152 2049 esse.
1241 1985 1439 2049 Hanc
1480 2006 1600 2049 666
1653 1982 2100 2048 definitionem
2144 1982 2302 2046 sim-

339 2071 598 2155 pliciter
638 2071 1007 2153 sequimur:
1063 2069 1427 2134 reclamant
1480 2069 1871 2146 adversarii,
1928 2088 2067 2132 non
2109 2066 2304 2132 aliter

339 2158 683 2223 iustificari
742 2156 1079 2221 hominem
1134 2157 1264 2220 Dei
1321 2156 1564 2240 gratia,
1622 2155 1753 2218 nisi
1809 2162 1887 2218 ut
1945 2173 2100 2235 pars
2157 2153 2302 2218 lau-

340 2241 442 2309 dis
485 2244 556 2306 16
611 2242 754 2307 6166
809 2242 1117 2323 operibus
1163 2240 1466 2306 resideat.
1557 2241 1662 2305 De
1716 2238 1923 2304 altero
1967 2239 2062 2303 ita
2104 2240 2301 2304 ratio-

332 2330 600 2394 cinatur
640 2326 816 2391 idem
858 2327 1143 2392 Paulus:
1204 2325 1262 2391 si
1306 2347 1390 2391 ex
1429 2327 1576 2409 lege
1628 2334 1803 2390 esset
1841 2324 2016 2389 vitae
2071 2324 2302 2390 hacre-

337 2413 541 2490 ditas,
597 2413 858 2476 irritam
901 2412 1102 2477 fidem
1143 2412 1312 2490 fore,
1371 2418 1440 2475 ct
1477 2411 1984 2495 promissionem
2026 2410 2299 2475 nullam.

334 2496 536 2566 Unde
578 2497 928 2576 concludit,
974 2499 1102 2563 fide
1144 2518 1266 2561 nos
1292 2496 1766 2563 haereditatem
1810 2502 1958 2577 [pag.
1999 2501 2106 2575 63]
2148 2518 2304 2563 con·

333 2584 546 2667 sequi,
580 2590 658 2647 ut
692 2584 886 2647 firma
920 2584 1009 2648 sit
1042 2583 1386 2667 promissio
1423 2583 1643 2665 (Rom.
1683 2589 1743 2661 4,
1794 2588 1870 2646 14
1897 2582 2034 2667 ss.).
2109 2583 2301 2660 Item,

333 2670 725 2735 iustificatos
767 2670 839 2732 in
875 2668 1144 2735 Christo
1187 2689 1417 2752 pacem
1452 2668 1713 2748 habere,
1759 2690 1970 2751 neque
2019 2668 2303 2751 amplius

331 2754 697 2821 formidare
759 2753 891 2819 Dei
952 2763 1371 2838 conspectum
1439 2755 1660 2837 (Rom.
1701 2761 1757 2830 5,
1805 2755 1888 2836 l).
1979 2754 2306 2837 Intelligit

333 2848 579 2919 autem,
626 2839 802 2923 quod
842 2860 962 2923 pro
1005 2863 1075 2907 66
1119 2841 1393 2925 quisque
1427 2850 1727 2906 nostrum
1765 2841 2118 2923 experitur,
2157 2841 2302 2905 fieri

333 2926 535 2992 aliter
576 2946 710 2991 non
752 2945 960 3007 posse,
1005 2928 1163 3009 quin
1208 2933 1527 3009 perpetua
1567 2926 2021 3010 inquietudine
2054 2946 2304 2991 vexen-

334 3020 480 3090 tur,
537 3031 613 3077 ac
656 3018 959 3077 aestuent
1011 3013 1483 3091 conscientiae,
1541 3012 1855 3094 quamdiu
1898 3011 1983 3077 ad
2027 3033 2302 3095 operum

331 3097 745 3183 praesidium
788 3098 1353 3181 circumspiciunt:
1412 3120 1489 3165 ac
1542 3105 1704 3164 tunc
1759 3096 2026 3162 demum
2069 3118 2304 3163 serena

331 3181 727 3269 placidaque
769 3185 1253 3267 tranquillitate
1295 3186 1446 3263 frui,
1491 3204 1694 3266 quum
1737 3183 1820 3249 ad
1842 3182 2188 3249 Christum
2231 3204 2303 3248 66

331 3269 780 3346 contulerunt,
824 3275 1139 3352 tanquam
1175 3268 1261 3334 ad
1299 3271 1574 3335 unicum
1605 3289 1806 3333 verae
1839 3269 2117 3334 fiduciae
2152 3290 2303 3351 por-

334 3362 504 3421 tum.
593 3353 702 3420 Ad
747 3354 918 3421 hanc
962 3355 1328 3422 doctrinam
1366 3376 1488 3420 nos
1543 3353 1714 3419 nihil
1757 3353 2074 3420 addimus.
2167 3353 2304 3420 Sed

379 3441 514 3507 uod
557 3440 811 3505 Paulus
855 3462 974 3524 pro
1017 3442 1273 3525 ingenti
1308 3440 1591 3507 absurdo
1631 3437 1830 3518 ducit,
1872 3441 2302 3506 conscientias

332 3462 748 3592 dubitatione
804 3526 1191 3609 inquietari,
1251 3526 1614 3593 adversarii
1670 3526 1848 3591 inter
1890 3526 2106 3609 prima
2148 3526 2299 3593 fidei

337 3633 504 3678 suae
549 3612 883 3677 axiomata
924 3620 1299 3679 numerant.

519 3696 828 3762 Secunda
871 3699 1200 3783 exceptiO,
1247 3720 1380 3783 qua
1418 3699 1697 3779 utimur,
1754 3697 1840 3763 ad
1880 3706 2302 3781 peccatorum

335 3782 800 3849 remissionem
872 3786 1178 3867 pertinet.
1308 3784 1486 3850 Nam
1568 3783 1934 3851 adversarii
2018 3783 2300 3867 quidem,

334 3889 550 3953 quum
576 3888 820 3951 negare
849 3880 1178 3953 nequeant
1201 3870 1505 3936 homines
1547 3878 1687 3935 tota
1727 3872 1873 3936 vita
1915 3870 2303 3950 claudicare,

335 3974 541 4037 saepe
585 3953 785 4019 etiam
830 3954 991 4020 labi:
1037 3957 1250 4036 fateri,
1295 3956 1507 4023 velint
1550 3957 1780 4035 nolint,
1818 3957 2018 4022 etiam
2054 3977 2304 4042 cogun-

333 4049 480 4119 tur,
538 4039 737 4106 venia
794 4061 1019 4107 omnes
1076 4042 1373 4127 indigere
1424 4064 1547 4126 per
1600 4064 1799 4125 quam
1853 4042 2145 4108 iustitiae
2189 4043 2303 4108 de-

334 4127 555 4193 fectus
624 4124 1029 4208 suppleatur.
1132 4128 1267 4194 Sed
1337 4129 1818 4194 satisfactiones
1883 4136 2114 4212 postea
2175 4130 2305 4194 fin-

334 4219 546 4363 ffint,
592 4212 826 4294 quibus
869 4214 997 4278 Dei
1038 4216 1324 4298 gratiam
1364 4215 1723 4295 redimant,
1778 4217 1891 4299 qui
1934 4224 2303 4298 peccarunt.

470 4297 596 4362 hoc
636 4296 847 4379 gradu
890 4301 1303 4365 constituunt
1342 4301 1635 4384 primum
1667 4302 2143 4382 contritionem,
2192 4302 2305 4368 de-

331 4383 495 4449 inde
539 4403 769 4465 opera,
817 4404 986 4466 quae
1037 4393 1280 4452 vocant
1335 4388 1959 4471 supererogationis,
2014 4395 2083 4454 et
2137 4409 2304 4470 quae

331 4468 790 4553 peccatoribus
831 4470 1215 4555 irrogantur
1257 4494 1298 4537 a
1338 4473 1485 4538 Deo
1530 4494 1795 4556 poenae.
1883 4475 2093 4539 Porro
2140 4495 2302 4557 quo-

332 4555 524 4621 niam
580 4558 1141 4637 compensat-iones
1199 4559 1360 4624 istas
1417 4580 1457 4623 a
1510 4558 1691 4624 iusta
1739 4580 2052 4625 mensura
2105 4559 2299 4645 longe

333 4640 561 4707 adhuc
620 4640 848 4705 abesse
902 4644 1231 4723 sentiunt,
1309 4643 1578 4709 aliunde
1645 4653 1989 4711 accersunt
2053 4667 2298 4711 novum

332 4726 807 4793 satisfactionis
860 4748 1095 4811 genus:
1164 4749 1251 4795 ex
1314 4731 1629 4796 beneficio
1692 4730 1978 4796 clavium
2029 4732 2295 4797 scilicet.

331 4811 659 4879 Clavibus
723 4820 944 4879 autem
1009 4816 1293 4882 reserari
1344 4816 1575 4882 dicunt
1645 4817 2035 4881 thesaurum
2092 4816 2297 4882 eccle-

331 4899 508 4964 siae:
558 4902 635 4961 ut
671 4896 846 4980 quod
886 4900 1075 4967 nobis
1117 4901 1329 4981 deest,
1384 4924 1469 4968 ex
1513 4901 1764 4968 Christi
1808 4909 1873 4967 et
1916 4910 2296 4968 sanctorum

331 4984 597 5050 meritis
653 4983 1055 5067 suppleatur.
1143 4988 1280 5053 Nos
1323 5008 1511 5067 vere,
1558 4988 1844 5072 gratuito
1885 4989 2133 5053 remitti
2176 4988 2297 5054 ho-

329 5070 634 5135 minibus
669 5076 936 5152 peecata
953 5073 1328 5153 asserimus,
1367 5079 1516 5155 [pag.
1544 5078 1650 5153 54]
1697 5095 1813 5140 nec
1834 5074 2036 5138 ullam
2057 5095 2296 5159 agnos-

331 5157 555 5223 cimus
610 5154 809 5218 aliam
863 5157 1401 5239 satisfactionem,
1456 5160 1586 5226 nisi
1638 5180 1768 5243 qua
1799 5159 2153 5225 defunctus
2196 5169 2298 5226 est

330 5241 673 5319 Christus,
715 5259 921 5322 quum
960 5243 1279 5311 sacrificio
1311 5247 1542 5312 mortis
1577 5266 1736 5312 suae
1768 5251 2035 5329 peccata
2070 5254 2297 5313 nostra

1696 333 2422 403 nnrcammffl
2465 292 3014 406 nocmsnn.

4244 347 4377 411 486

2410 525 2726 609 expiavit.
2818 523 3042 592 Solius
3094 547 3251 611 ergo
3295 525 3552 593 Christi
3605 527 3921 595 beneflcio
3977 531 4124 596 fieri
4178 553 4374 614 prae-

2410 609 2723 690 dicamus,
2770 620 2850 677 ut
2893 614 3393 679 reconciliemur
3435 615 3610 693 Deo:
3655 634 3777 680 nec
3820 615 3991 681 ullas
4035 616 4145 682 hic
4195 636 4371 683 com-

2408 699 2827 778 pensationes
2867 700 3095 764 venire
3146 699 3215 763 in
3271 699 3629 775 rationem,
3686 721 3888 783 quum
3935 700 4075 767 sola
4119 701 4375 768 Christi

2408 784 2781 865 expiatione
2825 790 3177 851 contentus
3212 785 3514 851 coelestis
3552 794 3761 868 pater,
3808 786 4065 852 nullam
4100 809 4142 853 a
4183 789 4373 855 nobis

2408 869 2720 950 requirat.
2810 869 3031 936 Huius
3086 879 3354 935 nostrae
3398 870 3737 936 doctrinae
3790 871 4200 938 luculentam
4250 874 4371 939 ha-

2406 953 2637 1019 bemus
2703 957 3240 1037 approbationem
3307 978 3389 1022 ex
3460 957 3835 1040 scripturis:
3906 960 4170 1023 tametsi
4236 981 4371 1025 non

2407 1046 2660 1119 nostra,
2720 1040 2836 1105 sed
2891 1041 3248 1107 catholicae
3303 1042 3524 1124 potius
3579 1042 3890 1109 ecclesiae
3932 1043 4209 1109 dicenda
4251 1052 4369 1112 cst.

2407 1124 2609 1191 Hunc
2662 1125 2842 1189 enim
2897 1126 3167 1191 modum
3220 1126 3538 1193 redeundi
3592 1150 3743 1195 cum
3786 1128 3933 1195 Deo
3973 1129 4045 1194 in
4088 1132 4370 1214 gratiam

2407 1209 2622 1275 solum
2656 1212 2962 1293 proponit
2998 1212 3364 1294 apostolus:
3403 1213 3580 1297 quod
3616 1215 3672 1280 16
3707 1215 3818 1297 qui
3857 1223 4199 1297 peccatum
4237 1237 4369 1281 non

2406 1307 2717 1375 noverat,
2764 1316 2885 1379 pro
2928 1296 3115 1363 nobis
3158 1300 3369 1364 factus
3414 1301 3503 1364 sit
3543 1308 3914 1380 peccatum,
3960 1310 4034 1365 ut
4081 1302 4370 1369 efficere-

2406 1402 2557 1445 mur
2610 1381 2865 1448 iustitia
2919 1383 3048 1447 Dei
3103 1384 3174 1448 in
3227 1383 3341 1449 illo
3402 1388 3467 1467 (2
3512 1384 3664 1450 Cor.
3706 1390 3765 1464 5,
3804 1385 3937 1468 21).
4037 1388 4133 1452 Et
4191 1387 4369 1468 alibi,

2406 1488 2617 1549 quum
2663 1467 2743 1533 de
2788 1469 3171 1534 remissione
3216 1482 3637 1553 peccatorum
3682 1471 4002 1554 loquitur,
4061 1492 4180 1555 per
4223 1493 4369 1538 eam

2405 1552 2595 1618 nobis
2648 1553 2958 1636 imputari
3018 1553 3266 1638 absque
3320 1555 3627 1637 operibus
3684 1557 4034 1631 iustitiam,
4090 1566 4378 1624 testatur

2406 1639 2629 1722 (Rom.
2668 1645 2729 1715 4,
2770 1639 2856 1723 5).
2939 1638 3137 1720 Quod
3192 1661 3350 1724 ergo
3409 1643 3549 1707 suis
3606 1643 4164 1709 satisfactionibus
4222 1665 4375 1728 pro-

2406 1724 2647 1788 mereri
2701 1744 2773 1789 se
2830 1726 3280 1809 imaginantur
3338 1726 3699 1794 adversarii
3771 1728 4373 1795 reconciliationem

2403 1829 2556 1874 cum
2599 1810 2743 1874 Dec
2788 1830 3158 1894 poenasque
3203 1811 3524 1878 redimere
3566 1814 3775 1896 ipsius
3819 1812 4061 1879 iudicio
4098 1814 4371 1897 debitas,

2405 1895 2903 1961 exsecrabilem·
2933 1917 3075 1961 6666
3123 1897 3627 1980 blasphemiam,
3674 1899 3964 1977 fortiter,
4011 1901 4207 1965 sicuti
4250 1909 4371 1981 est,

2408 1999 2891 2047 asseveramus:
2951 2003 3155 2066 quum
3214 1983 3309 2046 ita
3361 1981 3739 2049 destruatur
3778 1984 3954 2067 quod
3997 1985 4247 2051 Iesaias
4292 1986 4374 2052 de

2406 2064 2677 2132 Christo
2720 2066 2942 2147 tradit,
2989 2067 3353 2150 disciplina,
3400 2077 3518 2133 aut
3558 2072 3958 2135 correctione
3993 2072 4174 2154 pacis
4218 2094 4376 2139 nos·

2405 2161 2550 2217 trae
2615 2174 2767 2217 eum
2836 2173 2983 2219 esse
3043 2155 3461 2236 perfunctum
3528 2154 3683 2235 (Ies.
3729 2160 3829 2233 53,
3872 2156 3959 2239 5).
4059 2157 4375 2240 Ineptum

2406 2258 2663 2320 quoque
2706 2238 2874 2303 illud
2920 2239 3001 2304 de
3043 2239 3350 2322 operibus
3399 2240 3992 2324 supererogationis
4036 2263 4373 2308 commen-

2407 2332 2551 2388 tum
2587 2345 2703 2389 cur
2744 2324 3185 2408 repudiemus,
3229 2325 3480 2390 multae
3523 2335 3682 2391 sunt
3723 2346 3992 2405 causae3
4039 2327 4156 2393 sed
4204 2327 4373 2394 duae

2405 2410 2556 2491 plus
2610 2412 2773 2476 satis
2838 2431 3101 2494 graves:
3171 2410 3348 2493 quod
3399 2432 3522 2477 nec
3579 2410 3716 2475 ullo
3772 2410 3966 2477 modo
4026 2413 4373 2479 tolerabile

2407 2506 2535 2575 est,
2596 2495 2747 2578 plus
2802 2516 2993 2579 posse
3036 2498 3181 2562 Deo
3220 2506 3555 2580 praestare
3600 2497 3967 2576 hominem,
4014 2519 4214 2581 quam
4258 2498 4373 2563 de-

2407 2580 2585 2646 beat:
2630 2595 2698 2645 et
2739 2603 2816 2646 ec
2860 2584 3125 2648 nomine
3167 2590 3242 2646 ut
3294 2582 3661 2665 plurimum
3704 2583 3917 2648 cultus
3960 2584 4373 2649 voluntarios

2406 2666 2806 2750 intelligunt,
2852 2688 3014 2751 quos
3057 2667 3216 2733 dum
3258 2668 3558 2734 homines
3593 2689 3678 2733 ex
3722 2689 3843 2734 suo
3881 2670 4149 2735 cerebro
4183 2671 4373 2736 fictos

2404 2751 2553 2817 Deo
2596 2753 2992 2827 obtrudunt,
3052 2754 3270 2819 oleum
3313 2753 3600 2836 perdunt
3644 2761 3713 2819 et
3758 2774 4055 2837 operam:
4107 2762 4372 2821 tantum

2408 2837 2625 2917 abest,
2686 2848 2761 2903 ut
2802 2840 2939 2904 irae
2983 2839 3116 2904 Dei
3171 2839 3531 2922 placandae
3572 2839 3836 2923 piacula
3878 2846 4026 2919 [pag.
4068 2846 4173 2919 55]
4220 2861 4373 2907 cen-

2406 2925 2539 2989 seri
2594 2923 2893 2990 debcant.
2982 2926 3192 2991 Porro
3237 2924 3491 2991 Christi
3550 2947 3671 2991 san
3721 2927 3945 2991 uinem
4001 2948 4152 2992 cum
4197 2947 4374 2991 mar-

2406 3018 2638 3094 tyrum
2682 3011 3004 3095 sanguine
3046 3012 3141 3077 sic
3182 3012 3465 3091 misceri,
3509 3019 3588 3076 ut
3630 3032 3669 3075 a
3749 3010 4165 3078 redimendas
4206 3033 4375 3096 quae

2406 3098 2693 3178 peccatis
2748 3094 3073 3162 debentur
3124 3117 3370 3181 poenas
3434 3098 3743 3164 confusus
3805 3099 4193 3163 meritorum
4260 3105 4377 3164 aut

2408 3182 2931 3249 satisfactionum
2976 3203 3257 3249 acervus
3291 3184 3427 3261 fiat,
3471 3204 3596 3249 nec
3635 3181 3982 3248 debuimus
4015 3185 4207 3260 ferre,
4250 3204 4376 3249 nec

2407 3268 2701 3332 tulimus.
2800 3267 3068 3335 Nullius
3134 3269 3314 3334 enim
3375 3269 3690 3352 martyris
3756 3268 4056 3351 sanguis,
4140 3280 4214 3333 ut
4278 3269 4377 3333 ait

2407 3354 2846 3438 Augustinus,
2873 3355 2924 3438 ¹)
2968 3356 3041 3418 in
3085 3354 3543 3420 remissionem
3579 3362 3994 3435 peccatorum
4030 3355 4215 3419 fusus
4251 3359 4372 3419 est.

2406 3439 2554 3506 Hoc
2600 3439 2806 3505 solius
2849 3438 3108 3505 Christi
3150 3441 3279 3504 fuit
3321 3461 3505 3522 opus,
3549 3440 3624 3503 in
3666 3460 3793 3522 quo
3838 3460 3972 3504 666
4006 3437 4181 3522 quod
4224 3439 4376 3503 imi-

2407 3532 2721 3603 taremur,
2760 3524 2876 3590 sed
2915 3525 3091 3608 quod
3128 3525 3632 3609 gratularemur,
3670 3525 3949 3589 contulit
3982 3525 4189 3590 nobis.
4244 3524 4375 3591 Cui

2406 3611 2739 3693 praeclare
2783 3612 3068 3678 succinit
3118 3613 3356 3697 Lco,2)
3401 3632 3605 3694 quum
3658 3611 3753 3674 ita
3808 3609 4062 3675 scribit:
4120 3609 4374 3691 Quam-

2404 3696 2510 3762 vis
2553 3698 2627 3762 in
2671 3698 2800 3762 Dei
2845 3704 3199 3781 conspectu
3244 3697 3608 3762 multorum
3653 3703 4028 3762 sanctorum
4085 3697 4375 3779 pretiosa

2406 3803 2587 3849 mors
2639 3784 2874 3864 fuerit,
2932 3784 3182 3849 nullius
3237 3791 3461 3849 tamen
3510 3782 3794 3849 insontis
3854 3782 4091 3847 occisio
4150 3781 4373 3865 propi-

2407 3870 2595 3934 tiatio
2638 3870 2768 3934 fuit
2807 3868 3071 3934 mundi:
3128 3890 3436 3953 accepere
3481 3869 3670 3949 iusti,
3717 3889 3853 3933 non
3898 3866 4223 3932 dederunt
4265 3887 4374 3932 co-

2407 3976 2634 4021 ronas:
2680 3964 2749 4021 et
2793 3956 2873 4021 de
2914 3955 3299 4021 fortitudine
3340 3953 3634 4020 fidelium
3679 3963 3838 4019 nata
3878 3961 4035 4018 sunt
4068 3952 4373 4036 exempla

2408 4040 2782 4125 patientiae,
2829 4061 2962 4106 non
3006 4041 3180 4106 dona
3222 4041 3526 4108 iustitiae.

2580 4129 2927 4194 Postrema
2969 4136 3200 4194 nostra
3241 4128 3535 4210 exceptio
3579 4135 3681 4191 est
3715 4123 3796 4188 de
3837 4123 4370 4188 remuneratione

2407 4234 2714 4295 operum:
2771 4233 2859 4277 ne
2913 4213 3202 4297 pendere
3258 4235 3342 4280 ex
3391 4233 3620 4278 eorum
3673 4210 3910 4274 merito
3926 4260 3943 4287 ,
4002 4208 4114 4273 vel
4155 4208 4370 4292 pretio

2407 4300 2855 4378 existimetur,
2919 4299 3035 4364 sed
3093 4321 3178 4365 ex
3232 4320 3416 4364 mera
3478 4297 3695 4380 potius
3752 4294 3884 4360 Dei
3938 4294 4368 4378 benignitate.

2403 4385 2736 4450 Fateatur
2787 4384 3056 4468 quidem
3107 4386 3311 4450 etiam
3364 4381 3758 4458 adversarii,
3826 4379 4003 4444 inter
4057 4380 4370 4445 meritum

2404 4471 2621 4554 operis
2662 4480 2731 4536 et
2771 4473 3139 4552 praemium
3182 4492 3315 4535 non
3357 4487 3502 4533 6666
3537 4465 4020 4549 aequalitatem.
4087 4465 4367 4543 Verum,

2403 4555 2578 4639 quod
2630 4557 3058 4640 praecipuum
3115 4564 3214 4623 est
3268 4555 3341 4618 in
3400 4552 3522 4618 hac
3564 4574 3638 4617 re
3654 4603 3669 4629 ,
3736 4572 3872 4616 non
3914 4550 4368 4616 considerant:

2402 4641 2575 4708 bona
2625 4642 2924 4708 fidelium
2979 4660 3176 4724 opera
3228 4659 3574 4723 nunquam
3631 4645 3769 4703 tam
3833 4658 4004 4721 pura
4055 4657 4231 4717 6666,
4291 4642 4370 4701 ιιι

2401 4728 2664 4811 placere
2722 4727 2867 4792 sine
2917 4728 3112 4792 venia
3167 4731 3430 4807 queant.
3530 4724 3684 4788 Non
3743 4721 4194 4801 considerant,
4260 4721 4368 4786 in-

2401 4834 2598 4897 quam
2612 4864 2628 4892 ,
2680 4811 3002 4895 aliquibus
3046 4832 3305 4894 semper
3346 4810 3577 4876 naevis
3622 4816 3736 4875 aut
3777 4808 4053 4875 maculis
4094 4827 4369 4890 aspersa

2401 4918 2575 4977 esse:
2631 4919 2709 4964 eo
2765 4896 2940 4981 quod
2993 4917 3334 4981 nunquam
3389 4917 3476 4962 ex
3538 4894 3732 4978 pleno
3788 4894 4206 4978 perfectoque
4249 4891 4368 4957 illo

2395 4985 2528 5050 Dei
2571 5004 2792 5049 amore
2806 5034 2823 5063 ,
2872 4983 2983 5066 qui
3025 4983 3098 5048 in
3142 4982 3288 5067 lege
3331 4983 3648 5067 exigitur,
3694 4982 3928 5046 fluant.
4021 4979 4159 5044 Nos
4203 4996 4367 5063 ergo

3462 5256 3524 5323 2)
3562 5254 3738 5323 Epist.
3773 5251 3892 5390 81.²³
3893 5251 4073 5387 litem
4104 5244 4195 5305 in.

2542 5256 2598 5324 1)
2636 5257 2821 5313 Tract.
2854 5258 2911 5314 ln
2946 5256 3132 5313 Ioann.
3169 5254 3256 5312 84.
