4967 5992
569 345 696 408 239
795 299 804 308 ⁹

566 533 639 597 in
695 527 1085 597 excutienda
1139 527 1326 593 nobis
1399 527 1521 594 hac
1577 526 1981 604 defensione,
2057 524 2317 608 quando
2390 531 2530 588 tota

567 623 795 683 nostra
836 614 1133 680 doctrina
1175 613 1259 677 ad
1303 612 1426 679 hoc
1462 633 1673 677 unum
1716 611 2076 694 composita
2119 610 2221 689 sit,
2271 621 2345 674 ut
2387 631 2528 675 om-

566 723 719 768 nem
763 721 1031 786 prorsus
1064 700 1376 782 pietatem
1411 697 1685 775 aboleat,
1733 708 1810 761 ut
1843 718 2106 763 omnem
2141 696 2527 780 religionem

482 815 496 828 ·
567 789 817 853 eximat
849 808 887 852 e
908 784 1245 851 mentibus
1283 785 1643 860 hominum,
1681 782 1851 866 quod
1885 784 2086 847 meris
2121 782 2306 860 fucis,
2344 781 2528 846 tech-

566 878 672 939 nis
696 893 772 940 ac
817 872 1201 955 imposturis
1225 890 1521 955 agamus,
1553 870 1850 952 improbo
1892 868 2262 952 scripturae
2297 868 2524 944 abusu,

502 959 515 972 “
565 959 841 1026 audacia
883 969 1081 1040 atque
1124 956 1538 1039 impudentia
1574 954 1929 1040 singulari,
1955 953 2332 1031 mendaciis,
2370 973 2527 1017 con-

568 1039 775 1118 ιὶίοὶἰε,
818 1043 1265 1125 improborum
1300 1042 1801 1123 conspiratione,
1849 1040 2299 1116 seditionibus,
2389 1038 2528 1103 lus-

569 1152 768 1215 quam
811 1130 1128 1214 paganica
1169 1125 1444 1193 vivendi
1485 1127 1767 1194 licentia.
1857 1128 1949 1191 Et
2003 1124 2159 1208 quid
2199 1134 2333 1189 non
2421 1124 2528 1189 De

569 1218 786 1301 priore
828 1213 1156 1281 calumnia
1208 1220 1437 1295 postea
1490 1233 1609 1278 suo
1662 1212 1803 1277 loco
1858 1210 2206 1277 videbitur.
2296 1207 2528 1290 Quan-

569 1311 712 1367 tum
756 1300 838 1367 ad
894 1301 1220 1365 actionem
1274 1298 1592 1381 pertinet,
1640 1319 1679 1362 a
1745 1296 2107 1362 mendaciis
2159 1295 2386 1379 Pighii
2443 1294 2529 1359 ad

567 1410 707 1453 rem
740 1387 953 1471 ipsam
987 1406 1287 1468 provoco.
1343 1383 1449 1448 De
1482 1383 1920 1448 amarulentia
1952 1392 2209 1447 tantum
2231 1381 2355 1447 hoc
2377 1401 2526 1446 ver-

565 1473 725 1539 bum
792 1473 1039 1548 dicam,
1087 1491 1221 1535 non
1268 1470 1394 1535 nisi
1452 1470 1521 1534 in
1570 1490 1681 1534 eos
1717 1490 1861 1533 esse
1919 1469 2224 1544 effusam,
2288 1468 2524 1550 quibus

566 1562 784 1643 ipsum
826 1557 960 1623 Dei
1005 1555 1279 1621 verbum
1322 1555 1481 1621 odor
1524 1563 1625 1620 est
1665 1554 1898 1620 mortis
1940 1555 2010 1618 in
2055 1561 2363 1618 mortem:
2413 1552 2526 1617 de-

565 1646 721 1711 inde
764 1665 898 1709 non
943 1662 1136 1725 posse
1180 1641 1457 1705 nimiam
1500 1639 1803 1716 iudicari,
1852 1640 1906 1704 si
1950 1640 2097 1722 quis
2141 1660 2366 1704 rerum
2421 1640 2526 1702 in-

567 1729 965 1816 dignitatem
1007 1734 1288 1810 reputet,
1332 1748 1500 1809 quae
1545 1748 1689 1791 eam
1737 1726 2028 1791 extorsit.
2119 1724 2329 1791 Porro
2375 1724 2526 1790 doc·

565 1818 813 1881 trinam
867 1814 949 1879 ab
1002 1833 1229 1878 eorum
1272 1813 1410 1878 vita
1456 1811 1788 1877 aestimari
1802 1863 1817 1889 ,
1859 1812 1971 1894 qui
2019 1833 2097 1876 ea
2145 1811 2525 1889 abutuntur,

567 1903 768 1966 nimis
802 1900 1106 1982 iniquum
1148 1905 1266 1964 est.
1315 1896 1716 1981 Quanquam
1737 1898 1794 1964 si
1834 1896 1915 1962 de
1952 1897 2142 1963 nobis
2183 1909 2250 1962 et
2293 1895 2527 1962 adver-

567 1987 760 2052 sariis
794 1984 1112 2050 iudicium
1148 1984 1290 2049 fieri
1328 2006 1412 2049 ex
1457 1985 1596 2048 vita
1640 1984 1914 2068 placeat,
1955 1983 2125 2049 hanc
2161 1981 2377 2065 legem
2402 1983 2528 2046 mi-

567 2074 747 2138 nime
788 2091 1186 2137 recusamus.
1235 2068 1737 2152 Qualescunque
1775 2068 1953 2134 enim
1990 2070 2215 2146 simus,
2256 2067 2527 2153 gloriari

569 2169 791 2225 tamen
829 2156 1015 2222 nobis
1056 2154 1311 2221 meliori
1354 2157 1498 2221 iure
1543 2156 1710 2233 licet,
1758 2160 1903 2234 [pag.
1944 2158 2009 2233 9]
2055 2176 2249 2238 quam
2297 2163 2530 2237 optan-

574 2244 733 2308 dum
778 2243 961 2320 foret,
1000 2242 1200 2308 aliam
1234 2262 1377 2306 esse
1409 2251 1703 2307 nostram
1729 2242 1955 2320 vitam,
2001 2261 2198 2324 quam
2231 2241 2529 2305 omnium

571 2328 1111 2406 Romanensium,
1144 2328 1256 2410 qui
1300 2348 1579 2411 regnum
1628 2327 2023 2394 Antichristi
2089 2325 2285 2391 hodie
2329 2326 2531 2391 susti-

520 2459 524 2463 >
570 2423 748 2481 nent.
836 2412 1125 2481 Proinde
1160 2433 1297 2478 non
1342 2433 1603 2491 vereor,
1650 2414 1705 2480 si
1751 2413 1897 2495 quis
1936 2420 2236 2477 nostram
2278 2420 2344 2477 et
2381 2410 2530 2476 illo-

570 2523 722 2567 rum
742 2501 952 2568 vitam
984 2500 1248 2583 penitus
1271 2499 1598 2583 inspiciat,
1645 2508 1713 2564 et
1744 2499 1840 2563 ita
1881 2499 2056 2563 inter
2100 2519 2169 2563 se
2213 2498 2526 2576 conferat,

569 2588 729 2672 quin
773 2607 896 2651 nos
923 2587 1157 2650 saltem
1204 2585 1438 2649 timere
1463 2585 1706 2664 Deum,
1752 2584 1899 2649 illos
1945 2603 2213 2666 prorsus
2236 2589 2528 2648 contem-

568 2694 729 2739 nere
772 2682 841 2737 et
881 2673 904 2735 i
950 2691 1101 2735 sum
1143 2679 1213 2734 et
1254 2668 1397 2735 eius
1440 2670 1672 2753 legem,
1722 2669 2063 2735 evidenter
2106 2677 2348 2734 cernat.

742 2756 892 2838 Quo
980 2755 1317 2838 negotium
1360 2776 1481 2820 nos
1524 2754 1852 2821 difficilius
1886 2756 2102 2820 moliri
2138 2754 2296 2820 dicit
2328 2776 2528 2837 quam

568 2843 726 2910 olim
770 2841 1050 2925 apostoli
1091 2841 1385 2919 fecerint,
1431 2842 1488 2905 si
1530 2841 1605 2905 in
1647 2841 1850 2905 alium
1886 2861 2153 2906 sensum
2188 2841 2527 2923 acciperet,

568 2927 708 2994 non
738 2947 1009 3010 prorsus
1048 2947 1090 2991 a
1121 2946 1281 2991 vero
1320 2926 1672 2992 aberraret.
1740 2926 1913 2991 Nam
1953 2928 2008 2992 si
2037 2927 2184 3009 quis
2213 2927 2528 3010 temporis

568 3013 749 3078 illius
793 3018 1043 3077 statum
1085 3009 1447 3095 prudenter
1489 3012 1890 3091 consideret,
1937 3033 2065 3095 quo
2108 3019 2382 3079 exortus
2425 3020 2531 3077 est

569 3099 945 3175 Lutherus,
1012 3118 1176 3163 eum-
1219 3096 1383 3176 alias
1439 3099 1575 3163 fere
1644 3120 1871 3163 omnes
1938 3097 2356 3165 difficultates
2410 3097 2528 3162 ha-

570 3185 795 3251 buisse
847 3204 998 3250 cum
1053 3184 1364 3265 apostolis
1420 3205 1802 3250 communes
1857 3183 2139 3249 videbit:
2196 3206 2333 3249 una
2372 3205 2528 3249 vero

570 3273 642 3336 in
687 3292 759 3336 re
801 3270 1198 3352 iniquiorem
1252 3289 1329 3334 ac
1371 3269 1705 3335 duriorem
1756 3270 1961 3336 fuisse
2017 3270 2159 3336 eius
2209 3269 2530 3336 conditio-

570 3377 725 3422 nem
759 3376 970 3439 quam⁴
997 3355 1280 3434 illorum,
1319 3355 1492 3440 quod
1534 3356 1792 3422 nullum
1816 3365 1961 3422 erat
1995 3365 2156 3422 tunc
2177 3357 2247 3421 in
2281 3354 2530 3421 mundo

568 3462 851 3527 regnum
867 3492 885 3521 ,
934 3440 1161 3507 nullus
1204 3442 1638 3527 principatus,
1695 3443 1801 3509 cui
1849 3441 1948 3507 illi
1991 3442 2241 3508 bellum
2283 3441 2531 3508 indice-

569 3535 750 3594 rent:
797 3526 906 3593 hic
951 3532 1175 3593 autem
1218 3548 1556 3612 emergere
1599 3528 1782 3593 nullo
1823 3528 2021 3594 modo
2064 3536 2325 3613 poterat
2339 3579 2354 3607 ,
2400 3528 2533 3594 nisi

571 3615 713 3679 eius
755 3613 1017 3697 imperii
1056 3612 1253 3678 ruina
1295 3620 1364 3679 et
1404 3616 1710 3692 interitu,
1756 3615 1929 3698 quod
1971 3636 2105 3679 non
2148 3613 2343 3680 modo
2388 3636 2529 3679 om-

571 3701 758 3764 nium
799 3698 1332 3780 potentissimum
1378 3710 1547 3778 erat,
1608 3699 1723 3766 sed
1769 3699 2021 3783 reliqua
2074 3700 2300 3765 omnia
2341 3701 2530 3783 quasi

572 3783 695 3850 sibi
738 3782 1023 3849 obnoxia
1064 3783 1344 3850 tenebat.
1417 3786 1613 3852 Hanc
1656 3786 2113 3851 difficultatem
2147 3807 2327 3851 nunc
2370 3807 2530 3868 quo-

570 3892 696 3954 que
740 3871 1159 3936 sustinemus.
1249 3868 1433 3937 Satis
1475 3873 1699 3950 scitur,
1745 3880 2067 3956 quantum
2104 3873 2322 3937 valeat
2364 3892 2528 3954 pon-

571 3957 736 4021 tifex
778 3962 925 4020 tum
964 3975 1297 4021 armorum
1342 3959 1650 4040 potentia,
1695 3969 1839 4023 tum
1873 3956 2209 4023 foederum
2245 3958 2530 4036 auxiliis,

570 4052 719 4108 tum
753 4042 1069 4126 pecuniis,
1109 4053 1252 4106 tum
1286 4042 1433 4126 ipsa
1465 4045 1753 4108 nominis
1788 4045 2178 4109 reverentia.
2249 4043 2530 4122 Deinde,

571 4137 894 4212 quantum
926 4125 1239 4210 praesidii
1273 4139 1342 4192 et
1380 4129 1631 4194 roboris
1665 4130 1902 4195 habeat
1942 4129 2013 4193 in
2052 4130 2173 4194 hac
2204 4129 2534 4194 immensa

571 4236 694 4281 sua
716 4214 766 4295 ¹)
826 4213 1132 4291 colluvie,
1201 4235 1369 4296 quae
1421 4214 1665 4297 ubique
1731 4221 2060 4279 terrarum
2118 4235 2347 4298 sparsa
2400 4223 2531 4281 est:

570 4299 1004 4365 cardinalium
1042 4298 1187 4365 dico
1204 4352 1219 4379 ,
1275 4301 1733 4385 episcoporum
1776 4307 1845 4366 et
1887 4298 2317 4367 sacerdotum,
2408 4303 2532 4366 At-

571 4386 684 4468 qui
726 4405 956 4450 omnes
1011 4406 1145 4450 uno
1201 4388 1422 4452 animo
1440 4439 1453 4465 ‚
1511 4386 1824 4471 quoniam
1882 4407 2018 4452 non
2074 4386 2266 4451 aliter
2316 4386 2533 4453 salvos

573 4491 645 4534 se
700 4471 840 4535 fore
896 4470 1150 4549 vident,
1207 4473 1338 4539 nisi
1394 4473 1744 4558 profligata
1795 4481 2025 4538 nostra
2067 4471 2389 4549 doctrina,
2447 4472 2530 4538 ad

574 4575 721 4619 eam
763 4555 1256 4638 opprimendam
1274 4610 1290 4637 ,
1345 4580 1481 4625 non
1524 4581 1713 4626 secus
1770 4580 1846 4624 ac
1892 4559 1949 4625 si
1995 4579 2111 4641 pro
2156 4557 2290 4622 aris
2333 4564 2400 4622 et
2435 4559 2534 4624 fo·

573 4641 686 4715 01⁹,
731 4639 863 4703 imo
907 4660 1026 4722 pro
1067 4645 1205 4709 suis
1243 4645 1536 4728 ipsorum
1583 4644 1903 4729 capitibus
1943 4652 2336 4730 pugnarent,
2380 4664 2535 4727 opes

574 4743 803 4791 omnes
851 4745 1006 4790 suas
1048 4727 1350 4813 viresque
1393 4732 1757 4797 conferunt.
1851 4731 2159 4796 Dicerem
2209 4730 2332 4795 hac
2373 4751 2534 4813 quo·

573 4831 703 4897 que
747 4809 1047 4876 molestia
1087 4834 1211 4879 nos
1254 4835 1414 4899 prae
1457 4817 1765 4900 apostolis
1805 4816 2134 4896 laborare,
2180 4814 2351 4899 quod
2395 4815 2535 4882 luc-

572 4894 849 4963 tandum
881 4896 1070 4962 nobis
1106 4908 1209 4965 est
1248 4920 1396 4965 cum
1432 4902 1650 4969 fallaci
1684 4903 1997 4970 ecclesiae
2031 4902 2240 4982 larva,
2279 4911 2347 4967 et
2382 4921 2535 4966 cum

573 4984 798 5050 fucata
835 4981 1194 5065 impietate,
1238 5006 1406 5068 quae
1440 4985 1563 5052 sub
1603 4988 1748 5072 ipso
1784 4987 1912 5054 Dei
1955 4990 2223 5055 nomine
2268 4987 2536 5053 delites-

576 5070 686 5148 cit,
730 5067 862 5135 nisi
905 5067 1069 5136 haec
1112 5092 1314 5137 arena
1358 5072 1664 5139 similiter
1705 5073 2078 5157 complures
2123 5094 2209 5140 ex
2250 5074 2537 5157 prophe-

718 5260 777 5328 1)
814 5277 930 5331 sua,
971 5277 1073 5316 om.
1109 5259 1192 5315 ed.
1228 5258 1415 5314 Besae
1448 5258 1586 5314 15⁷6
1621 5266 1673 5316 et
1706 5274 1848 5329 seqq.

1806 441 1818 452 ⁶
1908 334 2438 434 Rssronsm
2485 333 2864 403 CONTRA
2898 335 3316 405 momen

4471 343 4591 405 240

2632 528 2720 591 tis
2777 537 2844 591 et
2898 525 3210 609 apostolis
3273 527 3689 592 exercuisset.
3780 527 4035 592 Verum
4093 533 4168 590 ut
4230 526 4317 591 ad
4372 527 4595 612 Pighii

2633 611 3064 678 obiectionem
3119 611 3322 676 semel
3367 610 3826 695 respondeam,
3897 611 4160 677 difficile
4204 620 4274 677 et
4313 611 4591 678 laborio-

2633 717 2778 762 sum
2817 718 2982 780 opus
3018 704 3139 774 est,
3184 705 3282 761 tot
3315 697 3669 780 impietatis
3708 709 4019 774 monstra,
4056 705 4321 763 tantum
4355 699 4593 782 impiae

2633 780 2967 849 doctrinae
3020 782 3476 866 labyrinthum
3496 835 3509 861 ‚
3566 793 3663 868 tot
3704 788 3857 863 [pag.
3900 789 4005 864 10]
4051 782 4588 867 superstitionum

2633 869 2910 951 species,
2970 889 3136 952 quae
3182 889 3298 951 per
3354 868 3604 951 aliquot
3633 869 3901 939 ‚saecula
3944 872 4412 953 occupaverint
4456 890 4590 935 om-

2633 954 2819 1020 nium
2861 956 3143 1031 animos,
3198 974 3365 1036 quae
3408 964 3547 1019 tam
3590 955 3757 1021 altas
3800 955 4054 1021 radices
4094 956 4382 1039 egerint,
4430 975 4591 1039 quae

2632 1048 2771 1104 tam
2817 1041 3139 1123 speciosos
3185 1040 3430 1106 colores
3475 1060 3632 1123 prae
3670 1060 3740 1105 se
3763 1043 3997 1119 ferant,
4046 1040 4398 1124 derepente
4440 1063 4587 1125 pro-p

2616 1125 2863 1209 ,fligare
2907 1146 2983 1190 ac
3026 1125 3254 1191 tollere
3298 1127 3562 1208 penitus
3605 1147 3641 1192 e
3676 1125 3909 1203 medio,
3957 1126 4344 1210 praesertim
4391 1148 4588 1210 quum

2633 1219 2771 1276 tota
2813 1212 3057 1277 mundi·
3088 1212 3379 1294 potentia
3420 1219 3650 1277 contra
3693 1213 3990 1290 resistat,
4046 1219 4114 1276 et
4156 1213 4330 1277 ferro
4348 1264 4363 1288 ‚
4422 1214 4588 1297 igni·

2631 1298 2755 1363 bus
2820 1299 3123 1380 omnique
3191 1298 3506 1363 saevitiae
3573 1317 3816 1380 genere
3883 1298 3967 1362 ad
4028 1298 4142 1362 illa
4197 1297 4588 1363 vindicanda

2630 1384 2949 1466 insurgat.
3040 1383 3283 1469 Audax
3362 1392 3664 1460 conatus,
3754 1384 3967 1466 inquit
4042 1383 4340 1467 Pighius.
4444 1384 4586 1448 Non

2631 1490 2826 1553 nego:
2864 1470 3286 1534 temerarium
3322 1470 3518 1533 etiam
3544 1471 3906 1546 confiterer,
3945 1471 4000 1534 si
4037 1469 4376 1535 hominum
4402 1490 4583 1553 opus,

2630 1574 2768 1619 non
2811 1555 2941 1641 Dei
2995 1555 3204 1637 ipsius
3256 1555 3439 1619 foret.
3531 1553 3667 1620 Sed
3712 1563 3915 1638 quum
3959 1555 4242 1621 Paulum
4286 1554 4586 1621 audimus

2632 1641 3129 1706 concionantem
3173 1639 3253 1704 de
3297 1649 3622 1723 potestate
3662 1640 3781 1705 illa
3823 1642 4094 1720 invicta,
4149 1661 4316 1724 quae
4360 1642 4586 1706 minis·

2633 1726 2754 1791 tris
2808 1725 3135 1811 evangelii
3203 1725 3358 1791 data
3426 1733 3557 1802 est,
3615 1725 3698 1791 ad
3755 1725 4109 1792 diruendas
4166 1747 4394 1792 omnes
4451 1748 4586 1791 ma-

2630 1811 3069 1889 chinationes,
3116 1810 3198 1877 ad
3245 1811 3654 1877 demolienda
3697 1812 3994 1889 consilia,
4041 1811 4125 1878 ad
4169 1832 4434 1877 omnem
4479 1812 4587 1878 de-

2631 1898 2831 1981 nique
2885 1896 3340 1963 celsitudinem
3399 1897 3897 1976 destruendam,
3967 1919 4133 1982 quae
4202 1919 4273 1963 se
4328 1898 4587 1963 extollit

2634 1982 2950 2048 adversus
3005 1984 3444 2067 cognitionem
3501 1983 3754 2050 Christi
3809 1984 3880 2067 (2
3924 1983 4074 2051 Cor.
4130 1989 4224 2060 10,
4274 1985 4379 2066 4),
4451 1986 4588 2049 ani-

2633 2090 2774 2134 mos
2818 2068 3185 2154 colligimus
3225 2079 3304 2133 ut
3342 2069 3654 2153 intrepidi
3701 2079 3951 2135 stemus
3997 2077 4229 2136 contra
4270 2070 4452 2136 hunc
4493 2079 4588 2133 to-

2633 2169 2775 2220 tum
2820 2153 3107 2220 Satanae
3151 2165 3559 2239 apparatum,
3602 2177 3729 2239 quo
3773 2156 4142 2221 sustinetur
4184 2156 4537 2238 papismus.

2805 2240 2912 2306 Ad
2934 2238 3243 2306 delendos
3274 2262 3470 2324 porro
3498 2241 3678 2307 fucos
3712 2241 3881 2317 illos,
3910 2242 4147 2325 quibus
4183 2243 4591 2308 meretricem

2633 2348 2820 2393 suam
2866 2336 3061 2392 ornat
3094 2326 3405 2411 Pighius,
3465 2328 3743 2411 spongia
3785 2327 3947 2393 haec
3992 2328 4180 2393 nobis
4223 2348 4484 2410 semper
4524 2329 4590 2391 in

2633 2421 2941 2496 promptu
2985 2421 3114 2491 est,
3171 2434 3289 2478 nos
3341 2413 3612 2477 minime
3667 2422 3871 2478 totam
3928 2413 4389 2497 antiquitatem
4444 2434 4590 2479 cum

2632 2498 2938 2564 omnibus
2959 2506 3335 2564 sanctorum
3358 2499 3615 2581 placitis
3637 2499 4022 2578 convellere,
4046 2497 4591 2581 quemadmodum

2631 2585 2975 2650 mentitur:
3024 2583 3141 2650 sed
3183 2585 3307 2649 hoc
3349 2585 3567 2667 potius
3600 2606 3807 2650 unum
3851 2605 4064 2670 agere,
4110 2593 4186 2649 ut
4219 2604 4387 2668 quae
4429 2593 4589 2650 tem·

2628 2689 2863 2753 porum
2898 2671 3057 2734 vitio
3094 2680 3406 2754 corrupta
3443 2679 3601 2736 sunt
3646 2692 3721 2737 ac
3750 2670 4095 2754 dissipata,
4150 2672 4223 2735 in
4249 2671 4591 2754 antiquum

2631 2763 2879 2821 statum
2921 2755 3213 2821 redeant.
3270 2756 3617 2822 Reclamat
3666 2756 3808 2821 ille:
3865 2779 3983 2822 nos
4028 2757 4121 2823 sic
4164 2778 4309 2824 rem
4351 2755 4589 2821 habere

2632 2839 3108 2909 contendimus.
3198 2842 3325 2907 Ille
3391 2842 3811 2910 maledictum
3869 2842 4043 2926 quod
4110 2844 4180 2906 in
4245 2863 4369 2907 nos
4422 2843 4586 2920 iacit,

2633 2949 2768 2992 non
2824 2929 3084 3009 probat:
3154 2927 3305 2994 libri
3350 2928 3559 2994 nostri
3616 2931 3826 2994 firmis
3884 2939 3952 2993 et
4006 2928 4200 2995 claris
4256 2928 4452 2994 huius
4494 2929 4587 2992 rei

2635 3012 3026 3079 testimoniis
3071 3014 3299 3078 referti
3353 3023 3524 3080 sunt.
3615 3013 4008 3080 Plausibiles
4052 3023 4212 3080 sunt
4267 3015 4431 3079 istae
4486 3033 4587 3078 ca·

2633 3099 2955 3177 lumniae,
3001 3101 3238 3182 quibus
3283 3121 3404 3165 nos
3448 3112 3696 3179 onerat,
3746 3098 3959 3166 dicere
4003 3121 4126 3165 nos
4170 3100 4511 3166 ecclesiam
4552 3118 4589 3162 a

2635 3185 2904 3260 Christo
2946 3206 3185 3268 sponso
3241 3206 3360 3251 suo
3401 3186 3602 3252 fuisse
3660 3208 3865 3252 annos
3922 3185 4104 3251 mille
4159 3194 4228 3251 et
4282 3183 4587 3270 quadrin-

2635 3280 2868 3356 gentos
2923 3270 3278 3336 desertam:
3336 3271 3432 3337 ita
3485 3293 3603 3338 nos
3655 3272 3871 3338 facere
3929 3270 4313 3338 mendacem
4363 3269 4586 3336 Chris-

2634 3366 2795 3422 tum.
2885 3355 3021 3422 Sed
3064 3355 3342 3423 nebulae
3386 3366 3542 3423 sunt
3555 3410 3569 3436 ,
3628 3379 3794 3441 quae
3838 3357 3976 3424 solo
4028 3358 4194 3423 flatu
4248 3377 4446 3423 verae
4489 3377 4587 3421 re-

2636 3443 3011 3527 sponsionis
3057 3450 3478 3509 evanescunt.
3537 3442 3843 3510 Dicimus
3888 3445 4065 3508 enim
4088 3441 4437 3509 Christum
4482 3464 4581 3509 ec-

2637 3529 2872 3595 clesiae
2916 3550 3074 3595 suae
3116 3528 3398 3595 fideliter
3439 3530 3754 3610 adfuisse,
3800 3536 3869 3594 et
3903 3549 4164 3613 semper
4190 3528 4585 3605 adfuturum,

2637 3616 2811 3681 sicut
2853 3614 3170 3698 promisit.
3229 3616 3531 3682 Dicimus
3554 3615 3894 3682 ecclesiam
3937 3616 4078 3681 eius
4103 3616 4306 3681 fuisse
4345 3615 4587 3680 virtute

2635 3712 3085 3768 conservatam
3107 3752 3122 3777 ,
3183 3722 3269 3766 ne
3311 3702 3582 3784 periret:
3630 3702 3867 3785 spiritu
3911 3699 4346 3786 gubernatam
4363 3752 4378 3778 ,
4426 3721 4510 3766 ne
4551 3719 4588 3763 a

2638 3788 2913 3853 veritate
2986 3785 3349 3852 excideret:
3418 3785 3538 3853 sed
3610 3787 3808 3852 simul
3874 3789 4237 3870 oportuisse
4300 3784 4586 3854 accidere

2638 3873 2934 3950 dicimus,
2979 3871 3152 3955 quod
3202 3872 3536 3938 luculento
3579 3873 3774 3939 Pauli
3830 3873 4142 3939 vaticinio
4184 3871 4587 3956 praedictum

2633 3959 2866 4037 fuerat,
2911 3955 2993 4023 de
3027 3958 3325 4023 horribili
3360 3958 3738 4038 defectione,
3785 3979 3984 4041 quam
4019 3979 4158 4024 non
4190 3959 4265 4022 in
4298 3965 4585 4023 extremo

2636 4045 2855 4127 aliquo
2899 4053 3117 4109 terrae
3154 4066 3193 4108 a
3338 4045 3418 4124 lo,
3465 4044 3579 4109 sed
3615 4046 3686 4109 in
3726 4044 4033 4111 universo
4069 4045 4224 4110 orbe
4265 4045 4406 4110 fore
4443 4047 4585 4125 [pag.

2644 4145 2670 4195 1
2688 4135 2748 4210 1]
2790 4130 3159 4195 denunciat.
3319 4153 3356 4196 e
3411 4132 3634 4195 futuro
3687 4139 3860 4196 certe
3914 4128 4224 4196 ecclesiae
4275 4138 4453 4195 statu
4494 4128 4585 4193 lo-

2636 4217 2879 4299 quitur,
2922 4216 3046 4281 hoc
3084 4224 3203 4294 est,
3247 4217 3363 4300 qui
3403 4225 3632 4300 postea
3660 4223 3979 4299 sequutus
4021 4229 4137 4281 est.
4226 4216 4411 4282 Dicit
4450 4217 4585 4279 An·

2637 4302 3016 4368 tichristum
3058 4302 3193 4366 iam
3238 4311 3396 4368 tunc
3430 4301 3643 4367 moliri
3679 4322 3995 4368 arcanum
4034 4303 4129 4366 ini
4173 4302 4432 4367 uitatis:
4477 4297 4586 4366 sed

2637 4388 2907 4472 gravius
2962 4387 3169 4452 multo
3227 4399 3328 4454 est
3344 4440 3361 4467 ,
3428 4387 3602 4471 quod
3655 4389 3963 4454 continuo
4018 4388 4391 4471 subiungit,
4456 4388 4585 4451 fore

2636 4473 2912 4550 scilicet,
2958 4481 3034 4537 ut
3076 4473 3293 4556 palam
3328 4481 3666 4559 grassetur
3707 4492 3784 4539 ac
3825 4472 4250 4558 tyrannidem
4291 4477 4589 4539 exerceat

2638 4559 2708 4625 in
2762 4559 3131 4625 ecclesiam:
3187 4581 3400 4644 neque
3440 4568 3757 4642 tanquam
3816 4568 4134 4625 externus
4177 4559 4420 4636 hostis,
4478 4578 4589 4623 ve-

2639 4666 2788 4711 rum
2842 4653 3154 4728 occupato
3200 4646 3327 4712 Dei
3383 4646 3773 4711 sanctuario.
3861 4646 4049 4711 Dum
4103 4645 4270 4712 haec
4312 4664 4589 4711 comme-

2638 4740 2868 4805 morat,
2892 4730 3050 4797 dicit
3071 4743 3418 4797 venturam
3442 4731 3873 4797 defectionem
3895 4732 3963 4815 (2
3978 4731 4208 4798 Thess.
4228 4736 4286 4810 2,
4304 4735 4343 4795 3
4369 4731 4590 4814 δοίη).

2639 4817 2825 4883 Haec
2870 4816 3027 4883 dum
3072 4817 3370 4884 videmus
3384 4869 3401 4897 ,
3460 4817 3654 4884 sicuti
3695 4815 4034 4900 praedicta
4073 4818 4369 4897 fuerant,
4430 4816 4591 4883 acci-

2641 4901 2814 4969 disse
2831 4954 2847 4982 ‚
2903 4905 3318 4988 agnoscimus
3373 4922 3674 4970 veracem
3713 4901 3967 4970 Christi
4002 4904 4326 4987 spiritum.
4418 4903 4615 4969 Inte-⁸

2641 5010 2756 5055 rea
2797 4997 3021 5055 tamen
3067 5011 3255 5056 suam
3298 4988 3553 5056 Christi
3595 4988 4014 5073 promissioni
4055 4993 4356 5055 constare
4400 4988 4593 5055 fidem

2641 5076 3052 5158 profitemur:
3100 5075 3409 5159 quoniam
3453 5075 3523 5141 in
3566 5080 3756 5141 tanta
3788 5073 3971 5141 clade
4010 5095 4167 5141 suos
4208 5075 4596 5143 mirabiliter

2643 5161 3048 5227 conservarit
3062 5211 3077 5237 ‚
3147 5168 3222 5226 ut
3277 5183 3362 5226 ex
3426 5159 3644 5227 media
3704 5166 3919 5227 morte
3984 5159 4156 5227 salvi
4213 5160 4591 5228 evaderent:

2642 5244 2815 5328 quod
2848 5244 3191 5312 ecclesiam
3222 5247 3294 5312 in
3333 5255 3517 5314 tanto
3557 5247 3901 5332 naufragio
3936 5246 4153 5331 perire
4185 5267 4425 5332 passus
4467 5267 4597 5313 non
