4967 5992
391 376 508 437 401

391 564 782 648 expositam:
830 581 953 628 nec
995 569 1238 641 nostro,
1286 569 1402 628 aut
1443 560 1678 640 studio,
1726 567 1841 625 aut
1874 568 2114 627 conatu
2148 580 2344 643 posse

390 671 510 717 nos
553 670 698 715 eam
742 649 1048 731 consequi
1062 699 1079 726 ,
1125 645 1242 714 sed
1286 648 1483 714 unius
1525 645 1656 712 Dei
1720 646 2132 729 beneplacito
2188 668 2343 712 con-

390 737 545 804 ferri
589 734 824 819 quibus
867 734 889 799 i
937 755 1009 800 se
1051 733 1252 800 velit?
1318 732 1506 800 Haec
1548 739 1896 816 postquam
1939 731 2042 796 illi
2085 731 2342 799 excide·

389 830 564 901 runt,
609 820 826 905 palam
875 755 1339 886 ‹Recessionem
1398 817 1480 882 ab
1525 817 1904 903 Augustino
1945 818 2161 884 facere
2204 818 2341 902 pri-

388 929 573 975 mum
616 908 898 991 cogitur:
955 904 1193 970 deinde
1234 905 1537 984 ostendit,
1565 904 1616 990 ¹)
1660 904 1971 988 qualiter,
2017 902 2150 970 Dei
2190 923 2343 989 gra-

389 997 553 1061 tiam
596 1013 734 1058 non
779 988 1192 1076 abnegando,
1237 990 1553 1059 solvenda
1595 990 1730 1055 sint
1771 990 1885 1054 illa
1927 996 2342 1074 argumenta,

389 1102 556 1166 quae
609 1079 999 1162 perplexum
1055 1077 1507 1161 Augustinum
1563 1077 1905 1143 tenebant:
1962 1095 2230 1160 nempe,
2288 1075 2345 1141 si

389 1166 881 1233 conversionem
937 1162 1300 1229 dixerimus
1358 1183 1502 1229 esse
1542 1162 1671 1227 Dei
1717 1162 1990 1240 donum,
2049 1160 2167 1228 sed
2210 1181 2344 1226 non

390 1252 684 1320 converti
699 1302 714 1330 ,
774 1250 902 1316 nisi
967 1250 1080 1332 qui
1141 1247 1349 1314 libero
1411 1247 1680 1313 arbitrio
1743 1247 1814 1313 id
1867 1253 2342 1330 promerentur.

386 1337 964 1406 Perseverantiam
1001 1335 1308 1400 similiter
1350 1335 1479 1399 Dei
1523 1355 1664 1400 0880
1709 1332 1979 1398 donum:
2023 1331 2139 1398 sed
2182 1352 2343 1415 pen-

390 1426 545 1492 dere
601 1443 732 1488 non
789 1422 1008 1486 minus
1064 1442 1148 1485 ex
1201 1420 1486 1485 homine.
1504 1422 1560 1496 ²)
1649 1419 2023 1502 Utrumque
2078 1417 2343 1483 demum

322 1564 326 1567 .
388 1508 830 1595 superioribus
874 1507 1129 1573 meritis
1172 1505 1462 1589 rependi.
1516 1507 1625 1571 Ita
1667 1505 1875 1571 tribus
1910 1504 2129 1573 verbis
2163 1503 2345 1569 omni

387 1618 461 1663 se
514 1595 897 1661 difficultate
952 1592 1203 1659 liberat.
1294 1589 1433 1657 Sed
1486 1592 1544 1657 si
1597 1597 1733 1656 tam
1777 1590 2027 1676 apertis
2071 1589 2342 1656 crassis-

385 1704 514 1768 que
559 1680 808 1746 deliriis
850 1679 1167 1744 lectorum
1211 1677 1431 1744 oculos
1477 1677 1836 1761 perstringi
1877 1697 2067 1760 posse
2102 1682 2341 1759 sperat,

384 1769 586 1834 nimis
631 1788 700 1832 se
758 1765 1016 1848 decipit.
1100 1766 1247 1849 Ego
1301 1771 1476 1829 certe
1531 1784 1665 1828 non
1710 1763 1838 1828 8110
1880 1762 2074 1827 1110ᾶο
2118 1762 2344 1827 confu-

386 1861 533 1919 tare
576 1852 776 1920 statui
792 1902 806 1929 ‚
864 1870 1063 1934 quam
1116 1851 1189 1915 in
1228 1846 1519 1915 medium
1557 1848 1967 1932 proferendo.
2057 1845 2344 1928 Quando

385 1960 585 2005 nemo
640 1946 779 2003 tam
834 1937 1034 2002 hebes
1086 1934 1517 2020 stupidusque
1574 1936 1727 2015 erit,
1785 1934 1900 2018 qui
1941 1955 2077 1998 non
2129 1933 2346 2017 primo

385 2028 614 2094 statim
659 2030 930 2107 aspectu
973 2043 1014 2087 a
1057 2028 1242 2086 tanta
1283 2019 1688 2087 absurditate
1730 2021 2097 2087 abhorreat.

565 2108 862 2175 Tandem
907 2130 993 2174 ex
1035 2107 1195 2174 locis
1238 2130 1279 2172 a
1319 2128 1427 2172 me
1471 2107 1686 2173 citatis
1725 2127 1934 2171 unum
1967 2102 2349 2189 aggreditur

383 2199 462 2263 in
506 2218 638 2281 quo
681 2196 1041 2278 speciosam
1084 2190 1519 2259 maledicendi
1571 2212 1838 2258 causam
1880 2197 1950 2256 et
1991 2189 2350 2274 spatiosum

384 2283 769 2350 exsultandi
813 2300 1120 2363 campum
1163 2277 1406 2343 habere
1450 2276 1575 2343 sibi
1616 2276 1981 2343 videbatur.
2070 2274 2346 2341 Retule-

378 2391 536 2436 ram
575 2369 737 2433 haec
762 2364 1124 2449 Augustini
1160 2362 1362 2429 verba
1401 2384 1568 2447 quae
1594 2385 1775 2430 nunc
1798 2361 2169 2428 subiiciam:
2214 2367 2347 2426 tes·

377 2463 571 2521 tatus
615 2461 836 2518 tamen
852 2501 869 2530 ,
925 2470 1032 2514 me
1076 2449 1358 2533 carptim
1402 2449 1738 2534 excepisse
1791 2446 2160 2532 compendii
2205 2453 2345 2512 stu-

374 2542 518 2620 dio,
565 2559 731 2622 quae
775 2536 872 2602 rei
914 2555 1242 2601 summam
1297 2539 1446 2614 [pag.
1490 2541 1640 2615 235]
1685 2533 2344 2618 comprehenderent:

373 2625 699 2693 Gratiam
742 2620 1138 2706 persistendi
1179 2621 1253 2686 in
1296 2622 1466 2688 bono
1511 2621 1701 2687 Adae
1741 2622 1946 2687 fuisse
1991 2619 2243 2699 datam,
2288 2618 2348 2684 si

369 2710 627 2788 vellet;
672 2709 864 2774 nobis
908 2707 1048 2772 dari
1069 2759 1085 2786 ,
1133 2713 1212 2771 ut
1255 2706 1568 2785 velimus,
1612 2727 1687 2773 ac
1731 2707 2068 2772 voluntate
2111 2724 2345 2771 concu-

370 2796 772 2880 piscentiam
828 2812 1233 2875 superemus.
1310 2791 1646 2857 Habuisse
1690 2813 1848 2876 ergo
1889 2791 2078 2856 illum
2133 2810 2343 2874 posse,

372 2883 436 2949 si
496 2880 732 2958 vellet;
787 2878 905 2944 sed
959 2898 1094 2943 non
1138 2877 1307 2944 velle
1323 2928 1339 2955 ,
1394 2885 1474 2942 ut
1526 2885 1771 2961 posset:
1829 2878 2017 2943 nobis
2062 2883 2132 2942 et
2173 2874 2346 2942 velle

372 2967 550 3045 dari,
587 2973 654 3031 et
679 2984 889 3048 posse.
942 2964 1286 3029 Hactenus
1310 2962 1596 3028 fideliter
1617 2985 1724 3029 me
1760 2963 2065 3028 retulisse
2106 2982 2344 3046 agnos-

371 3054 470 3122 cit
493 3051 810 3136 Pighius:
849 3055 1183 3132 utcunque
1218 3049 1718 3148 tergiversando
1752 3050 2093 3116 involvere
2129 3045 2347 3113 adhuc

369 3145 660 3208 conetur
717 3144 857 3202 tam
913 3135 1162 3201 claram
1207 3143 1575 3218 verltatem.
1664 3135 1924 3201 Verum
1967 3134 2126 3217 quia
2177 3131 2346 3197 addo

368 3224 708 3293 continuo
739 3229 893 3306 post
934 3222 1218 3288 alterum
1261 3222 1651 3301 membrum,
1696 3221 1979 3304 primam
2020 3219 2226 3284 fuisse
2268 3217 2347 3281 li-

367 3310 741 3388 bertatem,
792 3328 985 3392 posse
1038 3328 1174 3372 non
1228 3326 1498 3389 peccare
1513 3330 1529 3383 ;
1584 3319 1878 3374 nostram
1921 3326 2078 3372 vero
2132 3304 2344 3369 multo

365 3397 746 3473 maiorem„
765 3414 904 3459 non
946 3413 1134 3476 posse
1177 3412 1474 3474 peccare:
1523 3392 1631 3458 hic
1666 3399 1933 3457 strenue
1977 3411 2083 3455 me
2117 3389 2345 3474 flagel-

362 3483 500 3562 lat,
567 3489 882 3564 tanquam
930 3477 1211 3543 infidum
1263 3485 1461 3561 atque
1513 3477 1884 3543 falsarium:
1940 3484 2016 3541 ut
2081 3476 2193 3558 qui
2260 3474 2345 3541 ad

362 3574 803 3653 praesentem
844 3571 1223 3630 sanctorum
1267 3569 1514 3629 statum
1527 3615 1543 3642 ,
1591 3563 1766 3647 quod
1809 3562 1890 3629 de
1932 3563 2156 3627 futura
2199 3568 2347 3646 post

362 3652 934 3722 resurrectionem
988 3648 1355 3715 conditione
1408 3649 1657 3715 dictum
1700 3656 1874 3728 erat,
1928 3648 2341 3713 transferam.

359 3738 714 3826 Equidem
776 3758 912 3803 non
973 3736 1248 3815 infitior,
1308 3736 1451 3801 eius
1464 3787 1481 3814 ,
1557 3757 1752 3820 quam
1815 3735 1953 3802 illic
2015 3732 2344 3812 describit,

361 3824 804 3911 perfectionis
848 3822 1401 3905 complementum
1444 3821 1738 3888 nondum
1781 3830 2072 3900 exstare,
2131 3840 2345 3903 neque

359 3920 533 3978 ante
591 3909 1145 3976 resurrectionem
1198 3907 1597 3990 sperandum
1641 3929 1801 3974 esse.
1887 3906 2144 3972 Verum
2187 3904 2344 3972 hinc

357 4020 510 4064 non
551 3996 915 4073 conficitur,
954 3993 1038 4060 ad
1073 4001 1487 4078 praesentem
1510 4001 1756 4060 statum
1786 3992 1956 4058 nihil
1991 3993 2342 4075 pertinere.

355 4085 578 4151 Nunc
633 4082 811 4146 enim
862 4080 1212 4146 inchoatur
1253 4080 1323 4144 in
1380 4081 1653 4158 sanctis,
1716 4079 1888 4163 quod
1933 4089 2089 4143 tunc
2133 4077 2343 4142 adim-

355 4170 689 4255 plebitur.
793 4166 988 4232 Hanc
1057 4185 1253 4249 porro
1330 4165 1532 4231 fuisse
1598 4166 1960 4250 Augustini
2026 4174 2340 4241 mentem,

353 4263 732 4322 contextus
776 4254 936 4317 satis
996 4251 1418 4317 demonstrat.
1508 4253 1873 4335 Postquam
1916 4252 2094 4316 enim
2139 4269 2343 4334 expo-

353 4345 522 4422 suit,
576 4337 1057 4405 firmitudinem
1102 4336 1351 4415 standi‚
1409 4358 1575 4420 quae
1621 4357 1800 4402 nunc
1843 4343 1945 4402 est
1987 4337 2059 4400 in
2097 4335 2343 4401 sanctis

352 4427 670 4514 angelis,
729 4425 1098 4507 praemium
1155 4422 1688 4506 perseverantiae
1743 4423 1975 4502 fuisse,
2032 4422 2342 4505 quoniam

353 4535 523 4581 cum
566 4511 767 4577 malis
809 4510 976 4594 lapsi
1020 4529 1153 4574 non
1196 4509 1472 4573 fuerint:
1518 4506 1812 4574 eiusdem
1855 4529 2110 4591 quoque
2152 4528 2344 4590 prae-

350 4602 482 4667 mii
531 4596 930 4682 participem
985 4596 1280 4661 futurum
1338 4594 1674 4659 hominem
1727 4594 1929 4659 fuisse
1983 4594 2343 4677 subiungit,

352 4688 417 4753 si
468 4703 718 4751 eorum
763 4680 1061 4764 exemplo
1104 4681 1179 4745 in
1220 4677 1592 4745 obedientia
1647 4679 2058 4762 perstitisset.
2147 4678 2343 4744 Nunc

353 4768 914 4853 transgressione
971 4788 1092 4832 sua
1147 4786 1416 4849 prorsus
1472 4765 1823 4844 excidisse,
1883 4772 1952 4830 et
2005 4773 2228 4829 tamen
2268 4763 2344 4827 in

345 4859 459 4938 iis,
513 4855 642 4939 qui
685 4852 1068 4930 liberantur,
1111 4852 1355 4918 factum
1399 4872 1542 4917 esse
1577 4850 1825 4917 donum
1864 4849 2131 4935 gratiae,
2178 4870 2344 4932 quae

343 4960 635 5010 merces
678 4939 899 5004 meriti
938 4939 1164 5004 futura
1206 4945 1363 5005 erat.
1387 4939 1446 5022 ⁸)
1525 4938 1633 5002 An
1678 4936 1786 5003 hic
1831 4935 1912 5002 de
1953 4935 2343 5000 immortali-

512 5237 580 5298 1)
628 5231 748 5284 Fol.
787 5228 905 5284 102.
940 5245 1062 5298 pag.
1097 5226 1147 5283 2.

505 5303 578 5366 3)
625 5300 759 5368 Cap.
797 5298 880 5353 11.

601 5384 827 5438 Calvim'
858 5397 1041 5452 opera.
1105 5382 1222 5438 Vol.
1267 5381 1365 5438 71.

1318 5227 1382 5296 2)
1419 5227 1540 5284 Fol.
1575 5226 1692 5283 103.
1728 5243 1852 5298 pag.
1893 5229 1942 5280 2.

1877 374 2005 440 DE
2048 371 2406 441 LIBERO
2449 370 2926 441 ARBI'PRIO.

4293 377 4423 442 402

2447 561 2604 628 tatis
2647 561 2891 648 gloria,
2947 581 3024 629 ac
3069 582 3206 628 non
3262 564 3480 647 potius
3538 561 3621 628 de
3674 564 4009 646 praesenti
4062 583 4416 664 regenera-

2417 648 2645 712 tionis
2700 647 3015 714 beneficio
3065 647 3401 731 disputat?
3479 649 3812 715 Rursum:
3868 649 4001 715 Est
4049 670 4294 733 quippe
4337 651 4413 715 111

2449 732 2637 799 nobis
2679 754 2802 817 per
2842 733 3017 800 hanc
3058 734 3190 799 Dei
3316 735 3520 801 atiam
3565 735 3638 799 in
3674 735 3847 810 bono
3889 734 4301 819 recipiendo,
4346 743 4414 802 et

2447 828 2955 902 perseveranter
3009 826 3212 885 tenen
3257 841 3295 885 0
3308 872 3325 900 ,
3380 841 3516 885 11011
3574 820 3790 886 80111111
3844 841 4035 904 posse
4080 820 4253 905 quod
4301 841 4422 887 vo-

2446 905 2667 971 lumus
2682 955 2698 984 ,
2758 926 2993 970 verum
3035 906 3240 971 etiam
3281 906 3452 972 velle
3505 906 3679 990 quod
3731 927 4099 990 possumus.
4184 906 4418 973 Gonti-

2449 1012 2580 1056 nuo
2622 998 2788 1074 post,
2835 998 3135 1074 oportere
3179 991 3532 1076 diligenter
3579 993 3733 1058 bina
3774 993 3904 1058 ista
3948 991 4270 1077 distingui
4286 1043 4304 1073 ,
4350 1005 4420 1059 et

2447 1074 2607 1159 quid
2647 1074 2975 1154 differant,
3020 1078 3378 1161 vigilanter
3420 1078 3725 1162 expendi,
3770 1079 4002 1144 infert:
4048 1099 4242 1164 posse
4282 1100 4418 1145 non

2447 1182 2749 1246 peccare,
2808 1171 2876 1228 et
2917 1181 3054 1226 non
3097 1182 3289 1246 posse
3331 1184 3635 1246 peccare,
3680 1184 3874 1248 posse
3919 1185 4052 1230 non
4095 1164 4297 1245 mori,
4346 1172 4413 1230 et

2447 1269 2582 1313 non
2625 1268 2816 1331 posse
2858 1247 3045 1313 mori.
3125 1246 3317 1329 Quae
3352 1257 3508 1316 sunt
3550 1251 3679 1316 ista
3719 1250 3907 1330 bina,
3953 1250 4084 1317 nisi
4128 1271 4412 1333 quorum

2409 1353 2416 1360 ⁸
2447 1334 2583 1399 iam
2616 1333 3028 1412 meminerat,
3066 1353 3269 1416 quum
3308 1335 3509 1418 primi
3543 1336 3832 1401 hominis
3871 1340 4023 1416 [pag.
4064 1342 4216 1416 236]
4256 1357 4412 1401 con-

2449 1419 2766 1484 ditionem
2850 1440 2891 1484 a
2966 1428 3194 1484 nostra
3270 1420 3713 1486 discerneret?
3811 1421 4099 1487 Dixerat
4169 1429 4411 1503 autem,

2445 1512 2630 1570 tanto
2671 1504 2993 1569 maiorem
3034 1525 3178 1570 esse
3230 1506 3512 1590 gratiam
3554 1508 3744 1572 nobis
3789 1507 4040 1587 datam,
4100 1507 4258 1591 quia
4299 1529 4420 1593 pa-

2447 1612 2599 1657 rum
2642 1591 2729 1654 sit
2770 1591 2976 1668 nobis,
3035 1589 3363 1674 perditam
3406 1591 3784 1659 libertatem
3827 1613 4218 1676 recuperare
4232 1645 4249 1673 ,
4296 1615 4416 1677 pa-

2447 1697 2601 1742 rum
2644 1676 2735 1742 sit
2777 1675 3077 1758 denique,
3123 1698 3256 1742 non
3300 1699 3488 1761 posse
3527 1680 3669 1744 sine
3711 1678 3846 1757 illa,
3895 1678 4002 1745 vel
4045 1679 4416 1763 apprehen-

2449 1763 2606 1828 dere
2657 1762 2932 1839 bonum,
2990 1762 3100 1828 vel
3163 1783 3554 1847 permanere
3620 1765 3693 1829 in
3749 1764 3948 1844 bone,
4006 1766 4065 1830 si
4107 1766 4413 1847 velimuS,

2449 1848 2579 1914 nisi
2643 1847 2844 1912 etiam
2905 1848 3050 1926 fiat,
3122 1855 3200 1913 ut
3258 1849 3553 1916 velimus.
3585 1849 3635 1933 ¹)
3746 1849 3887 1916 Cur
3942 1871 4101 1935 ergo
4166 1859 4413 1934 postea,

2449 1954 2655 2017 quum
2696 1932 3052 1999 discrimen
3088 1932 3258 1998 illud
3301 1937 3749 2019 prosequitur,
3809 1937 4111 2002 futurum
4151 1943 4419 2021 tempus

2453 2018 2773 2103 usurpat?
2882 2019 3023 2085 Gur
3085 2020 3516 2086 novissimam
3591 2022 3963 2088 libertatem
4030 2023 4169 2088 fore
4236 2022 4415 2104 dicit,

2450 2126 2587 2169 non
2652 2105 2872 2188 potius
2929 2102 3114 2170 esse?
3189 2105 3436 2172 Facilis
3490 2109 3825 2191 responsio
3880 2115 4011 2174 est:
4087 2108 4414 2176 libertatis

2450 2192 2591 2256 eius
2632 2196 2892 2273 partem
2925 2188 3266 2269 duntaxat,
3313 2212 3435 2274 pro
3470 2194 3992 2275 regenerationis
4034 2193 4228 2259 modo
4265 2214 4424 2261 con-

2450 2277 2732 2428 8131οᾢ10
2773 2275 2899 2342 1180
2942 2275 3080 2342 vita
3089 2275 3640 2428 ;fisolidaffiffvero
3683 2278 4167 2430 11101111ηῇ11(ιί
4209 2300 4422 2430 usque:

2658 2382 2765 2427 em
2820 2382 3118 2429 resurmc
3172 2383 3314 2429 oms
3494 2384 3654 2429 ern:
3775 2385 3926 2430 uem
4084 2385 4121 2429 o
4170 2385 4283 2429 um
4353 2388 4389 2431 0

2448 2458 2681 2531 postea
2725 2448 3070 2532 significat.
3144 2441 3392 2527 Primo,
3430 2450 3661 2534 inquit,
3684 2386 3774 2528 ²)q
3787 2450 4046 2515 homini
4081 2450 4225 2515 sine
4260 2472 4414 2533 pec—

2452 2543 2597 2600 cato
2640 2533 2778 2600 ullo
2817 2532 2971 2598 data
3012 2541 3142 2612 est,
3198 2553 3351 2599 cum
3389 2557 3522 2618 qua
3564 2535 3867 2602 conditus
3911 2542 4041 2616 est,
4104 2535 4411 2603 voluntas

2447 2620 2684 2698 libera,
2753 2626 2821 2685 et
2871 2640 3019 2685 eam
3083 2620 3239 2686 fecit
3301 2623 3554 2687 servire
3606 2629 3902 2705 peccate,
3973 2628 4202 2688 nostra
4256 2644 4415 2688 vero

2450 2727 2654 2789 quum
2698 2715 2871 2771 esset
2911 2726 3105 2772 serva
3147 2707 3429 2788 peccati,
3473 2707 3755 2772 liberata
3794 2716 3899 2772 est
3937 2729 4056 2790 per
4101 2728 4255 2773 eum
4297 2710 4410 2792 qui

2451 2792 2650 2857 dixit:
2723 2789 2801 2857 Si
2860 2811 2980 2857 vos
3032 2791 3210 2857 filius
3266 2791 3679 2871 liberaverit,
3743 2815 3902 2859 vere
3968 2793 4158 2859 liberi
4225 2794 4410 2860 eritis

2449 2877 2709 2963 (Ioann.
2750 2881 2810 2957 8,
2850 2878 2982 2961 36).
3070 2877 3164 2942 Et
3205 2877 3561 2961 accipimus
3604 2885 3861 2945 tantam
3905 2879 4031 2946 hac
4076 2880 4291 2964 gratia
4336 2880 4417 2945 li-

2445 2964 2793 3043 bertatem,
2839 2969 2918 3027 ut
2960 2964 3261 3047 quamvis
3303 2985 3701 3048 pugnemus,
3748 2963 3907 3029 dum
3950 2964 4059 3031 hic
4104 2966 4415 3047 vivimus,

2447 3055 2678 3116 contra
2719 3049 3279 3132 concupiscentias
3323 3052 3591 3133 peccati,
3637 3072 3772 3116 non
3806 3057 4032 3116 tamen
4068 3052 4246 3117 ultra
4279 3074 4418 3118 ser-

2449 3136 2709 3201 viamus
2759 3141 3052 3217 peccat0,
3107 3134 3281 3218 quod
3323 3143 3424 3201 est
3468 3134 3553 3201 ad
3594 3141 3894 3202 mortem.
3981 3138 4165 3221 Ergo
4210 3159 4419 3222 quum

2449 3221 2879 3287 novissimam
2917 3219 3293 3286 libertatem
3334 3221 3475 3286 fore
3517 3228 3815 3301 testatur,
3856 3243 3991 3289 non
4034 3244 4226 3308 posse
4261 3244 4413 3307 pec-

2448 3328 2629 3384 care,
2697 3305 2867 3371 nihil
2923 3304 3133 3386 aliud,
3199 3326 3397 3389 quam
3458 3314 3850 3390 perpetuam
3911 3310 4102 3392 regni
4157 3309 4414 3378 Christi

2449 3394 2733 3477 gratiam
2772 3390 3213 3457 commendat:
3262 3411 3427 3474 (11180
3468 3400 3698 3458 tamen
3740 3414 3875 3459 non
3917 3394 4045 3458 nisi
4090 3417 4176 3460 ex
4216 3403 4411 3480 parte

2448 3497 2628 3544 nunc
2659 3477 3146 3542 manifestatur:
3190 3476 3337 3542 ideo
3380 3484 3522 3543 tota
3556 3477 3826 3543 demum
3859 3484 3927 3544 et
3959 3480 4223 3564 integra
4262 3491 4414 3567 post

2450 3563 2999 3629 resurrectionem
3041 3562 3384 3628 constabit.
3474 3564 3570 3629 At
3612 3564 3811 3647 simul
3856 3585 3990 3629 non
4033 3568 4282 3648 patior,
4335 3576 4413 3635 ut

2448 3650 2531 3716 de
2563 3650 2805 3726 futura,
2843 3669 3009 3731 (11180
3042 3649 3608 3715 immortalitatem
3644 3658 3975 3734 sequetur,
4011 3654 4414 3735 perfectione

2446 3738 2593 3820 quis
2647 3734 2952 3817 accipiat:
3008 3755 3276 3817 nempe,
3334 3737 3390 3801 si
3434 3737 3580 3818 quis
3639 3757 3714 3801 00
3770 3735 4036 3802 trahere
4091 3740 4185 3804 sic
4228 3740 4410 3822 velit,

2447 3822 2633 3906 quasi
2676 3820 2760 3886 ad
2804 3820 2979 3886 hanc
3020 3822 3228 3885 vitam
3270 3821 3505 3886 referri
3548 3842 3681 3886 non
3718 3819 3967 3887 debeat.
4034 3823 4247 3889 Porro
4282 3825 4408 3892 hoc

2448 3907 2618 3972 nihil
2661 3906 2840 3972 aliud
2883 3914 3014 3986 est,
3070 3927 3269 3989 quam
3318 3914 3525 3971 totam
3565 3908 4085 3992 regenerationis
4127 3912 4414 3993 gratiam

2447 3991 2556 4058 hic
2612 3991 3097 4075 comprehendi.
3188 3990 3340 4072 Qua
3398 3992 3478 4058 de
3534 4014 3607 4057 re
3663 4013 3928 4059 omnem
3983 3995 4172 4060 nobis
4225 4016 4412 4063 scru—

2447 4078 2678 4162 pulum
2714 4079 2918 4161 ipsius
2952 4078 3066 4143 Au
3192 4078 3319 4143 tini
3350 4079 3568 4144 verbis
3604 4079 3804 4143 eximi
3843 4078 4161 4160 dixeram,
4202 4103 4409 4165 quum

2449 4164 2782 4248 aliquanto
2822 4170 2975 4247 post
3018 4185 3058 4228 a
3104 4161 3241 4229 dat:
3286 4164 3381 4230 ita
3423 4165 3660 4247 spiritu
3707 4173 3932 4231 sancto
3974 4166 4248 4246 accendi
4290 4189 4408 4235 vo-

2448 4251 2771 4315 luntatem
2831 4259 3244 4329 sanctorum,
3304 4258 3379 4314 ut
3441 4248 3588 4314 ideo
3628 4252 3910 4332 possint,
3956 4253 4111 4335 quia
4154 4254 4247 4319 sic
4289 4276 4407 4321 vo-

2447 4336 2626 4414 lunt;
2667 4344 2733 4399 et
2774 4334 2920 4400 ideo
2961 4334 3191 4414 velint,
3228 4335 3386 4418 quia
3427 4343 3738 4418 operatur
3779 4335 3852 4399 in
3892 4337 4054 4419 ipsis
4080 4337 4284 4419 Deus,
4333 4347 4412 4406 ut

2449 4421 2674 4489 velint.
2741 4420 3291 4504 Subventumque
3336 4443 3478 4487 esse
3521 4421 3880 4487 voluntatis
3923 4421 4256 4489 humanae
4298 4427 4406 4490 in-

2447 4506 2773 4587 firmitati,
2840 4513 2918 4570 ut
2973 4506 3188 4590 gratia
3243 4505 3472 4573 divina
3521 4506 4075 4573 indeclinabiliter
4119 4518 4187 4575 et
4229 4510 4409 4579 inse—

2446 4592 2832 4676 parabiliter
2875 4600 3138 4677 agatur:
3184 4598 3278 4672 ut,
3321 4594 3743 4676 quantumvis
3785 4594 4069 4672 infirma,
4114 4615 4249 4660 non
4293 4597 4409 4664 de-

2447 4680 2690 4745 ficeret.
2777 4676 2926 4743 Hac
2969 4678 3295 4743 sententia
3336 4678 3505 4743 nihil
3559 4699 3667 4744 me
3723 4684 3872 4758 [pag.
3912 4684 4063 4759 237]
4106 4680 4407 4749 adiuvari

2448 4763 2695 4847 excipit
2734 4763 3036 4847 Pighius,
3082 4764 3236 4846 quia
3278 4785 3429 4830 cum
3462 4763 3580 4830 illa
3619 4764 3943 4847 superiori
3984 4765 4171 4832 nullo
4214 4769 4408 4835 modo

2449 4849 2812 4916 cohaereat.
2912 4848 3006 4912 Et
3059 4869 3147 4914 ne
3201 4849 3435 4916 facetia
3488 4859 3712 4916 careat
3754 4850 4207 4935 reprehensio,
4262 4874 4405 4919 ma-

2447 4934 2714 5002 cellario
2756 4932 3104 5018 proverbio
3146 4933 3222 4998 in
3264 4956 3371 5000 me
3411 4934 3601 5001 ludit.
3667 4935 3873 5016 Haec,
3918 4936 4150 5020 inquit,
4197 4940 4407 5006 cauda

2448 5020 2534 5085 ad
2598 5019 2801 5084 alium
2854 5018 3143 5084 vitulum
3198 5022 3502 5105 pertinet.
3602 5022 3818 5088 Mirus
3860 5041 4021 5088 vero
4079 5024 4404 5092 carnifex:

2587 5293 2646 5360 1)
2683 5294 2815 5363 Cap.
2852 5291 2937 5348 11.
3142 5290 3202 5359 2)
3241 5293 3370 5363 Cap.
3406 5292 3489 5348 12.

3923 5374 3994 5429 26
