4967 5992
352 325 471 387 129

1196 515 1462 572 dmm.

514 581 682 647 Non.
785 584 961 649 Mais
1016 587 1456 664 aucontraire,
1510 607 1682 670 pour
1735 588 1919 653 avoir
1966 588 2033 653 la
2085 589 2297 655 verite

342 665 432 732 du
477 664 869 734 Sacrement
886 720 900 744 ‚
960 669 1009 734 il
1052 691 1220 738 nous
1274 671 1417 738 faut
1459 672 1713 738 eslever
1767 694 1892 738 noz
1935 694 2172 741 cueurs
2211 696 2297 740 en

339 752 508 818 haut
560 775 647 819 au
690 752 832 820 Ciel
847 805 861 833 ,
918 763 1002 820 ou
1056 765 1156 821 est
1196 757 1385 823 Iesus
1429 756 1660 823 Christ
1703 773 1783 823 611
1840 759 1907 824 16
1960 760 2170 845 gloire
2214 759 2296 825 de

340 859 463 904 son
518 838 719 918 Pere,
776 848 844 905 et
898 839 1059 906 dont
1111 863 1277 908 nous
1329 843 1725 909 l’attendons
1779 867 1863 911 en
1918 852 2146 912 nostre
2188 866 2293 911 re·

342 923 714 1007 demption:
773 933 840 991 et
906 946 1043 991 non
1098 949 1217 1011 pas
1262 928 1326 993 le
1369 929 1688 995 chercher
1731 951 1813 995 en
1852 952 1961 997 ces
2004 931 2293 997 elemens

339 1011 790 1094 corruptibles.

1143 1135 1211 1170 u
1245 1135 1502 1170 mtss'l'u·

512 1181 613 1245 Tu
667 1191 900 1248 entens
960 1180 1129 1249 donc
1184 1185 1342 1267 qu’il
1397 1207 1442 1269 y
1499 1207 1540 1251 a
1593 1185 1766 1252 deux
1820 1188 2053 1254 choses
2097 1208 2181 1252 en
2220 1207 2295 1253 ce

338 1263 753 1332 Sacrement:
814 1268 878 1331 le
932 1269 1089 1352 pain
1144 1271 1471 1348 matericl‚
1533 1280 1599 1336 et
1652 1273 1715 1337 16
1773 1274 1887 1338 vin
1941 1293 2070 1357 que
2123 1293 2293 1338 nous

335 1372 588 1437 voyons
633 1360 675 1417 a
717 1353 901 1431 l’oeil,
954 1355 1276 1421 touchons
1320 1365 1363 1421 a
1409 1356 1470 1420 la
1515 1362 1635 1438 [foL
1673 1362 1783 1439 66]
1829 1359 2029 1437 main,
2075 1365 2144 1423 et
2186 1380 2292 1424 sa-

332 1459 623 1504 vourons
667 1459 752 1503 au
795 1450 1017 1523 goust:
1075 1451 1141 1505 et
1184 1442 1370 1507 Iesus
1405 1441 1664 1522 Christ,
1726 1445 1890 1510 dont
1945 1466 2067 1509 noz
2111 1464 2292 1509 ames

332 1533 488 1590 sont
528 1524 1071 1590 interieurement
1111 1529 1432 1593 nourries.

1186 1715 1448 1770 a'msur.
1793 1745 1800 1758 ·

513 1781 731 1848 Voire.
820 1783 929 1849 En
974 1783 1127 1849 telle
1170 1793 1344 1849 sorte
1399 1787 1816 1853 neantmoins
1860 1806 1988 1870 que
2032 1809 2200 1853 nous
2244 1810 2290 1874 y

330 1887 547 1933 avons
605 1889 851 1933 mesme
903 1870 1384 1954 tesmoignage,
1444 1881 1510 1936 et
1571 1893 1823 1938 comme
1881 1893 2011 1938 une
2067 1894 2216 1939 arre
2240 1874 2287 1954 ¹)

334 1953 420 2019 de
464 1953 532 2019 16
575 1956 1014 2019 resurrection
1058 1955 1139 2020 de
1183 1977 1305 2020 noz
1350 1978 1569 2041 corps:
1617 1968 1849 2024 entant
1891 1958 2089 2042 qu'ilz
2139 1966 2292 2024 sont

325 2040 525 2105 faictz
566 2033 968 2124 participans
1012 2040 1101 2106 du
1146 2043 1333 2125 signe
1378 2042 1459 2107 (16
1504 2045 1627 2110 vie.

1109 2163 1175 2197 m
1210 2146 1533 2210 mxsm.²)

506 2210 680 2294 91161
724 2232 808 2277 66
854 2211 992 2278 doit
1035 2223 1208 2277 estre
1247 2213 1539 2298 l’usage?

507 2469 628 2535 Tel
682 2490 810 2553 que
864 2469 965 2535 dit
1019 2401 1477 2536 saindtmf'ffil.
1568 2470 1750 2537 O'est
1804 2493 1928 2555 que
1982 2472 2290 2539 l’homme

324 2555 707 2639 s’esprouve
741 2576 1108 2640 soymesme
1144 2555 1388 2621 devant
1421 2560 1615 2639 qu’en
1653 2558 2017 2641 approcher
2039 2558 2106 2644 (l
2135 2560 2286 2625 Cor.

328 2647 434 2718 11,
475 2645 608 2726 28).
1141 2764 1206 2798 m
1240 2764 1499 2799 mam·

501 2813 615 2879 En
659 2832 835 2897 quoy
878 2834 948 2879 se
991 2811 1210 2879 doit-il
1256 2813 1656 2898 esprouver?

502 2985 838 3062 Assavoir‚
882 2983 983 3051 s'il
1026 2994 1130 3051 est
1169 2936 1664 3070 ssffassss‘embro
1700 2985 1780 3053 de
1814 2986 2005 3054 Iesus
2041 2987 2284 3055 Christ.

501 3156 641 3223 Par
683 3155 871 3239 quelz
914 3106 1524 3262 signesnlemp‘bsunrssa
1562 3157 1614 3223 il
1648 3159 2108 3243 congnoistre?

1180 3344 1445 3399 dmum.

508 3411 626 3480 S‘il
681 3434 724 3479 a
776 3432 980 3498 vraye
1034 3412 1180 3499 Foy
1230 3425 1296 3479 et
1346 3422 1770 3496 repentance:
1836 3424 1905 3482 et
1957 3416 2061 3483 s’il
2117 3418 2286 3484 aime

324 3521 437 3567 666
494 3499 841 3583 prochains
894 3522 978 3564 en
1035 3520 1239 3583 vraye
1294 3500 1573 3578 charite,
1619 3509 1687 3565 et
1728 3506 1901 3568 n’est
1943 3502 2130 3586 point
2170 3525 2285 3568 en-

325 3587 528 3652 tache
572 3586 653 3651 de
700 3586 895 3651 haine
937 3607 1022 3650 ne
1066 3607 1377 3664 rancune,
1423 3607 1508 3651 ne
1553 3585 1856 3653 division.

1135 3708 1201 3742 m:
1235 3708 1495 3743 mm

498 3756 673 3821 Mais
738 3763 840 3822 est
893 3755 945 3821 il
1001 3757 1220 3839 requis
1239 3760 1295 3842 ³)
1363 3758 1612 3825 d’avoir
1678 3759 1827 3844 Foy
1894 3767 1964 3825 et
2029 3760 2284 3827 charite

315 3839 685 3926 parfaiote?

1174 3944 1439 4000 a'aurm.

501 4013 559 4078 I]
621 4014 763 4078 faut
821 4013 969 4080 bien
1024 4035 1150 4097 qne
1204 4015 1379 4084 l’une
1438 4022 1505 4081 et
1545 4015 1783 4081 l'antre
1840 4017 1969 4083 soit
2010 4018 2280 4097 entiere,

316 4107 388 4165 et
447 4120 592 4165 non
644 4100 901 4166 feincte.
988 4101 1164 4166 Mais
1211 4100 1458 4166 d’avoir
1514 4122 1645 4166 une
1687 4102 1845 4168 telle
1900 4104 2278 4186 perfection,

316 4194 361 4252 a
402 4185 695 4268 laquelle
737 4185 786 4250 il
829 4190 893 4250 n’
988 4186 1083 4250 ait
1123 4207 1246 4268 que
1291 4187 1524 4265 redire,
1570 4187 1712 4254 cela
1747 4211 1830 4254 ne
1865 4211 1936 4255 se
1971 4206 2282 4256 trouvera

312 4293 440 4356 pas
502 4281 691 4336 entre
745 4272 841 4336 les
946 4287 1211 4337 ommes.
1311 4273 1514 4339 Aussi
1536 4350 1540 4354 ,
1566 4272 1632 4338 16
1686 4275 1868 4341 Ceno
1923 4275 2125 4341 seroit
2177 4278 2281 4342 16-

316 4361 572 4424 stitues
616 4379 698 4422 en
744 4358 927 4433 vain,
984 4358 1037 4423 si
1083 4358 1202 4422 nul
1256 4360 1514 4425 n'estoit
1555 4360 1824 4442 capable
1868 4360 1949 4428 de
1992 4362 2059 4427 la
2099 4382 2281 4430 rece-

313 4445 489 4524 voir,
537 4444 730 4509 sinon
771 4444 928 4527 qu’il
968 4444 1104 4509 fust
1144 4442 1231 4509 du
1277 4454 1420 4509 tout
1459 4446 1750 4530 parfaict.

1120 4565 1186 4600 Lu
1221 4564 1481 4600 Hmlflm.

500 4613 1037 4697 L‘imperfection
1095 4614 1263 4681 donc
1327 4636 1410 4681 66
1477 4635 1644 4682 66116
1698 4617 2043 4701 empesche
2096 4620 2284 4703 point

315 4701 478 4768 d'en
523 4699 901 4784 approcher.

1171 4803 1440 4857 n’nrm.

502 4872 679 4937 Mais
732 4892 817 4937 au
873 4871 1227 4952 contraire,
1297 4872 1423 4938 6116
1478 4893 1564 4938 66
1617 4894 1784 4940 nous
1837 4874 2146 4940 serviroit
2199 4876 2281 4943 de

640 5111 699 5176 1)
746 5129 815 5167 un
852 5129 973 5168 arre
1009 5111 1395 5168 1561-1566.

311 5198 429 5240 nne
470 5181 622 5236 seule
659 5182 762 5235 fois
798 5183 848 5236 le
885 5182 1190 5264 Baptesme,
1225 5193 1282 5237 et
1316 5183 1373 5237 16
1406 5182 1551 5238 Cene
1586 5182 1855 5250 plusieurs
1899 5182 2023 5239 fois.

313 5250 486 5306 1553.
524 5251 674 5307 1569.
710 5251 847 5306 1566
880 5266 1019 5305 saw.

543 5338 761 5393 Caluini
793 5353 975 5406 opera.
1057 5338 1170 5393 Vol.
1217 5337 1313 5391 VI.

1691 330 2349 400 OATEOHJSMUS
2395 331 3012 403 GENEVENSIS.

4237 346 4363 416 130

3300 545 3456 583 PUB-

2571 589 3021 676 Nequaquam.
3111 593 3294 678 Quin
3338 597 3559 682 potius
3612 599 3708 665 ita
3751 599 3968 666 sentio
3983 651 4000 680 ,
4059 608 4137 667 ut
4181 607 4359 672 veri·

2397 678 2536 739 tate
2588 676 2924 758 potiamur
2976 680 3347 765 signorum,
3397 683 3745 768 erigendas
3788 705 3931 752 esse
3984 687 4058 751 in
4099 690 4354 757 coelum

2395 767 2672 858 mentes,
2718 763 2831 829 ubi
2864 765 3171 834 Christus
3215 776 3336 847 est,
3382 776 3450 835 et
3489 770 3668 835 unde
3702 791 3854 837 eum
3897 783 4356 856 exspectamus

2396 845 2681 912 iudicem
2738 858 2806 914 et
2859 849 3367 936 redemptorem:
3423 855 3497 919 in
3542 855 3646 922 his
3693 878 3852 922 vero
3896 861 4179 925 terrenis
4222 862 4354 929 ele·

2396 932 2639 999 mentis
2682 954 3027 1018 perperam
3070 947 3140 1004 et
3179 940 3426 1006 frustra
3467 943 3712 1024 quaeri.

3243 1130 3501 1165 mIBTBB·

2402 1256 2415 1271 ·
2573 1171 2668 1238 Ut
2704 1175 2776 1238 in
2820 1195 3150 1241 summam
3205 1179 3590 1264 colligamus
3647 1204 3816 1266 quae
3876 1184 4130 1254 dixisti:
4186 1186 4353 1256 duas

2395 1279 2470 1322 16
2527 1278 2727 1324 66666
2779 1282 2885 1325 res
2938 1283 3081 1327 esse
3139 1265 3404 1331 asseris:
3464 1288 3730 1351 nempe,
3787 1275 3906 1350 [fol.
3952 1276 4061 1351 80]
4105 1294 4350 1356 panem

2397 1350 2464 1407 et
2506 1345 2756 1426 vinum,
2798 1367 2966 1430 quae
2995 1348 3200 1415 oculis
3236 1360 3615 1431 cernuntur,
3646 1365 4096 1422 attrectantur
4133 1360 4350 1425 16661-

2395 1427 2548 1510 bus,
2606 1433 3061 1515 percipiuntur
3103 1446 3328 1519 gustu:
3376 1436 3613 1504 deinde
3657 1440 4031 1523 Christum,
4075 1466 4202 1528 quo
4246 1447 4350 1512 16-

2395 1516 2601 1582 terius
2669 1519 2931 1583 animae
2984 1530 3277 1601 nostrae,
3344 1531 3660 1607 tanquam
3721 1530 3985 1611 proprio
4052 1550 4170 1596 suo
4228 1532 4349 1597 611-

2395 1609 2637 1682 mento,
2682 1611 3062 1686 pascuntur.
4152 1611 4166 1630 “

3300 1729 3455 1766 rum.

2567 1773 2840 1854 Verum,
2878 1784 2944 1840 et
2978 1797 3054 1841 eo
3087 1777 3351 1860 quidem
3385 1802 3610 1864 usque,
3648 1790 3725 1848 ut
3756 1804 4104 1866 corporum
4139 1788 4343 1854 etiam

2393 1862 2784 1927 resurrectio
2832 1861 2968 1928 illic
3022 1863 3239 1940 nobis,
3296 1868 3481 1949 quasi
3540 1866 3691 1934 dato
3747 1870 4051 1953 pignore,
4105 1875 4343 1939 confir-

2392 1953 2642 2010 metur:
2689 1968 2895 2030 quum
2935 1957 3004 2012 et
3046 1949 3195 2033 ipsa
3237 1952 3413 2017 vitae
3456 1955 3753 2037 symbolo
3797 1958 4302 2027 communicent.

2568 2201 2735 2284 Quis
2778 2212 3001 2270 autem
3034 2158 3659 2276 rectusmgr'ilznliuius
3694 2213 4087 2279 sacramenti
4131 2237 4207 2281 66
4250 2216 4347 2283 le-

2395 2289 2673 2373 gitimus
2716 2310 2874 2356 usus
2887 2290 2920 2353 ‘I
4064 2359 4067 2360 ⁷

2571 2407 2854 2542 Qualem
2910 2463 3164 2529 Paulus
3233 2415 3493 2531 deligit:
3564 2473 3643 2531 ut
3703 2471 3935 2553 probet
3999 2490 4069 2535 se
4134 2469 4355 2554 ipsum

2395 2547 2610 2628 homo,
2656 2550 3039 2632 priusquam
3083 2569 3161 2616 eo
3206 2551 3490 2618 accedat.

2565 2804 2904 2887 Quidnam
2945 2808 3013 2873 in
3059 2808 3183 2875 hae
3226 2758 3610 2893 ffiffti'one
3652 2812 3993 2896 inquiret?

2563 2978 2746 3045 Num
2787 3000 3021 3045 verum
3063 2981 3153 3047 sit
3192 2931 3448 3047 chi-⁰123
3489 2982 3880 3052 membrum.

2529 3148 2823 3300 “3me
2875 3150 2961 3217 ad
3014 3152 3156 3217 eius
3208 3101 3388 3218 rugum
3377 3102 3682 3221 31111661
3738 3161 4148 3241 argumentis
4201 3185 4353 3247 per-

2392 3255 2586 3303 veme
4320 3278 4329 3290 .

3294 3359 3448 3396 rmut-

2566 3406 2646 3474 Si
2700 3429 2859 3475 vera
2928 3408 3016 3474 sit
3069 3409 3473 3491 poenitentia
3547 3411 3804 3495 fideque
3857 3414 4227 3497 praeditus:
4287 3418 4349 3485 si

2387 3494 2723 3578 proximos
2766 3494 3021 3560 sincero
3055 3514 3278 3561 amore
3314 3506 3777 3581 prosequatur:
3826 3500 3884 3565 si
3928 3501 4225 3568 animum
4268 3505 4355 3571 ab

2389 3580 2574 3645 omni
2617 3579 2765 3646 odio
2809 3579 3401 3665 malevolentiaqne
3435 3602 3678 3665 purum
3724 3585 3981 3651 habeat.

3241 3703 3501 3739 mamm

2561 3752 2740 3818 Num
2803 3752 3156 3836 perfectam
3219 3754 3292 3818 16
3348 3754 3614 3820 11616166
3680 3763 3829 3822 tum
3892 3758 4124 3840 fidem,
4193 3767 4343 3828 tum

2386 3838 2730 3906 caritatem
2773 3837 3030 3922 exigis?

3292 3961 3444 3996 FUER-

2560 4010 2928 4092 Utramque
2981 4032 3140 4077 6666
3193 4010 3522 4096 integram
3566 4020 3635 4077 et
3677 4013 3758 4078 ab
3803 4015 3982 4080 omni
4025 4016 4173 4084 fuco
4223 4040 4342 4084 va-

2383 4119 2574 4163 cuam
2629 4119 2772 4163 esse
2826 4098 3150 4163 convenit.
3241 4096 3493 4163 Verum
3550 4099 3796 4165 frustra
3848 4102 4152 4185 exigatur
4206 4113 4337 4169 tam

2384 4184 2685 4250 absoluta
2738 4184 3030 4249 numeris
3096 4184 3399 4258 omnibus
3455 4185 3795 4268 perfectio,
3862 4186 3938 4251 in
3984 4208 4114 4269 qua
4169 4189 4343 4255 nihil

2386 4269 2827 4348 desideretur,
2884 4268 3144 4352 quando
3200 4278 3387 4334 tanta
3429 4291 3767 4354 6116611616
3809 4271 3881 4336 16
3927 4273 4191 4340 11616166
4234 4275 4342 4340 16-

2337 4395 2344 4508 ,
2384 4356 2603 4423 veniri
2642 4354 2902 4439 poterit.

2558 4614 2709 4680 Non
2754 4633 2910 4697 ergo
2936 4566 3036 4678 ’ab
3080 4561 3496 4679 accesuglmffis
3541 4619 3722 4678 arcet
3764 4614 4170 4697 imperfectio
4214 4638 4347 4701 qna

2385 4700 2603 4766 adhuc
2634 4699 3026 4766 laboramus.

3288 4819 3439 4854 PUER-

2558 4869 2740 4952 91116
2793 4870 3039 4954 potius,
3096 4869 3153 4935 si
3196 4870 3467 4953 perfecti
3509 4890 3834 4952 essemus,
3891 4871 4157 4938 nullum
4199 4894 4342 4940 am-

1733 5110 1794 5175 2)
1834 5114 1913 5168 Le
1946 5112 2033 5170 54.
2066 5114 2367 5172 dimanche.
2410 5138 2478 5149 —
2512 5111 2672 5181 Sigae
2707 5111 2753 5166 ti
2788 5126 2858 5164 on
2894 5119 2981 5166 est
3011 5112 3248 5165 membre
3282 5109 3351 5165 de
3389 5109 3587 5168 Christ.
3624 5140 3689 5151 —
3724 5111 4014 5183 Pourquoy
4058 5128 4129 5167 on
4168 5129 4227 5169 re
4260 5116 4340 5171 oit
4466 5144 4473 5151 ·

2271 5185 2458 5254 3)(161
2489 5181 2530 5235 11
2564 5180 2745 5250 requis
2782 5177 2938 5233 1545.
2976 5178 3128 5234 1558.
3167 5176 3532 5234 1561-1563
3569 5221 3583 5238 .
3617 5220 3632 5236 .
3669 5216 3686 5233 .
3722 5221 3736 5236 .
3769 5180 3807 5235 11
3845 5189 3933 5236 est
3965 5184 4147 5251 requis
4184 5184 4213 5235 1
4325 5223 4345 5237 .

3891 5321 3959 5426 9.
