4967 5992
468 293 594 355 623
1705 276 1835 342 DE
1878 215 2330 341 mmm
2367 261 3290 337 SUPERSTITIONIBUS.
3398 213 3409 224 ’
4364 260 4493 324 624

464 476 643 558 firmi
697 477 861 542 sunt.
949 469 1106 548 His,
1157 471 1228 534 ut
1280 465 1549 553 aegrotis
1565 517 1582 547 ,
1640 486 1765 532 non
1808 462 1991 530 aliud
2032 463 2236 528 dicere
2266 477 2436 543 pos-·

466 581 637 641 sum,
701 559 836 626 nisi
881 561 951 622 ut
1006 552 1490 622 imbecillitatem
1554 555 1888 637 aynoscant
1901 599 1917 630 ‚
1987 554 2044 615 et
2096 547 2426 644 deplorent,

466 644 886 729 etpaulatim
947 641 1114 706 vires
1176 640 1562 722 conftament,
1629 633 2277 718 etaliquasubinde
2343 631 2426 695 il-

470 732 775 800 lustriora
839 725 1196 796 testimonia
1276 725 1681 809 confessionis
1754 722 1957 788 edant.
2071 717 2218 785 Scio
2296 736 2429 782 rem

468 816 798 900 difficilem
885 834 1045 894 esse,
1163 812 1314 878 haec
1397 809 1659 877 exordia
1749 806 2173 889 confessionis.
2303 799 2428 900 Sed

468 909 582 971 aut
611 900 1074 985 proficiendum
1115 903 1220 978 est,
1264 902 1376 963 aut
1416 893 1867 979 exspectandus
1903 892 2211 958 interitus.
2300 886 2431 952 Hie

470 993 678 1056 autem
708 988 874 1054 addo
903 984 1436 1068 praemonitiones
1477 985 1764 1064 quatuor.
2393 1058 2405 1071 ⁶

648 1071 907 1150 Prima,
948 1070 1146 1152 prius
1188 1070 1332 1135 bene
1375 1069 1694 1134 iaciantur
1729 1064 2160 1148 fundamenta,
2212 1060 2432 1157 doctri-

471 1179 624 1226 nam
665 1156 969 1242 evanqelii
1010 1161 1168 1221 recte
1219 1173 1682 1239 coqnoscamus,
1737 1172 1814 1216 ne
1866 1149 2041 1233 falsa
2082 1168 2210 1229 pro
2264 1163 2432 1243 veris

469 1244 947 1327 amplectamur,
1010 1261 1119 1307 nee
1183 1260 1527 1325 augeamus
1579 1238 1758 1303 nobis
1812 1254 2080 1314 errores,
2142 1238 2197 1299 et
2250 1232 2402 1297 aliis
2416 1252 2435 1291 .·

475 1351 587 1397 nec
639 1329 935 1412 pericula
988 1332 1255 1409 propter
1319 1326 1529 1409 falsas
1586 1324 1907 1406 opiniones
1970 1320 2433 1413 suscipiamus-j

478 1417 588 1483 sed
636 1416 969 1498 fuyiamus
1012 1412 1583 1493 Anabaptistarum
1639 1414 1790 1489 [pag.
1832 1412 1976 1486 102]
2030 1407 2280 1490 furores
2321 1421 2435 1484 qui

473 1501 697 1567 multos
743 1517 994 1566 errores
1047 1497 1506 1579 circumferunt.
1599 1494 1845 1577 Neyant
1874 1497 2193 1576 peccatum
2248 1488 2435 1571 0νίρὸ-

475 1588 608 1666 nis‚
653 1584 1004 1667 improbant
1045 1584 1426 1664 baptismum
1467 1581 1810 1663 infantum,
1855 1582 2259 1659 corrumpunt
2300 1576 2437 1640 doc-

474 1673 711 1737 trinam
750 1671 825 1735 de
857 1670 1111 1734 iustitia
1142 1666 1311 1747 fidei,
1356 1667 1663 1733 damnant
1685 1664 1966 1747 politias,
2009 1664 2436 1746 mam-tratas,

475 1755 749 1836 iudicia,
816 1753 1272 1820 distinctionem
1335 1752 1781 1830 dominiorum,
1849 1770 1998 1815 vera
2048 1750 2439 1813 iuramenta.-

476 1844 738 1924 denique
778 1839 963 1904 multi
1003 1838 1221 1903 multis
1261 1838 1477 1917 malis,
1533 1841 1591 1900 et
1616 1835 2000 1919 perniciosis
2042 1832 2438 1917 opinionibus

479 1927 830 1995 dementari
880 1944 948 1989 se
1000 1924 1232 1990 sinunt.
1321 1922 1473 1988 Ideo
1528 1923 1730 1986 simus
1772 1920 2146 2003 prudentes,
2207 1923 2262 1982 et
2317 1917 2440 1981 cir-

480 2011 836 2095 cumspecti,
881 2014 937 2075 et
971 2030 1114 2075 vero
1154 2009 1389 2074 iudicio
1431 2008 1747 2075 doetrinae
1773 2025 1971 2089 qenus
2016 2005 2336 2089 eliqamus,
2380 2005 2442 2066 et

484 2096 762 2181 amplexi
800 2115 984 2161 veras
1025 2095 1379 2173 sententias,
1422 2111 1547 2158 non
1589 2093 1980 2158 abiiciamus.

659 2180 944 2248 Secunda
984 2179 1408 2261 praemonitio
1421 2205 1440 2242 .·
1487 2177 1636 2243 Non
1688 2175 2094 2242 blandiamur
2152 2175 2282 2255 ipsi
2335 2193 2440 2239 no-

484 2270 609 2348 bis,
653 2287 764 2333 nec
798 2270 1209 2348 praetexatur
1249 2264 1600 2345 infirmitas
1632 2263 2042 2328 simulationi.
2134 2257 2332 2325 Multi
2369 2259 2443 2323 in

486 2354 658 2422 aulis
712 2358 930 2418 vocant
981 2371 1049 2416 se
1110 2350 1508 2431 Nicodemos,
1577 2354 1635 2414 et
1689 2348 2004 2430 infirmos,
2072 2367 2266 2429 quum
2312 2345 2445 2411 sint

564 2439 1045 2518 aevaricatores,
1091 2440 1147 2501 et
1189 2436 1429 2503 similes
1465 2435 1723 2514 Alcimi,
1765 2435 1949 2500 cuius
1982 2434 2058 2515 fit
2100 2432 2323 2498 mentio
2369 2431 2444 2495 in

527 2525 752 2591 istoria
808 2522 1364 2589 Machabaeorum:
1432 2521 1802 2603 confirmant
1867 2521 2199 2587 saevitiam
2234 2520 2445 2600 poten-

487 2616 621 2677 tum
670 2631 795 2676 sua
837 2607 1355 2675 dissimulatione.
1445 2606 1643 2672 Multi
1686 2607 1875 2671 etiam
1916 2605 2287 2688 sophisticas
2328 2602 2446 2666 mi·

486 2696 812 2795 tiqationes
831 2698 1162 2776 quaerunt,
1195 2698 1265 2758 ut
1285 2698 1572 2759 excusent
1592 2690 1796 2756 cultus
1827 2691 2156 2758 idolorum.
2226 2688 2448 2753 Etiam

488 2802 551 2847 si
592 2780 911 2861 sacrificia
953 2779 1027 2843 in
1068 2777 1289 2844 missis
1331 2798 1456 2842 non
1495 2777 1703 2842 valent
1726 2796 1851 2858 pro
1893 2777 2190 2856 mortuis,
2234 2773 2446 2855 inqui-

496 2872 638 2945 unt,
694 2867 897 2930 valent
939 2868 1147 2928 tamen
1175 2883 1414 2943 preces.
1505 2861 1595 2928 Et
1628 2866 1882 2943 possent
1927 2860 2207 2943 exempla
2249 2858 2450 2924 multa

491 2950 981 3033 sophisticarum
1011 2948 1279 3014 illarum
1321 2949 1786 3014 accusationum
1826 2948 2164 3013 recenseri.-
2207 2944 2316 3011 sed
2357 2944 2451 3009 ita

492 3037 709 3103 ludere
744 3035 1120 3118 praestiyiis
1160 3034 1643 3116 sophismatum,
1698 3038 1787 3099 est
1829 3037 2059 3098 tentare
2099 3031 2340 3111 Deum,
2397 3032 2453 3095 et

493 3122 689 3205 impie
734 3121 911 3188 abuti
952 3122 1197 3186 nomine
1232 3120 1381 3185 Dei.

669 3207 889 3274 Tertia
909 3205 1368 3288 praemonitio.-
1407 3204 1800 3287 Priusquam
1831 3204 2117 3286 periculo
2151 3203 2455 3286 supplicii

497 3315 566 3360 se
618 3292 793 3358 homo
846 3298 1145 3374 exponat,
1202 3293 1417 3375 coqitet
1473 3293 1546 3356 de
1577 3292 1897 3373 patientia
1937 3311 2049 3356 seu
2091 3290 2455 3355 constantia.

501 3378 699 3446 Multi
731 3376 1140 3464 θρασῦδουλοι
1194 3377 1378 3444 initio
1412 3378 1706 3443 audacter
1761 3381 1909 3458 [pag.
1959 3381 2106 3455 103]
2165 3374 2457 3441 inchoant

501 3465 896 3544 mutationes,
963 3468 1020 3529 et
1078 3469 1302 3545 postea
1367 3484 1562 3547 quum
1591 3463 1887 3545 pericula
1945 3467 2090 3526 sumt
2122 3462 2455 3542 propiora,

496 3550 689 3634 fracti
742 3551 979 3616 animis
1050 3549 1355 3615 abiiciwit
1407 3549 1782 3615 doctrinam.-
1845 3567 1919 3614 ac
1982 3546 2169 3612 multi
2234 3545 2458 3612 deinde

496 3635 663 3718 fiunt
701 3655 979 3715 prorsus
1011 3634 1331 3718 Epicurei
1428 3634 1687 3715 Quando
1739 3634 1937 3717 iyitur
1989 3632 2168 3698 homo
2221 3636 2461 3697 tantum

501 3721 745 3787 roboris
786 3720 1032 3800 habeat,
1091 3725 1162 3786 ut
1203 3721 1413 3802 possit
1469 3720 1874 3803 confessionis
1918 3718 2281 3801 periculum
2333 3716 2459 3782 sibi

502 3826 827 3885 accersere,
866 3827 992 3872 non
1021 3809 1225 3887 potest
1263 3805 1500 3890 requlis
1541 3804 1838 3870 describi.-
1880 3805 1990 3870 sed
2033 3808 2279 3871 eventus
2322 3804 2459 3885 ipse

504 3892 770 3958 ostendet
786 3941 803 3970 ,
869 3913 955 3956 an
1012 3891 1279 3973 spiritus
1334 3897 1591 3956 sanctus
1643 3890 2102 3972 confirmaverit
2156 3890 2461 3954 animum.

508 3977 816 4043 Nostrum
859 3982 948 4043 est
998 3981 1205 4042 tannen
1258 3982 1415 4042 recte
1478 3978 1715 4056 docere,
1768 3995 1891 4041 non
1947 3975 2227 4041 blandiri
2284 3973 2464 4054 infir-

503 4064 727 4129 mitati.
785 4061 876 4128 Et
895 4081 1256 4145 quanquam
1278 4061 1741 4146 aliquantisper
1761 4062 2020 4143 tempori
2038 4061 2223 4126 venia
2246 4060 2467 4125 danda

505 4154 625 4228 est,
678 4149 1061 4232 praesertim
1123 4148 1197 4212 in
1260 4148 1599 4230 νεοφῦτως,
1660 4149 1734 4213 in
1789 4148 2040 4232 maqnis
2096 4145 2338 4225 causis,
2394 4146 2466 4211 in

504 4238 673 4300 metu
702 4235 994 4317 publicae
1050 4234 1432 4300 discordiae.-
1495 4239 1701 4300 tamen
1741 4254 1865 4298 non
1917 4233 2001 4298 sit
2041 4231 2468 4298 dissimulatio

497 4325 821 4403 perpetua.
916 4318 1214 4385 Primum
1246 4319 1526 4403 decaloqi
1555 4323 1985 4402 praeceptum.-
2032 4317 2179 4383 Non
2219 4316 2470 4384 habebis

509 4405 653 4472 deos
696 4407 952 4486 alienos,
998 4404 1284 4471 omnibus
1323 4406 1509 4471 rebus
1553 4404 1708 4470 aliis
1749 4403 2218 4487 anteferendum
2260 4407 2365 4467 est.

690 4495 931 4570 Quarta
970 4492 1420 4572 praemonitio.-
1475 4489 1774 4574 Fuqienti
1824 4490 1896 4554 in
1961 4488 2260 4555 exsilium
2313 4488 2472 4573 coqi-

514 4573 774 4639 tandum
815 4580 901 4641 est
942 4578 1151 4657 etiam,
1195 4578 1350 4661 quid
1390 4577 1482 4642 sit
1522 4575 1805 4655 ecelesia,
1850 4579 1909 4642 et
1949 4575 2051 4642 cui
2084 4575 2281 4640 coetui
2322 4575 2473 4641 velit

2475 989 2481 1052 1

2529 474 2596 521 se
2649 453 3022 536 adiunqere:
3078 452 3235 535 quia
3280 469 3405 516 non
3445 449 3542 515 ita
3577 439 3953 533 fuqienduen
3995 452 4111 527 est,
4168 453 4239 513 ut
4270 450 4493 529 postea

2526 540 2709 606 vivas
2751 541 2821 604 in
2860 537 3222 617 solitudine,
3278 539 3392 602 aut
3445 533 3729 615 latebris,
3784 539 3900 600 aut
3955 533 4130 599 solus
4180 534 4315 600 tuis
4354 534 4496 614 qui-

2531 625 2798 691 busdam
2848 621 3408 707 imaqinationibus
3455 620 3735 703 fruaris,
3809 624 3922 685 aut
3970 618 4181 702 fingas
4232 616 4499 685 subinde

2529 729 2728 776 novas
2781 710 3131 791 opiniones,
3201 709 3364 773 sicut
3415 706 3601 773 multi
3667 705 3777 772 hoc
3833 710 4101 787 tempore
4162 727 4201 770 v
4285 709 4497 783 antur,

2538 794 3009 878 Schenkfeldius
3024 843 3040 874 ,
3070 795 3120 876 ¹)
3164 791 3528 876 Campanus
3565 797 3621 857 et
3662 790 3785 858 alii
3826 790 4161 856 innumera
4330 814 4348 854 .·
4387 789 4503 872 qui

2533 879 2821 948 omnibus
2884 880 3160 945 ecclesiis
3215 877 3623 957 maledicunt,
3689 881 3747 941 et
3812 880 4007 941 totum
4072 876 4502 941 ministerium

2535 966 2955 1050 evanqelicum
2990 969 3395 1044 contemnunt,
3440 969 3497 1028 et
3537 963 3678 1028 suis
3719 960 4102 1044 quibusdam
4131 961 4499 1043 paradoxis

2533 1054 2606 1117 in
2648 1052 2931 1118 doctrina
2973 1056 3030 1116 et
3080 1052 3153 1116 in
3185 1048 3466 1115 moribus
3520 1048 3912 1114 deledantur.
4000 1046 4177 1113 Haec
4216 1047 4504 1130 exeaenpla

2534 1157 2659 1203 non
2699 1138 3050 1210 imitemur.-
3107 1142 3252 1215 [pag.
3305 1141 3451 1213 104]
3514 1135 3624 1201 sed
3659 1133 3966 1217 eliqamus
4008 1153 4228 1198 verum
4272 1138 4330 1199 et
4371 1153 4503 1200 cer·

2532 1228 2667 1288 tum
2721 1222 3038 1310 doctrinae
3086 1241 3315 1305 qenus,
3373 1224 3431 1284 et
3496 1220 3725 1303 palam
3791 1217 4079 1285 ecclesiae
4131 1218 4328 1285 alicui
4374 1239 4507 1301 pu-

2537 1308 2691 1374 blice
2744 1328 2858 1373 nos
2903 1308 3361 1391 adiunqamus:
3425 1325 3707 1372 amemus
3757 1305 4207 1383 ministerium,
4254 1311 4313 1371 et
4367 1324 4507 1370 con-

2539 1393 2851 1475 spiciatur
2906 1398 3122 1458 nostra
3166 1391 3468 1474 confessio
3511 1393 3582 1456 in
3631 1412 3700 1457 eo
3745 1395 3949 1455 coetu.-
4012 1390 4208 1456 simul
4247 1398 4509 1458 utamur

2539 1479 2955 1546 sacramentis
3032 1499 3159 1543 non
3228 1477 3597 1558 depravatis
3610 1527 3625 1556 ,
3699 1477 4148 1560 coniunyamus
4227 1482 4511 1543 nostram

2540 1565 2984 1630 invocationem
3051 1583 3197 1628 eum
3266 1561 3553 1629 ecclesiae
3603 1562 4018 1627 invocatione.-
4079 1563 4243 1627 sicut
4295 1561 4513 1629 Chris-

2541 1654 2644 1714 tus
2717 1649 3036 1730 peculiari
3109 1648 3527 1730 promissione
3603 1646 4049 1714 commendavit
4129 1647 4305 1713 nobis
4381 1652 4514 1714 stu-

2541 1731 2722 1800 dium
2798 1735 3062 1799 tuendae
3140 1734 3627 1817 conqreyationis
3688 1731 4015 1813 publicae:
4096 1732 4378 1799 videlioet
4439 1736 4517 1797 ut

2543 1824 2819 1885 servetur
2849 1819 3178 1902 publicum
3220 1819 3660 1897 ministerium,
3715 1823 3788 1882 ut
3828 1817 4094 1882 dicitur.-
4150 1815 4516 1901 Ubicunque

2541 1906 2666 1972 duo
2707 1910 2819 1970 aut
2859 1910 2984 1969 tres
3026 1908 3210 1969 erunt
3246 1904 3598 1987 conqreqati
3638 1904 3713 1969 in
3753 1902 4004 1969 nomine
4046 1923 4216 1986 meo,
4260 1907 4332 1969 in
4370 1925 4500 1970 me-

2540 1991 2646 2055 dio
2679 2010 2892 2056 eorum
2929 2009 3101 2070 sum,
3157 1994 3213 2055 et
3253 1990 3406 2070 fient
3447 1989 3541 2054 eis
3592 2008 3756 2069 quae
3789 1993 4022 2070 petent,
4081 1994 4188 2056 etc.
4236 1990 4509 2072 (Matth.

2549 2080 2649 2154 18,
2691 2075 2823 2159 20).
2928 2074 3076 2139 Vult
3121 2074 3446 2140 honestam
3481 2074 3900 2156 frequentiam
3949 2094 4083 2140 esse
4116 2075 4515 2158 publicorum

2545 2181 3023 2245 eonqressuum,
3082 2166 3138 2224 et
3178 2160 3340 2225 hanc
3379 2159 3512 2224 vult
3545 2181 3587 2224 a
3629 2159 3904 2243 sinqulis
3944 2160 4264 2226 adiuvari.
4364 2160 4515 2227 Vult

2547 2249 2713 2313 enim
2744 2246 3176 2311 ministerium
3208 2246 3625 2329 evanyelicum
3658 2245 3931 2326 conspici
3964 2250 4023 2309 et
4065 2247 4305 2327 audiri,
4350 2249 4513 2329 quod

2544 2329 4110 2497 mnffffffmudtzfflwffi
4131 2331 4516 2502 mesmes

2562 2502 2643 2570 Ut
2701 2500 2874 2567 Psal.
2927 2506 3064 2566 102
3128 2503 3221 2587 (v.
3269 2501 3419 2585 23).·
3506 2500 3594 2566 In
3658 2502 4061 2568 conveniendo
4111 2504 4387 2588 populos
4448 2506 4522 2570 in

2550 2609 2766 2669 unum,
2813 2593 2869 2653 et
2902 2608 3074 2671 reyes
3102 2593 3174 2653 ut
3202 2589 3486 2654 serviant
3519 2587 3815 2667 Domino,
3837 2592 3893 2653 et
3919 2587 4094 2654 Psal.
4134 2594 4273 2666 135
4298 2591 4387 2674 (v.
4418 2591 4521 2675 1).-

2560 2676 2685 2758 Qui
2717 2674 2901 2739 statis
2931 2673 3003 2737 in
3038 2674 3217 2740 domo
3236 2672 3522 2752 Domini,
3556 2673 3628 2737 in
3660 2659 3853 2739 atriis
3883 2673 4106 2740 domus
4138 2674 4271 2740 Dei
4299 2678 4519 2757 nostri,

2555 2766 2611 2826 et
2658 2758 2833 2825 Psal.
2888 2761 3026 2823 150
3080 2760 3172 2844 (v.
3237 2758 3335 2842 1).·
3421 2757 3604 2823 Laus
3658 2759 3797 2823 eius
3848 2759 3921 2823 in
3978 2760 4231 2827 ecclesia
4279 2767 4519 2828 sando-

2553 2866 2716 2911 rum.
2806 2843 2995 2909 Hanc
3034 2845 3401 2911 sententiam
3456 2843 3669 2909 dextre
3724 2844 4094 2911 intellectam
4132 2846 4335 2912 iudico
4377 2867 4517 2915 esse

2541 2932 2749 3015 piam.
2838 2929 2970 2995 Nee
3011 2934 3221 2997 tamen
3259 2929 3532 3012 antefero
3581 2948 3786 2994 meam
3838 2933 4201 2997 sententiam
4241 2931 4525 2999 aliorum

2545 3018 2811 3098 piorum
2866 3020 2922 3079 et
2975 3016 3294 3082 doctorum
3347 3014 3638 3080 iudiciis.-
3695 3020 3752 3080 et
3808 3016 4198 3096 admonitus,
4252 3019 4314 3082 si
4365 3019 4526 3099 quid

2565 3103 2993 3179 desideratur,
3052 3103 3381 3186 corriqam.
3465 3100 3597 3167 Die
3644 3105 3750 3165 17.
3792 3101 4083 3184 Aprilis,
4154 3123 4275 3186 quo
4335 3103 4523 3170 Nolia

2559 3193 2704 3254 ante
2758 3206 2958 3252 annos
3016 3191 3204 3253 3846
3218 3189 3278 3273 ²)
3336 3205 3554 3251 arcam
3610 3189 3760 3265 [pag.
3815 3193 3963 3268 105]
4031 3190 4354 3273 inqressus
4403 3195 4525 3255 est.-

2559 3293 2680 3356 quo
2711 3271 2987 3353 exemplo
3006 3272 3191 3339 Deus
3219 3277 3478 3339 testatus
3496 3276 3599 3351 est,
3635 3292 3702 3337 se
3734 3293 3861 3338 non
3891 3274 4172 3340 deserere
4206 3275 4527 3342 ecclesiam

2558 3378 2748 3424 suam
2787 3377 2983 3440 quum
3021 3359 3269 3443 maqnis
3305 3357 3599 3438 fluctibus
3642 3360 4066 3438 quassabitur.

3478 3492 3825 3578 Philippus
3865 3494 4319 3563 Mamaeam

2707 3699 2765 3764 1)
2812 3699 2978 3756 Libri
3022 3705 3224 3755 veteres
3268 3715 3480 3769 omnes,
3536 3700 3706 3755 etiam
3759 3699 3957 3755 Gallus
4001 3700 4228 3756 hamt.-
4273 3700 4532 3757 Schenk-

2565 3767 2782 3825 feldius.
2853 3768 3049 3823 Prima
3086 3767 3383 3824 Stoeriana
3417 3769 3754 3824 emendavit.-
3789 3768 4225 3837 Schenkfeldius,
4264 3771 4531 3826 Amstelo-

2569 3836 2847 3891 damensis
2906 3835 3156 3892 tandem.-
3212 3837 3688 3894 Schuenkfeldius.
3767 3836 4181 3893 Observandum
4240 3844 4426 3893 tamen
4468 3841 4534 3893 in

2563 3906 2749 3960 multis
2780 3905 2934 3959 illius
2967 3907 3166 3960 aetatis
3185 3906 3400 3976 officia·
3425 3947 3441 3974 ,
3478 3907 3647 3961 litera
3682 3906 3722 3960 k
3757 3905 4059 3974 deficiente,
4093 3906 4398 3977 typothetae
4424 3923 4533 3977 pra

2566 3991 2633 4029 ea
2668 3974 2721 4028 lz
2752 3990 2957 4042 ponere
2991 3974 3179 4029 solitos
3212 3989 3341 4030 esse.
3418 3975 3580 4043 Quod
3612 3975 4001 4031 recentioribus
4027 3975 4231 4041 fraudi
4256 3977 4387 4042 fuit.

2705 4042 2767 4112 2)
2799 4043 2988 4097 Versio
3015 4044 3220 4124 qallica
3246 4043 3406 4098 habet
3439 4042 3594 4111 3849,
3630 4044 3724 4098 cui
3749 4045 3834 4099 ed.
3859 4042 4153 4098 Stoeriana
4188 4044 4242 4099 d.
4264 4043 4540 4114 17.Apn·1

2570 4109 2709 4166 1545
2736 4112 3059 4181 praemittit.
3138 4110 3258 4181 Quo
3300 4111 3460 4167 modo
3502 4112 3583 4168 M.
3624 4112 3920 4181 Philippus
3951 4127 4133 4168 annos
4175 4112 4375 4167 mundi
4402 4128 4538 4183 sup-

2562 4182 2845 4250 putaverit
2887 4181 3100 4235 nescire
3133 4196 3237 4235 nos
3280 4181 3539 4248 fatemur.
3609 4180 3707 4235 Ee
3742 4181 3913 4237 libro.-
3948 4181 4061 4236 Art
4104 4181 4173 4236 de
4206 4179 4274 4236 ve'
4316 4182 4329 4196 ’
4457 4187 4542 4237 tes

2571 4248 2730 4305 dates
2780 4249 2891 4304 Ed.
2940 4247 3092 4303 1818.
3137 4248 3197 4304 T.
3242 4247 3292 4303 1.
3332 4265 3394 4318 p.
3440 4247 3512 4303 34
3559 4249 3824 4306 discimus
3871 4252 4088 4306 saeculo
4138 4248 4219 4306 16.
4328 4253 4545 4306 arianos

2570 4319 2747 4384 fuisse
2790 4320 2890 4388 qui
2941 4319 3154 4374 Christi
3192 4320 3409 4373 natales
3453 4318 3530 4373 ad
3574 4319 3657 4373 ali
3692 4334 3808 4373 uem
3855 4335 4066 4374 annum
4110 4319 4266 4374 intra
4312 4317 4455 4373 3970
4487 4325 4550 4375 et

2573 4385 2715 4441 3944
2752 4392 2883 4456 post
2925 4388 3187 4442 mundum
3232 4386 3511 4442 eonditum
3544 4394 3630 4442 ret
3759 4389 3856 4456 ἠὲ,
3902 4387 3998 4443 sed
4031 4388 4252 4443 cumam
4285 4388 4553 4457 opinioni

2575 4471 2642 4509 ea·
2686 4457 2928 4524 amplius
2972 4457 3173 4526 viqinti
3202 4455 3379 4510 variis
3422 4456 3622 4512 ibidem
3668 4458 4002 4512 enumeratis
4040 4456 4246 4512 Noster
4428 4458 4440 4470 ⁹

2573 4525 2722 4580 latus
2752 4527 2840 4592 sit,
2876 4541 3043 4595 quum
3078 4525 3280 4580 wuvii
3309 4525 3513 4594 epocha
3546 4528 3676 4594 ipsa
3708 4526 3864 4581 varie
3895 4524 4223 4594 definiatur,
4271 4525 4374 4581 boe
4485 4526 4523 4540 '⁶

2575 4592 2961 4650 extricandum
2994 4593 3371 4664 relinquimus.
