4967 5992
74 5537 95 5782 r-t-*u-—22-⁴
76 5421 87 5504 -v-3·
76 5301 85 5382 v-—-
76 5167 85 5244 -ιιᾼι
76 5107 79 5126 ι

636 303 768 372 339
1942 293 2314 364 RESPON
2317 293 2470 362 810
2516 292 2895 366 ΟΟΝΤΒΔ
2934 294 3352 363 PIGHIUM
4526 301 4650 365 340

642 497 714 553 et
752 488 1004 553 instare
1046 486 1302 550 sentiet.
1369 485 1519 551 Hoc
1562 485 1731 551 bello
1775 483 1989 551 colore
2034 503 2223 548 suam
2267 481 2426 546 olim
2469 481 2595 546 im·

689 574 957 638 ietatem
999 571 1332 655 operiebat
1384 570 1696 653 Pelagius
1708 593 1726 650 ;
1784 569 1978 636 sicuti
2029 568 2179 652 plus
2223 566 2596 651 quindecim

671 659 807 724 ocis
850 663 1134 721 testatur
1185 656 1622 737 Augustinus.
1722 655 1899 721 Nam
1945 675 2151 737 quum
2206 654 2279 717 in
2322 652 2595 719 concilio

644 741 1010 825 palaestine
1036 741 1086 825 ¹)
1122 741 1545 806 anathemate
1590 739 1969 806 damnasset
2002 760 2130 817 ees,
2174 738 2289 821 qui
2312 739 2596 822 gratiam

641 827 773 893 Dei
817 826 1266 910 superioribus
1300 826 1555 891 meritis
1588 824 1864 908 rependi
1902 824 2227 903 docerent,
2265 831 2333 888 et
2370 831 2598 906 postea

642 912 855 978 malae
909 911 1063 978 fidei
1118 919 1541 996 argueretur:
1596 912 1694 976 ita
1733 931 1805 976 se
1861 913 2009 990 [pag.
2059 915 2203 986 148]
2249 907 2594 991 purgabat,

643 997 818 1081 quod
859 997 1025 1062 nihil
1067 997 1307 1063 mereri
1348 997 1648 1062 homines
1690 995 2030 1078 potuerint
2063 1015 2265 1078 quum
2301 993 2596 1091 nondum

647 1089 886 1150 essent.
953 1083 1274 1149 Liberum
1328 1104 1484 1167 ergo
1537 1081 1884 1148 arbitrium
1927 1088 1995 1145 et
2040 1089 2294 1163 partem

647 1190 818 1248 esse,
865 1176 933 1232 et
974 1168 1179 1234 nullis
1221 1169 1474 1233 meritis
1514 1166 1878 1245 redditum,
1936 1165 2053 1232 sed
2095 1165 2303 1248 gratis
2344 1164 2592 1229 datum.

647 1252 787 1320 Sed
836 1252 1019 1318 illam
1082 1253 1409 1319 fallaciam
1482 1253 1735 1318 excutit
1797 1251 2232 1334 Augustinus.
2252 1252 2311 1333 2)
2419 1249 2595 1314 Nam

644 1339 933 1417 omnine,
979 1338 1213 1421 inquit,
1257 1359 1395 1403 non
1428 1339 1623 1404 istam
1667 1337 1953 1421 gratiam
1989 1334 2404 1402 commendat
2439 1355 2595 1417 apo-

645 1422 881 1501 stolus,
937 1443 1067 1506 qua
1111 1425 1316 1490 creati
1353 1445 1612 1502 sumus,
1655 1431 1733 1488 ut
1769 1442 2059 1488 essemus
2103 1421 2434 1498 homines,
2478 1418 2595 1486 sed

646 1528 777 1591 qua
810 1509 1147 1573 iustificati
1185 1529 1433 1587 sumus,
1471 1517 1548 1574 ut
1582 1509 1883 1573 homines
1925 1506 2084 1572 iusti
2126 1525 2435 1571 essemus,
2505 1505 2597 1569 Et

644 1593 802 1676 quid
844 1593 953 1658 hic
995 1593 1288 1678 longiore
1334 1593 1890 1658 demonstratione
1934 1590 2314 1656 uteremur?
2380 1591 2444 1656 N
2447 1599 2594 1655 atu·

645 1699 791 1744 ram
846 1679 1023 1743 enim
1074 1679 1469 1744 conferimus
1523 1698 1673 1744 cum
1716 1677 1960 1761 gratia,
2016 1697 2220 1759 quum
2264 1676 2439 1741 hanc
2483 1695 2594 1740 cu-

644 1763 893 1828 randae
937 1783 1014 1828 ac
1055 1762 1379 1829 tollendae
1421 1763 1599 1829 illius
1643 1762 2041 1845 corruptioni
2074 1763 2343 1828 unicum
2383 1782 2595 1826 reme·

647 1848 834 1913 dium
878 1868 1020 1913 esse
1064 1848 1357 1914 dicimus.
1426 1849 1607 1932 Ergo
1648 1846 1928 1914 discerni
1970 1848 2039 1912 in
2084 1854 2222 1912 teta
2264 1847 2387 1912 hac
2424 1855 2595 1912 trac·

646 1934 898 1998 tatione
952 1941 1265 2016 tanquam
1320 1954 1428 1999 res
1490 1935 1665 1998 inter
1729 1954 1800 1998 se
1858 1933 2219 2015 oppositas,
2282 1931 2594 2015 oportuit.

515 2071 525 2079 .
650 2017 726 2083 Si
762 2018 935 2083 male
968 2040 1089 2083 nos
1125 2040 1427 2103 separare
1462 2039 1569 2083 res
1604 2019 1986 2084 coniunctas
2028 2016 2273 2083 dixerit
2294 2016 2595 2101 Pighius,

647 2115 912 2168 tuemur
951 2124 1070 2169 nos
1114 2104 1389 2187 apostoli
1434 2105 1803 2169 autoritate.
1838 2102 2039 2183 ‘Quid
2081 2123 2236 2187 ergo
2277 2123 2476 2181 nunc,
2523 2109 2600 2166 ut

648 2195 856 2252 totum
902 2209 1138 2254 causae
1181 2196 1426 2254 statum
1472 2188 1710 2265 turbet,
1756 2189 2199 2271 profecturum
2240 2210 2313 2253 se
2352 2193 2595 2271 sperat,

648 2294 849 2355 quum
894 2294 933 2338 a
976 2275 1490 2357 regenerationis
1525 2274 1859 2352 beneficio,
1896 2273 2069 2358 quod
2105 2273 2440 2357 singulare
2476 2283 2595 2350 est,

642 2357 729 2423 ad
773 2378 1188 2423 communem
1231 2361 1576 2425 creationis
1620 2359 1904 2442 gratiam
1948 2378 2070 2424 nos
2120 2358 2392 2424 avocat?
2461 2356 2599 2423 Sed

647 2443 770 2508 hoc
832 2450 933 2509 est
979 2444 1261 2523 scilicet,
1329 2444 1504 2527 quod
1571 2443 1810 2511 alicubi
1872 2443 2097 2510 scribit
2156 2445 2594 2528 Augustinus,

644 2548 902 2610 semper
956 2530 1306 2594 artificium
1361 2530 1484 2595 hoc
1541 2529 1908 2613 quaeritare
1964 2530 2217 2613 gratiae
2271 2529 2593 2608 inimicos,

645 2622 722 2677 ιιι
762 2613 1016 2677 lateant
1057 2614 1179 2679 sub
1222 2613 1418 2679 laude
1458 2624 1749 2680 naturae.

818 2697 1146 2779 Quartum
1200 2700 1527 2766 obiectum
1542 2750 1558 2777 ,
1596 2699 1791 2783 quod
1844 2700 1916 2764 in
1969 2721 2117 2765 mea
2167 2699 2593 2765 Institutione

645 2803 729 2847 ex
773 2782 1298 2849 adversariorum
1341 2805 1623 2867 persona
1664 2804 1923 2863 move0,
1969 2792 2096 2849 est:
2152 2785 2435 2850 Frustra
2476 2806 2593 2850 ex-

644 2868 1050 2934 hortationes
1083 2870 1344 2952 suscipi,
1382 2890 1863 2953 supervacuum
1896 2890 2040 2935 esse
2071 2869 2595 2936 admonitionum

645 2974 869 3032 usum,
925 2953 1234 3020 ridiculas
1284 2976 1426 3021 esse
1467 2954 1985 3040 obiurgationes,
2039 2956 2167 3021 nisi
2224 2976 2431 3038 penes
2472 2977 2594 3022 nos

648 3038 735 3103 sit
787 3060 1037 3121 parere.
1140 3040 1317 3107 Huic
1374 3049 1766 3125 argumento
1806 3047 1884 3104 ut
1937 3060 2178 3107 nervos
2235 3040 2437 3106 addat
2476 3042 2594 3106 Pi-

646 3123 841 3206 ghius
899 3145 974 3190 eo
1029 3127 1461 3191 communiter
1508 3127 1750 3193 multos
1816 3133 2116 3192 veterum
2172 3127 2376 3192 fuisse
2442 3141 2643 3192 usos*

644 3218 1139 3276 commemorat:
1184 3233 1269 3276 ex
1310 3212 1545 3294 quibus
1580 3211 2103 3295 Pseudopetrum
2147 3232 2296 3277 cum
2338 3212 2596 3278 larvato

647 3293 990 3360 Clemente
1041 3297 1112 3359 in
1212 3297 1383 3361 rima
1431 3299 1569 3363 acie
1623 3298 1811 3364 locat.
1913 3296 2019 3362 De
2074 3297 2481 3363 Tertulliano
2527 3304 2597 3362 et

649 3379 923 3445 Irenaeo
965 3381 1099 3445 iam
1189 3382 1392 3448 ictum
1437 3390 1569 3461 est,
1614 3383 1783 3448 nihil
1823 3402 1936 3448 eos
1978 3382 2155 3448 aliud
2198 3384 2592 3462 ratiocinari,

648 3464 777 3529 nisi
824 3467 1066 3529 frustra
1119 3466 1433 3532 daturum
1500 3468 1755 3533 homini
1807 3467 2024 3553 legem
2084 3469 2286 3536 fuisse
2347 3468 2593 3547 Deum,

647 3550 752 3613 cui
794 3572 925 3615 non
960 3551 1241 3617 liberam
1277 3553 1430 3618 beni
1473 3561 1541 3617 et
1577 3554 1736 3619 mali
1768 3553 2152 3620 electionem
2191 3554 2593 3619 contulisset.

651 3633 787 3702 Sed
831 3634 1006 3702 aliud
1050 3645 1150 3702 est
1190 3658 1521 3719 quaerere,
1570 3659 1733 3722 quas
1775 3640 1964 3704 initio
2009 3639 2353 3704 facultates
2398 3640 2595 3704 home

651 3721 973 3803 acceperit
982 3744 999 3800 ;
1052 3722 1259 3801 aliud,
1319 3722 1481 3806 quid
1519 3746 1696 3790 nunc
1749 3725 1887 3790 suis
1928 3723 2350 3790 facultatibus
2395 3724 2596 3789 desti-

648 3813 810 3884 tuto,
835 3815 903 3869 et
926 3805 1009 3871 ad
1046 3815 1410 3873 extremam
1442 3809 1734 3891 inopiam
1767 3809 2030 3878 redacto
2058 3810 2360 3893 supersit.
2408 3810 2597 3875 Haec

646 3901 783 3956 tam
828 3891 1106 3970 diversa,
1152 3892 1222 3957 in
1267 3914 1398 3975 qua
1439 3916 1620 3960 nunc
1662 3903 1788 3973 est,
1835 3894 2141 3974 conditio,
2187 3914 2335 3959 cum
2376 3896 2596 3978 priore

601 4040 604 4043 ,
644 3977 761 4042 illa
802 3977 1119 4043 confundi
1162 3979 1436 4043 minime
1487 3978 1694 4044 debet.
1762 3979 2015 4045 Eadem
2060 3982 2398 4063 responsio
2441 3979 2594 4046 Ori-

645 4063 833 4145 genis
888 4083 1146 4146 quoque
1182 4061 1418 4132 ‚verbis
1472 4065 1847 4131 satisfacere
1909 4066 2076 4131 forte
2127 4074 2366 4148 posset.
2457 4065 2595 4131 Sed

646 4169 782 4213 non
826 4148 986 4215 adeo
1030 4169 1280 4228 moror3
1338 4153 1484 4228 [pag.
1530 4154 1677 4229 149]
1737 4171 1940 4233 quum
1997 4172 2147 4216 eum
2203 4151 2514 4216 nonnihil
2557 4172 2597 4216 a

644 4234 836 4301 nobis
881 4234 1229 4300 dissentire
1280 4235 1414 4300 iam
1471 4243 1624 4300 ante
1668 4237 2000 4302 confessus
2051 4236 2308 4301 fuerim.
2399 4235 2598 4317 Quod

647 4319 1033 4386 Ciceronem
1088 4322 1285 4385 etiam
1344 4319 1733 4386 advocatum
1775 4322 2075 4400 accersit,
2133 4342 2397 4388 causam
2440 4321 2597 4388 inde

646 4425 835 4470 suam
879 4428 1011 4471 non
1055 4406 1341 4471 multum
1387 4404 1671 4472 adiuvat.
1741 4407 1880 4473 Nos
1917 4409 2114 4486 enim,
2159 4408 2332 4473 sicut
2363 4429 2596 4474 verum

646 4498 773 4568 est,
833 4498 1040 4556 totam
1085 4492 1258 4557 hanc
1313 4492 1393 4558 de
1450 4493 1894 4559 haereditaria
1935 4500 2215 4557 naturae
2271 4494 2597 4576 pravitate

647 4581 716 4636 et
757 4576 1047 4656 gratuita
1098 4578 1509 4659 reparatione
1570 4577 1936 4645 doctrinam
1992 4600 2031 4644 a
2084 4578 2338 4644 ratione
2380 4580 2597 4645 carnis

647 4658 911 4739 penitus
968 4662 1370 4727 reconditam
1423 4686 1565 4730 esse
1615 4666 2049 4732 concedimus.
2150 4663 2383 4747 Itaque
2425 4665 2598 4729 nihil

645 4743 908 4821 mirum,
957 4746 1011 4808 si
1058 4754 1261 4811 totam
1304 4748 1645 4814 rhetorum
1690 4759 1757 4816 et
1798 4750 2339 4835 philosophorum
2383 4751 2595 4816 natio-

642 4849 796 4894 nem
839 4828 1141 4894 latuerit.-
1218 4830 1395 4911 Quia
1450 4843 1675 4899 autem
1728 4837 1901 4904 hanc
1956 4836 2407 4920 quaestionem
2452 4838 2596 4901 Au-

642 5001 787 5009 n—.-
828 5005 897 5010 ,-

778 5118 836 5187 1)
876 5119 1073 5172 Inruit
1106 5117 1646 5192 hieromlymitamm
1681 5140 1734 5179 α.
1755 5123 1861 5179 416
1880 5126 2215 5182 celebratum.
2322 5127 2383 5193 2)
2422 5127 2598 5196 Epist.

638 5185 757 5240 106.
798 5186 869 5244 ad
902 5186 1125 5244 sixtum.

2699 482 2947 568 gustini
2989 481 3208 564 potius
3251 479 3501 560 verbis,
3557 501 3758 564 quam
3811 483 3979 549 meis
4023 475 4278 549 solrere
4320 484 4394 548 in
4437 486 4650 552 animo

2699 574 2862 645 erat,
2905 586 3181 649 eamque
3224 564 3614 632 solutionem
3660 588 3744 633 ex
3789 567 3957 634 libro
3998 566 4100 633 de.
4117 567 4545 652 correptione
4586 579 4652 637 et

2699 653 2915 737 gratia
2958 651 3272 731 mutuari,
3314 651 3542 729 obiter,
3588 671 3718 735 qua
3761 653 4097 720 occasione
4140 655 4422 737 scriptus
4463 656 4654 722 fuerit

2698 738 2813 802 ille
2868 737 3036 803 liber
3089 736 3335 802 refero:
3406 758 3647 821 nempe
3701 737 3873 821 quod
3945 738 4186 804 similia
4239 740 4368 822 ipsi
4422 741 4650 826 Augu·

2700 823 2875 890 stine
2919 822 3376 887 obiicerentur.
3439 822 3571 889 Hie
3615 823 3808 889 solita
3849 823 4249 889 truculentia
4283 826 4358 889 in
4400 846 4508 890 me
4550 828 4650 891 in·

2700 906 2973 973 vehitur
2996 906 3297 990 Pighius,
3342 928 3579 991 meque
3624 915 3692 973 et
3729 908 4059 976 mendacii
4101 919 4171 975 et
4211 911 4651 993 impudentiae

2701 999 2983 1070 accusat,
3028 991 3202 1075 quod
3236 993 3688 1077 Augustinum
3723 994 3925 1060 adiun
4010 1016 4083 1060 re
4124 995 4318 1061 nobis
4357 996 4647 1062 audeam.

2700 1077 2881 1144 Oedo
2937 1087 3160 1143 tamen
3175 1128 3191 1156 ,
3248 1078 3528 1160 qualiter
3580 1081 3913 1148 convincit
4055 1081 4397 1163 Principio
4412 1132 4429 1159 ,
4484 1082 4648 1164 quod

2699 1163 2869 1227 nihil
2912 1162 2996 1227 ad
3040 1183 3184 1227 rem
3220 1170 3637 1245 praesentem
3679 1166 3864 1244 facit,
3921 1186 4051 1249 quo
4095 1166 4369 1233 consilio
4411 1166 4647 1233 librum

2699 1247 2984 1312 alterum
3042 1249 3330 1330 scripsit,
3389 1250 3611 1315 refert.
3709 1250 3819 1316 Ita
3875 1250 4053 1316 enim
4095 1250 4363 1317 demum
4420 1253 4647 1318 trium·

2698 1334 2893 1417 phet,
2937 1333 3194 1415 quoties
3235 1331 3555 1400 lectorum
3598 1335 3819 1402 oculos
3865 1337 4104 1402 iniecto
4145 1345 4425 1423 παρέργῳ
4469 1339 4648 1404 velut

2699 1418 3023 1484 nubecula
3077 1418 3298 1501 aliqua
3339 1420 3759 1504 interposita,
3813 1429 4030 1504 potest
4084 1423 4566 1506 aliquantulum
4610 1445 4644 1490 a

2700 1524 2772 1569 re
2815 1505 3151 1587 praesenti
3195 1504 3574 1571 subducere.
3663 1507 3746 1571 In
3791 1527 3868 1572 eo
3910 1507 4097 1587 libre,
4143 1509 4375 1590 inquit,
4420 1510 4644 1593 Augu-

2698 1590 2913 1655 stinus
2967 1589 3249 1654 liberum
3311 1590 3661 1657 arbitrium
3725 1613 3875 1657 cum
3933 1594 4151 1677 gratia
4201 1592 4371 1659 bene
4414 1614 4645 1660 conve-

2697 1675 2843 1740 nire
2900 1674 3105 1740 docet.
3209 1673 3469 1755 Quibus
3535 1676 3659 1743 hoc
3703 1678 3923 1743 verbis
3986 1686 4056 1744 et
4099 1699 4230 1762 quo
4289 1700 4488 1745 sensu
4539 1679 4644 1744 de·

2699 1766 2870 1839 ceat,
2928 1760 3233 1842 superius
3294 1760 3577 1827 fideliter
3634 1763 3923 1846 exposui.
4035 1763 4171 1830 Sed
4238 1785 4419 1830 nunc
4473 1764 4646 1829 aliud

2699 1846 2947 1928 agitur,
3003 1844 3158 1926 quid
3204 1846 3657 1929 Augustinum
3698 1848 4064 1932 impulerit,
4123 1858 4202 1914 ut
4242 1849 4324 1914 de
4369 1848 4644 1933 Oorrep-

2701 1932 2879 1995 tiene
2938 1938 3006 1994 et
3058 1930 3275 2013 gratia
3327 1931 3659 1998 scriberet.
3762 1933 3903 1999 Cur
3953 1955 4112 2019 ergo
4168 1934 4277 2000 hic
4332 1935 4415 2001 ab
4469 1956 4641 2018 equo,

2699 2014 2872 2099 quod
2916 2015 3135 2095 aiunt,
3181 2015 3266 2081 ad
3311 2016 3572 2082 asinum
3623 2019 3990 2084 transsilit?
4078 2020 4227 2085 Hoc
4279 2027 4506 2085 tamen
4548 2028 4643 2086 ut·

2700 2101 3214 2251 &agnata
3225 2122 3239 2165 ²
3285 2101 3477 2252 Ἐῖῗιο
3507 2103 4642 2257 ,ἵῗέἒῗίῗιιὶέῗὶωωᾛῗωέὲᾚ

2700 2272 2826 2336 bus
2871 2270 2956 2336 ad
3012 2269 3450 2337 Valentinum
3503 2274 3794 2356 epistolis
3837 2276 4047 2340 multa
4089 2276 4420 2359 congerit,
4477 2276 4641 2342 unde

2700 2355 2953 2443 probat,
3000 2364 3134 2420 tam
3179 2378 3290 2422 eos
3333 2359 3727 2441 reprehendi
3771 2361 3852 2426 ab
3888 2361 4289 2444 AugustinO,
4332 2361 4450 2444 qui
4491 2361 4642 2427 libe·

2700 2462 2851 2507 rum
2887 2442 3234 2507 arbitrium
3267 2464 3536 2527 prorsus
3571 2453 3837 2529 negant,
3873 2467 4072 2528 quam
4111 2446 4292 2525 alios,
4329 2447 4445 2528 qui
4487 2445 4642 2511 illud

2701 2534 3010 2592 astruunt
3063 2528 3206 2592 sine
3264 2531 3510 2612 gratia:
3592 2532 3902 2598 constitui
3966 2538 4187 2598 autem
4249 2533 4427 2598 inter
4490 2532 4639 2598 hace

2701 2610 2832 2678 duo
2885 2620 3184 2678 extrema
3236 2614 3752 2682 mediocritatem
3766 2668 3783 2697 ,
3845 2618 4128 2683 liberum
4192 2616 4460 2700 quidem
4511 2636 4641 2684 esse

2700 2698 3076 2777 arbitrium,
3132 2696 3249 2764 sed
3291 2699 3593 2765 adiuvari
3645 2722 3768 2785 per
3809 2702 3940 2768 Dei
3985 2703 4299 2785 gratiam,
4354 2712 4432 2768 ut
4472 2711 4644 2769 recta

2699 2783 3000 2849 homines
3044 2790 3112 2849 et
3146 2786 3405 2867 sapiant
3445 2791 3516 2850 et
3546 2787 3821 2867 faciant3
3867 2793 3943 2852 ut
3985 2809 4188 2870 quum
4222 2789 4477 2854 venerit
4507 2788 4644 2853 Do·

2698 2869 2950 2948 minus,
2995 2869 3283 2952 reperiat
3323 2890 3525 2952 opera
3564 2879 3788 2938 nostra
3829 2874 4032 2953 bona,
4088 2893 4257 2956 quae
4299 2893 4644 2956 praepara·-

2698 2955 2798 3021 vit
2860 2961 2937 3019 ut
2999 2953 3075 3019 in
3123 2954 3256 3019 illis
3309 2954 3734 3024 ambulemus.
3831 2959 4078 3025 Fateor
4149 2979 4340 3038 sane,
4399 2959 4475 3023 in
4528 2958 4642 3024 hoc

2701 3044 2850 3118 [pag.
2893 3045 3042 3119 150]
3113 3039 3415 3106 laborare
3468 3041 3605 3109 illic
3659 3050 3964 3110 sanctum
4006 3044 4258 3112 virum:
4318 3053 4396 3109 ut
4437 3063 4642 3128 neque

2698 3125 2981 3191 liberum
3036 3133 3322 3209 negetur
3375 3126 3750 3209 arbitrium,
3811 3151 4022 3214 neque
4065 3131 4157 3196 sic
4212 3129 4642 3212 praedicetur,

2697 3221 2774 3275 ut
2816 3229 2856 3273 a
2899 3208 3031 3274 Dei
3087 3213 3301 3294 gratia
3357 3223 3726 3294 separetur,
3783 3222 4103 3299 tanquam
4146 3215 4290 3280 sine
4343 3215 4493 3292 illa,
4545 3213 4642 3280 vel

2699 3296 2987 3379 cogitare
3042 3296 3289 3378 aliquid
3307 3348 3322 3375 ,
3367 3298 3475 3364 vel
3518 3319 3742 3382 agere,
3800 3300 4162 3367 secundum
4200 3301 4456 3378 Deum,
4515 3298 4644 3365 ulla

2697 3381 2950 3446 ratione
2970 3383 3314 3464 possimus,
3359 3383 3532 3466 quod
3565 3386 3830 3451 omnino
3864 3407 3999 3453 non
4032 3406 4401 3469 possumus.
4467 3387 4644 3452 Haec

2699 3467 2880 3532 enim
2923 3473 3080 3531 sunt
3116 3469 3257 3533 eius
3300 3469 3518 3535 verba.
3607 3470 3810 3537 Item:
3866 3470 4151 3549 Credite,
4197 3472 4436 3554 inquit,
4485 3471 4645 3537 divi·

2698 3552 2803 3617 nis
2847 3551 3136 3634 eloquiis,
3174 3562 3243 3617 et
3275 3553 3449 3637 quod
3484 3554 3764 3621 liberum
3798 3556 3887 3623 sit
3918 3557 4286 3634 arbitrium,
4334 3564 4405 3621 et
4438 3557 4646 3657 gratia

2699 3636 2859 3717 Dei,
2916 3638 3062 3704 sine
3126 3638 3313 3704 cuius
3379 3637 3704 3706 adiutorio
3769 3663 3892 3708 nee
3945 3643 4237 3708 converti
4303 3651 4521 3725 possit
4570 3639 4646 3707 ad

2699 3723 2950 3801 Deum,
3009 3743 3132 3789 nec
3188 3727 3501 3806 proficere
3551 3727 3622 3790 in
3682 3725 3843 3792 Deo.
3944 3728 4115 3793 Item
4169 3727 4466 3793 secunda
4519 3728 4647 3811 epi·

2699 3807 2896 3874 stola:
2950 3808 3152 3874 Fides
3209 3810 3529 3876 catholica
3587 3833 3805 3895 neque
3871 3812 4154 3879 liberum
4208 3821 4413 3899 negat
4482 3813 4648 3879 arbi-

2700 3895 2920 3972 trium,
2964 3894 3104 3959 sive
3143 3895 3216 3958 in
3258 3896 3499 3961 bonam
3540 3897 3768 3977 vitam,
3814 3898 3956 3965 sive
3998 3900 4069 3963 in
4113 3898 4388 3964 malam:
4436 3917 4648 3982 neque

2700 3987 2960 4043 tantum
3003 3979 3065 4044 ei
3108 3980 3357 4060 tribuit,
3403 3990 3483 4047 ut
3524 3983 3667 4047 sine
3701 3984 3916 4067 gratia
3948 3984 4079 4049 Dei
4113 3984 4336 4050 valeat
4375 3982 4646 4068 aliquid:

2702 4066 2840 4131 sive
2883 4082 2963 4127 ut.
3002 4087 3087 4130 ex
3140 4066 3315 4131 malo
3360 4075 3782 4133 convertatur
3820 4070 3892 4133 in
3936 4070 4212 4147 bonum,
4269 4071 4420 4136 sive
4463 4077 4544 4134 ut
4579 4069 4650 4133 in

2701 4151 2869 4215 bono
2904 4161 3405 4232 perseveranter
3439 4155 3751 4235 preficiat,
3788 4155 3927 4220 sive
3963 4162 4041 4219 ut
4072 4154 4157 4218 ad
4191 4154 4444 4221 bonum
4483 4175 4650 4221 sem·

2699 4236 3032 4319 piternum
3087 4238 3458 4318 perveniat:
3515 4239 3627 4304 ubi
3684 4240 3816 4303 iam
3872 4261 4009 4305 non
4051 4241 4281 4305 timeat
4297 4292 4313 4318 ,
4359 4261 4448 4306 ne
4495 4238 4651 4305 defi-

2701 4323 2846 4388 ciat.
2913 4321 3043 4386 His
3087 4321 3337 4389 seilicet
3379 4323 3598 4389 verbis
3643 4323 3856 4390 elatus
3896 4326 4198 4409 Pighius,
4241 4327 4498 4392 furioso
4531 4327 4650 4389 im-

2701 4414 2858 4490 petu
2899 4406 2972 4470 in
3025 4428 3132 4472 me
3183 4408 3500 4492 insurgit:
3556 4431 3901 4493 meamque
3950 4418 4091 4476 tum
4146 4412 4656 4495 sycophantim

2701 4502 2846 4558 tum
2899 4493 3380 4577 malignitatem
3435 4493 3759 4560 detectam
3823 4495 4041 4579 plenis
4096 4496 4318 4562 buccis
4362 4496 4651 4562 detonat.

2701 4579 2988 4659 Nempe,
3047 4580 3203 4661 quia
3254 4580 3425 4646 sicut
3480 4579 3638 4644 alibi
3689 4582 3810 4646 sub
3853 4580 4045 4647 liberi
4086 4581 4341 4647 arbitrii
4383 4582 4658 4648 nomine

2700 4663 3110 4731 voluntatem
3151 4665 3223 4728 in
3264 4665 3528 4731 homine
3569 4667 3827 4732 statuit:
3872 4687 4038 4750 quae
4075 4673 4213 4731 tam
4247 4666 4406 4733 boni
4455 4688 4655 4752 quam

2701 4749 2861 4815 mali
2916 4769 3124 4833 capax
3139 4801 3156 4829 ,
3220 4749 3541 4816 bonorum
3596 4751 3795 4817 simnl
3847 4773 3924 4818 ac
3989 4752 4316 4818 malorum
4373 4773 4658 4836 operum

2703 4836 2850 4902 fons
2904 4836 2995 4901 sit
3043 4856 3120 4902 ac
3175 4835 3398 4916 radix;
3457 4835 3702 4903 malam
3757 4858 3951 4920 porro
3994 4858 4138 4903 esse
4180 4847 4470 4904 naturae
4517 4860 4658 4905 eor-

2703 4923 3005 5004 ruptione
3019 4973 3035 5001 ,
3079 4921 3318 4987 bonam
3359 4923 3506 4988 fieri
3546 4924 3801 5006 gratiae
3840 4923 4260 4990 correctione.
4351 4922 4565 5005 Quod
4605 4923 4658 4988 si

2703 5007 2862 5091 quid
2904 5008 2986 5074 de
3028 5009 3168 5074 eius
3206 5008 3532 5074 sententia
3572 5007 3788 5076 adhuc
3830 5007 4105 5082 dubitas,
4149 5009 4254 5074 fac
4288 5010 4472 5093 quod
4518 5011 4661 5093 ipse

2701 5093 2837 5159 illic
2879 5093 3086 5159 iubet:
3130 5093 3256 5160 hoc
3297 5101 3416 5174 est,
3460 5114 3544 5159 ex
3588 5094 3718 5160 alia
3760 5094 3904 5161 eius
3942 5093 4026 5160 ad
4070 5092 4343 5161 Sixtum
4371 5095 4661 5180 epistola

2706 5179 3048 5245 clariorem
3109 5181 3715 5262 interpretationem
3772 5200 3986 5246 sume:
4054 5187 4124 5244 et
4185 5181 4472 5247 minime
4540 5181 4662 5248 tibi
