4967 5992
424 339 541 400 361

421 521 663 590 derem.
733 524 906 588 Nam
951 531 1018 588 et
1060 544 1137 589 eo
1167 524 1361 589 modo
1403 545 1616 609 neque
1657 526 1949 591 animam
1981 549 2102 610 per
2144 547 2216 592 se
2250 528 2375 591 im-

419 609 771 675 mortalem
829 630 972 675 esse
1043 608 1474 676 concedimus.
1566 608 1745 690 Quin
1813 613 2012 677 etiam
2055 614 2148 679 sic
2192 611 2381 679 docet

420 694 692 771 Paulus,
726 716 926 778 quum
953 695 1074 759 soli
1097 696 1241 760 Deo
1262 695 1496 760 tribuit
1516 696 2079 763 immortalitatem
2103 699 2163 780 (1
2210 699 2377 763 Tim.

426 789 495 856 6,
564 783 687 864 16).
777 780 1007 864 Neque
1060 791 1283 845 tamen
1340 795 1686 865 propterea
1736 783 2087 848 mortalem
2145 792 2386 849 natura

425 887 568 932 esse
628 866 921 930 animam
977 867 1292 931 fatemur:
1362 866 1623 949 quando
1678 890 1814 933 non
1872 890 1957 934 ex
2011 871 2229 952 prima
2285 892 2388 935 es-

423 952 677 1018 sentiae
721 951 970 1016 virtute
1016 953 1442 1018 aestimamus
1486 962 1815 1032 naturam,
1860 953 1976 1019 sed
2020 977 2103 1019 ex
2152 975 2385 1040 perpe·

423 1048 536 1103 tuo
572 1045 769 1114 statu,
807 1058 999 1119 quem
1036 1039 1173 1103 suis
1209 1041 1527 1104 creaturis
1560 1039 1746 1104 Deus
1780 1038 2109 1105 indiderit.
2162 1039 2387 1121 Quum

423 1144 580 1207 ergo
623 1123 750 1186 hac
791 1122 937 1207 lege
982 1122 1286 1189 conditus
1326 1125 1495 1189 foret
1536 1123 1759 1204 homo,
1820 1147 1906 1190 ne
1946 1135 2226 1191 mortem
2272 1135 2390 1191 aut

390 1209 907 1291 ‘corruptionem
948 1230 1245 1292 unquam
1288 1211 1581 1286 sentiret,
1628 1232 1746 1275 suo
1790 1210 1914 1276 sibi
1944 1213 2110 1276 vitio
2157 1213 2390 1277 mortis

425 1294 911 1360 damnationem
971 1296 1317 1359 contraxit.
1406 1295 1512 1359 Ita
1569 1317 1774 1378 quum
1832 1297 1913 1361 de
1968 1300 2201 1362 mortis
2255 1299 2387 1363 ori-

423 1382 581 1465 gine
626 1379 920 1462 disputat
958 1380 1310 1464 apostolus,
1356 1402 1488 1445 non
1519 1403 1666 1446 eam
1704 1381 1788 1446 ad
1821 1391 2127 1448 naturam
2165 1385 2385 1460 refert,

425 1463 542 1532 sed
584 1464 667 1530 ad
709 1476 1051 1547 peccatum
1096 1466 1318 1550 (Rom.
1361 1473 1418 1544 5,
1460 1470 1585 1546 12).
1652 1467 1940 1533 Proinde
1982 1488 2022 1533 a
2061 1468 2389 1533 moriendi

423 1551 815 1617 necessitate
868 1551 1231 1616 immunem
1284 1551 1513 1630 fuisse,
1571 1563 1845 1618 naturae
1901 1556 2153 1620 sanitas
2212 1563 2384 1619 erat:

425 1658 605 1703 nunc
662 1644 884 1701 autem
940 1637 1171 1701 mortis
1228 1637 1468 1704 iudicio
1523 1638 1887 1717 subiacere,
1945 1640 2213 1706 morbus
2267 1651 2383 1705 est.

426 1722 610 1788 Hoec
655 1742 819 1787 sana
873 1730 976 1787 est
1026 1721 1102 1787 ac
1146 1722 1427 1805 simplex
1482 1723 1929 1807 philosophia,
1982 1748 2148 1809 quae
2202 1728 2388 1810 vagis

425 1808 558 1873 illis
614 1817 682 1873 et
737 1807 1034 1874 volaticis
1093 1807 1317 1892 Pighii
1389 1808 1946 1891 speculationibus
2010 1812 2389 1894 importune

426 1895 762 1960 evertitur.
849 1893 947 1960 Ut
1013 1914 1194 1971 carc,
1264 1895 1480 1977 inquit
1496 1945 1510 1971 ‚
1578 1909 1726 1959 cum
1797 1897 2053 1961 ratione
2115 1907 2386 1982 pugnet,

425 2000 701 2062 eamque
744 1981 816 2043 in
875 1979 1163 2044 iustitiae
1218 1979 1595 2046 obedientia
1645 1981 1963 2064 impediat
2016 2004 2092 2049 ae
2149 1982 2387 2062 turbet,

425 2074 704 2130 naturae
746 2072 867 2144 est,
912 2086 1045 2129 non
1083 2066 1245 2131 vitii.
1313 2065 1446 2130 Hic
1492 2087 1647 2131 vero
1679 2087 1765 2131 an
1812 2087 1947 2132 non
1980 2067 2195 2151 plenis
2232 2068 2389 2134 buc-

426 2151 518 2215 cis
565 2150 1032 2216 Manichaeum
1091 2172 1161 2216 se
1219 2170 1362 2216 esse
1416 2153 1807 2234 profitetur?
1897 2153 2071 2219 Nota
2113 2162 2216 2220 est
2249 2175 2390 2219 om-

422 2236 616 2301 nibus
669 2236 852 2301 Eccii
907 2236 1322 2315 temulentia,
1375 2236 1648 2303 Oochlei
1705 2238 1999 2303 fatuitas:
2068 2240 2183 2306 sed
2252 2256 2389 2305 tam

424 2321 785 2405 flagitiosae
824 2319 1270 2404 impudentiae
1286 2373 1300 2398 ‚
1346 2321 1522 2404 quod
1564 2324 1787 2402 sciam,
1835 2344 1966 2388 non
2008 2333 2228 2391 exstat
2270 2347 2390 2410 par

421 2407 820 2490 exemplum.
909 2406 1076 2472 Plus
1133 2408 1381 2473 centies
1436 2408 1627 2474 nobis
1671 2411 1803 2473 iam
1848 2410 2225 2476 Manichaei
2271 2433 2388 2476 no-

419 2513 579 2557 men
632 2490 1081 2576 exprobravit,
1139 2492 1311 2575 quod
1351 2503 1658 2559 naturam
1705 2494 2121 2574 damnemus,
2181 2518 2387 2580 quum

417 2587 699 2643 naturae
742 2578 1138 2660 corruptioni
1183 2578 1479 2644 dicamus
1518 2579 2009 2662 imputandum,
2069 2581 2387 2665 quidquid

418 2673 522 2729 est
576 2664 647 2728 in
704 2663 969 2729 homine
1011 2664 1177 2729 vitii.
1265 2664 1462 2731 Nunc
1505 2674 1729 2730 autem
1771 2665 1973 2748 quid?
2064 2668 2224 2746 Illa,
2280 2669 2386 2732 in-

418 2750 580 2831 quit,
627 2768 794 2831 quae
838 2750 1078 2814 rationi
1121 2750 1278 2814 facit
1308 2751 1669 2834 negotium,
1714 2753 1934 2817 carnis
1983 2754 2270 2832 rebellio,
2319 2762 2389 2819 et

420 2856 587 2919 quae
640 2834 933 2900 iustitiae
987 2834 1381 2914 reluctatur,
1437 2856 1572 2900 non
1618 2837 1749 2901 alia
1800 2847 1905 2903 est
1963 2859 2163 2921 quam
2217 2860 2386 2922 quae

416 2920 633 2985 fuerat
674 2928 830 2985 ante
886 2928 1224 3003 peccatum
1278 2923 1349 2986 in
1400 2922 1613 3004 prima
1655 2923 1929 3007 origine.
2021 2923 2229 2990 Vides
2285 2932 2381 3005 ut,

418 3006 491 3070 in
536 3005 846 3072 creatoris
890 3006 1377 3085 contumeliam,
1424 3008 1771 3073 essentiale
1815 3029 1961 3075 esse
2002 3011 2073 3074 in
2119 3011 2386 3076 homine

416 3090 686 3170 malum,
731 3092 1070 3175 impurum
1112 3113 1184 3158 os
1225 3092 1678 3175 pronunciet?
1749 3094 1895 3160 Nisi
1942 3097 2110 3161 forte
2154 3106 2384 3163 contu-

416 3177 717 3254 maciam,
764 3198 962 3261 quam
993 3177 1284 3244 iustitiae
1315 3179 1624 3261 obsequio
1657 3199 2031 3265 repugnare
2065 3182 2207 3264 ipse
2246 3191 2383 3247 tra-

416 3260 531 3340 dit,
577 3285 617 3328 a
656 3263 818 3329 vitio
858 3263 1023 3328 velit
1065 3283 1396 3329 excusare.
1487 3264 1741 3329 Verum
1788 3266 1982 3331 citius
2030 3271 2179 3346 [pag.
2229 3274 2373 3346 179]

424 3369 500 3412 se
535 3370 616 3413 ex
660 3347 1039 3431 labyrintho
1073 3349 1396 3433 expediat,
1443 3371 1639 3432 quam
1674 3358 1748 3415 ut
1790 3359 1927 3415 tam
1958 3352 2385 3418 manifestum

422 3433 841 3517 sacrilegium
894 3434 1030 3499 ullo
1073 3436 1289 3502 colore
1329 3443 1615 3510 excuset.
1706 3433 1931 3515 Quum
1986 3446 2140 3502 ante
2194 3460 2383 3504 men-

422 3520 725 3598 tiebatur,
771 3520 991 3585 Deum
1034 3540 1159 3585 nos
1201 3522 1416 3587 facere
1459 3521 1617 3586 mali
1663 3529 1962 3586 autorem
1976 3574 1991 3599 ,
2028 3523 2196 3588 illud
2240 3532 2384 3589 erat

422 3613 797 3670 extremum
841 3606 1158 3688 probrum
1174 3658 1191 3686 ,
1248 3626 1377 3689 quo
1434 3626 1555 3672 nos
1610 3609 1875 3690 gravari
1918 3628 2110 3691 posse
2152 3610 2383 3674 existi-

418 3689 659 3755 mabat.
752 3689 933 3771 Quid
975 3713 1152 3757 nunc
1196 3714 1278 3757 ex
1324 3712 1444 3757 suo
1490 3711 1689 3756 sensu
1734 3692 2109 3776 eloquitur?
2183 3693 2383 3775 Quod

416 3774 721 3854 rebellio,
779 3796 945 3860 quae
998 3798 1083 3841 ex
1139 3799 1336 3843 carne
1379 3778 1691 3857 sentitur,
1750 3778 2066 3844 adversus
2109 3782 2383 3847 rationis

419 3871 491 3925 et
534 3861 828 3926 iustitiae
880 3860 1263 3945 obsequium
1279 3915 1294 3942 ,
1342 3884 1429 3928 ex
1479 3872 1720 3928 natura
1777 3873 1845 3928 et
1886 3863 2032 3930 Deo
2074 3867 2190 3945 sit,
2246 3889 2382 3932 non

420 3947 800 4013 defectionis
864 3947 1043 4012 vitio.
1129 3951 1347 4034 Legat
1411 3969 1624 4029 nunc,
1702 3951 1813 4032 qui
1867 3950 2046 4015 volet
2063 4002 2080 4029 ,
2149 3950 2383 4017 deliria

418 4031 823 4111 Manichaei,
880 4039 956 4098 ut
1008 4054 1049 4098 a
1096 4036 1432 4101 veteribus
1475 4036 1881 4100 referuntur:
1940 4046 2007 4101 et
2059 4057 2195 4102 non
2251 4038 2384 4103 alia

416 4119 623 4183 fuisse
668 4119 969 4200 reperiet.

594 4202 949 4269 Concludit
1001 4225 1189 4288 ergo,
1255 4206 1328 4270 in
1385 4206 1795 4273 naturalibus
1866 4206 2076 4272 nihilo
2129 4209 2382 4274 homini

418 4288 810 4371 deperiisse:
856 4289 971 4354 sed
1006 4299 1266 4356 tantum
1300 4293 1502 4359 fuisse
1547 4292 2158 4375 supernaturalibus
2191 4293 2381 4360 donis

414 4384 746 4454 ornatum,
773 4377 821 4455 ¹)
866 4397 1031 4457 quae
1065 4377 1137 4440 in
1180 4398 1331 4442 eum
1356 4380 1542 4443 Deus
1564 4379 1950 4443 contulerat.
2008 4377 2146 4444 Sed
2189 4380 2259 4445 in
2303 4403 2381 4446 eo

410 4459 886 4539 hallucinatur,
911 4460 1082 4543 quod
1095 4465 1463 4542 sanitatem,
1488 4482 1654 4545 quae
1675 4485 1838 4528 vera
1860 4473 1962 4528 est
1985 4486 2060 4530 ac
2090 4467 2381 4549 genuina

412 4553 694 4611 naturae
750 4547 1154 4624 constitutio,
1225 4570 1360 4614 non
1415 4557 1633 4632 potest
1681 4549 1762 4614 ab
1831 4549 2162 4616 accidente
2217 4553 2378 4617 vitio

413 4630 805 4696 discernere.
893 4632 1040 4698 Hoc
1082 4632 1457 4699 discrimine
1501 4655 1634 4698 non
1678 4631 1996 4712 adhibito,
2044 4636 2210 4701 nihil
2256 4642 2378 4702 mi-

410 4737 588 4794 rum,
632 4718 686 4782 si
731 4719 951 4782 omnia
991 4718 1365 4784 confundat.
1430 4720 1577 4785 Hoc
1618 4719 1812 4802 quale
1845 4720 1948 4795 sit,
1993 4723 2219 4804 paucis
2262 4743 2377 4787 ex-

407 4802 695 4953 pediam.
783 4804 1084 4870 Affectus
1138 4825 1395 4887 omnes,
1453 4805 1565 4888 qui
1611 4805 1681 4869 in
1723 4803 2057 4870 hominem
2103 4816 2378 4873 natura-

442 4889 572 4952 iter
625 4888 900 4968 cadunt,
968 4910 1089 4955 nos
1147 4911 1405 4974 quoque
1458 4911 1541 4956 ex
1597 4891 1810 4973 prima
1864 4903 2139 4957 naturae
2194 4914 2375 4959 crea-

408 4974 597 5038 tione
645 4995 791 5039 esse
847 4975 1281 5058 agnoscimus.
1372 4978 1466 5044 Ut
1532 4984 1721 5056 sunt,
1789 4977 2073 5059 exempli
2140 4981 2372 5062 gratia,

408 5178 893 5316 (dalidufflg)fdd'
928 5180 1135 5234 Minae
1159 5196 1356 5250 ‘mma'
1392 5181 1489 5237 ’κα
1523 5182 1743 5238 “mim
1773 5180 2087 5250 leym,-
2125 5184 2372 5239 orbatum

1904 338 2035 404 DE
2084 336 2440 405 LIBERO
2485 335 2960 406 ARBITRIO.

4337 345 4462 407 362

2506 526 3093 612 amon-coniugalis,
3124 537 3471 611 parentum
3517 529 3676 594 item
3710 548 3870 612 erga
3891 527 4134 594 liberos
4158 530 4462 607 amicitia,

2496 612 2813 694 gaudium
2847 635 2932 678 ex
2961 613 3132 680 felici
3167 634 3473 680 successu
3488 637 3505 694 ;
3544 634 3629 678 ex
3663 614 3958 693 orbitate,
3989 614 4328 690 viduitate,
4358 636 4463 681 re-

2496 695 2749 781 busque
2803 699 3105 764 omnibus
3157 700 3454 765 adversis
3520 700 3820 779 tristitia;
3889 700 4127 765 famem
4148 751 4163 775 ‚
4229 700 4462 783 frigus,

2495 785 2814 866 inopiam,
2875 786 3195 867 pericula,
3251 785 3685 869 ignominiam
3729 797 3795 850 et
3839 782 4122 851 dedecus
4166 787 4464 850 reformi-

2497 869 2679 934 dare:
2729 878 3039 952 appetere
3081 892 3363 947 rursum,
3410 880 3478 935 et
3518 891 3832 953 quaerere
3878 873 4245 936 necessaria
4289 872 4463 937 vitae

2495 954 2804 1020 subsidia.
2894 955 3037 1022 Hos
3093 957 3366 1021 affectus
3421 979 3554 1021 non
3620 955 3927 1022 docemus
3958 959 4005 1039 ¹)
4061 977 4181 1040 per
4235 977 4463 1039 pecca-

2495 1049 2641 1104 tum
2684 1041 3054 1122 inolevisse,
3103 1041 3217 1106 sed
3262 1044 3345 1107 ab
3387 1044 3532 1127 ipsa
3576 1044 3908 1108 creatione
3944 1043 4144 1108 fuisse
4187 1052 4462 1108 naturae

2494 1125 2753 1191 inditos.
2845 1127 3054 1191 Istam
3098 1149 3288 1203 vero,
3335 1149 3529 1210 quam
3575 1150 3694 1194 nos
3737 1130 4014 1192 nimium
4060 1128 4459 1212 experimur,

2495 1209 2774 1290 ἀταξίαν,
2822 1212 2944 1277 hoc
2980 1222 3097 1289 est,
3143 1214 3590 1278 inordinatum
3627 1215 3698 1278 iu
3733 1214 4074 1279 affectibus
4099 1233 4460 1293 excessum,

2495 1317 2621 1379 quo
2676 1298 2785 1377 fit,
2846 1307 2924 1363 ut
2965 1299 3137 1363 male
3189 1300 3755 1383 concupiscamus,
3813 1299 4460 1383 concupiscendoque

2495 1382 2770 1449 rebelles
2815 1385 3023 1448 simus
3067 1382 3233 1462 Deo,
3273 1405 3358 1449 ex
3401 1387 3817 1467 corruptione
3862 1384 4181 1450 tradimus
4226 1395 4460 1450 natum

2495 1489 2669 1546 esse,
2727 1489 2860 1533 non
2907 1480 3182 1534 naturae
3226 1471 3307 1535 ab
3351 1471 3538 1535 initio
3581 1472 3783 1536 fuisse
3825 1471 4214 1554 ingenitum.
4305 1469 4457 1551 Qua

2495 1555 2750 1619 ratione
2794 1556 3230 1639 Augustinus,
3277 1556 3448 1620 siout
3491 1565 3647 1621 ante
3685 1557 4051 1635 citavimuS,
4097 1556 4457 1622 voluntatis

2491 1640 2758 1705 nomine
2802 1661 2939 1704 non
2985 1640 3299 1724 dignatur
3342 1641 3693 1724 appetendi
3732 1641 4128 1717 facultatem,
4173 1641 4456 1724 qualiter

2494 1747 2673 1791 nuno
2703 1736 3014 1809 corrupta
3056 1734 3176 1806 est,
3222 1727 3340 1792 sed
3373 1726 3796 1810 cupiditatem
3840 1729 4059 1810 potius
4095 1727 4457 1793 vocandam

2494 1820 2703 1894 putat,
2749 1810 2922 1894 quod
2979 1811 3252 1877 modum
3295 1814 3366 1876 in
3411 1813 3548 1879 suis
3592 1811 3933 1878 desideriis
3975 1834 4311 1895 nunquam
4359 1823 4454 1877 te·

2494 1905 2666 1963 neat.
2734 1897 2979 1981 Diligit
3021 1905 3213 1980 pater
3252 1899 3482 1972 filium,
3528 1900 3771 1963 coniux
3813 1899 4189 1982 coniugem:
4237 1907 4458 1964 castus

2496 2004 2709 2060 amor,
2780 1994 2847 2047 et
2899 1985 3014 2066 qui
3065 1983 3328 2049 laudem
3383 1985 3580 2049 etiam
3638 1994 3948 2050 meretur.
4040 1983 4326 2060 Verum,
4385 1997 4461 2048 ut

2494 2089 2675 2134 nunc
2720 2070 2955 2134 vitiata
2997 2077 3099 2134 est
3142 2081 3399 2147 natura,
3445 2075 3595 2148 [pag.
3649 2075 3795 2149 180]
3843 2091 4028 2134 amor
4071 2069 4178 2135 hic
4221 2070 4295 2134 in
4340 2070 4459 2134 ho-

2491 2155 2673 2220 mine
2717 2176 2848 2219 non
2894 2157 3279 2237 reperietur,
3323 2157 3484 2238 quin
3530 2154 3781 2237 aliquid
3824 2145 4311 2239 inquinamenti
4354 2175 4460 2220 re-

2493 2241 2706 2324 sipiat.
2792 2241 3027 2323 Itaque
3071 2243 3153 2308 ab
3196 2240 3312 2306 illa
3352 2240 3791 2324 corruptionis
3835 2239 4053 2307 radice
4095 2242 4191 2319 fit,
4235 2253 4313 2305 ut
4353 2242 4457 2305 ni-

2493 2326 2589 2390 hil
2646 2347 2891 2409 purum
2957 2348 3044 2391 au
3139 2329 3470 2392 sincerum
3537 2328 3861 2408 concipiat
3930 2326 4267 2391 voluntas:
4340 2326 4456 2391 sed

2492 2409 3040 2493 quemadmodum
3106 2415 3251 2496 ipsa
3317 2422 3419 2476 est
3487 2413 3959 2490 contaminata,
4045 2413 4140 2476 sic
4203 2412 4456 2476 fructus

2493 2496 2692 2561 etiam
2739 2497 3019 2579 pollutos
3064 2507 3133 2564 et
3173 2497 3551 2564 immundos
3599 2499 3828 2581 pariat.
3918 2498 4140 2580 Atque
4181 2495 4305 2563 hoc
4350 2505 4454 2562 est

2491 2582 2667 2664 quod
2712 2582 3016 2662 dicimus,
3073 2605 3275 2666 quum
3317 2585 3462 2662 iste,
3509 2584 3590 2649 de
3633 2605 3759 2666 quo
3799 2582 4146 2665 loquimur,
4182 2583 4452 2648 morbus

2489 2667 2833 2732 hominum
2890 2668 3216 2734 voluntati
3273 2690 3533 2753 semper
3584 2667 3897 2748 insideat,
3954 2667 4102 2733 ideo
4145 2689 4280 2732 non
4324 2669 4454 2732 nisi

2489 2753 2742 2818 malum
2776 2755 3115 2838 concipere
3158 2756 3369 2838 ipsam
3413 2776 3624 2838 posse.
3693 2755 3866 2819 Nam
3910 2757 3965 2819 si
3999 2755 4096 2818 rei
4139 2754 4455 2819 honestae

2491 2838 2653 2904 alias
2705 2839 2778 2903 in
2849 2861 2967 2905 suo
3023 2862 3264 2925 genere
3324 2862 3400 2907 ac
3455 2839 3830 2919 laudabilis,
3897 2860 4238 2923 nunquam
4291 2840 4454 2904 vitio

2491 2933 2671 2990 caret
2727 2927 3061 3009 appetitus
3077 2978 3094 3007 ,
3159 2935 3430 3010 propter
3485 2925 3804 2991 eiusmodi
3857 2947 4228 3003 excessum,
4298 2924 4453 3008 quid

2491 3031 2694 3094 quum
2746 3011 2925 3076 mala
2980 3012 3577 3097 concupiscuntur?
3664 3011 3893 3077 'Palem
3949 3020 4224 3077 naturae
4260 3012 4455 3076 vitio-

2489 3097 2751 3162 sitatem
2765 3147 2781 3175 ,
2827 3106 2896 3162 et
2933 3099 3296 3181 scripturae
3330 3096 3571 3181 ubique
3614 3097 4090 3163 demonstrant.
4178 3098 4289 3162 En
4334 3096 4452 3161 tibi

2488 3182 2702 3247 tribus
2746 3182 2984 3263 verbis,
3031 3182 3192 3267 quid
3235 3186 3412 3249 inter
3458 3203 3694 3266 puram
3736 3190 3805 3248 et
3846 3183 4290 3248 adulteratam
4332 3203 4451 3247 nae-

2490 3276 2710 3333 turam
2770 3269 2858 3332 sit
2914 3267 3341 3335 discriminis:
3401 3268 3572 3352 quod
3632 3266 3787 3333 dum
3834 3269 4116 3352 Pighius
4159 3289 4292 3333 non
4336 3267 4450 3332 ob-

2490 3363 2728 3430 servat,
2774 3355 2997 3419 omnia
3040 3358 3378 3436 pervertit.
3440 3353 3578 3421 Sed
3622 3354 3726 3419 his
3768 3356 3913 3419 fieri
3950 3352 4094 3420 Deo
4137 3353 4450 3417 iniuriam

2488 3440 2826 3522 opinatur:
2884 3441 3041 3520 quia
3097 3441 3369 3504 minime
3424 3441 3565 3504 eius
3613 3438 3889 3504 bonitati
3934 3451 4449 3505 consentaneum

2489 3526 2602 3601 sit,
2648 3524 2937 3589 animam
2983 3546 3204 3591 creare
3247 3525 3342 3591 sic
3383 3524 3768 3590 destitutam
3811 3526 3991 3590 omni
4034 3521 4447 3600 rectitudine,

2480 3618 2566 3675 ut
2595 3609 2766 3673 nihil
2809 3630 3004 3693 quam
3033 3632 3303 3694 peccare
3346 3620 3563 3694 queat.
3629 3608 3882 3691 Qualis,
3920 3611 4152 3694 iuquit,
4197 3612 4451 3694 gratiae

2488 3698 2629 3760 eius
2662 3696 3158 3775 commendatio,
3202 3718 3408 3780 quum
3445 3697 3683 3763 dicitur
3718 3695 3918 3761 talem
3943 3706 4256 3761 naturam
4289 3716 4445 3762 con-

2444 3785 2453 3792 '
2490 3780 2775 3847 didisse?
2844 3781 2982 3848 Nos
3026 3805 3182 3848 vero
3226 3805 3361 3848 non
3405 3781 3727 3848 conditori
3771 3790 4111 3864 acceptum
4151 3782 4444 3870 ferimus,

2486 3866 2803 3950 quidquid
2834 3869 2906 3932 in
2940 3869 3129 3934 nobis
3165 3869 3323 3934 mali
3356 3877 3475 3948 est,
3524 3867 3641 3933 sed
3658 3869 3870 3951 primo
3900 3869 4164 3951 parenti
4205 3875 4447 3944 nostro,

2530 3954 2600 4017 ui
2653 3954 2962 4018 miseram
3022 3956 3194 4020 hanc
3249 3954 3720 4020 haereditatem
3768 3953 3851 4019 ad
3897 3974 4020 4018 nos
4059 3953 4450 4019 transmisit.

2555 4038 2685 4103 uod
2729 4039 2785 4102 si
2831 4041 3023 4105 timet
3066 4039 3377 4124 Pighius,
3423 4061 3510 4106 ne
3551 4041 3786 4105 merito
3830 4039 4145 4105 saevitiae
4189 4057 4450 4103 accuse-

2488 4135 2600 4189 tur
2634 4125 2838 4203 Deus‚
2886 4127 2941 4190 si
2984 4126 3067 4191 ob
3101 4128 3297 4192 unius
3326 4127 3612 4192 hominis
3649 4125 3911 4208 culpam
3952 4127 4020 4189 in
4058 4125 4449 4191 universum

2483 4230 2696 4359 genus
2741 4221 2877 4276 tam
2926 4232 3157 4277 severo
3197 4233 3447 4295 poenae
3481 4231 3725 4297 genere
3756 4210 4317 4288 animadverterit,
4362 4231 4448 4274 ne

2512 4297 2703 4379 itiget
2741 4297 3111 4363 nobiscum:
3158 4297 3273 4364 sed
3318 4307 3518 4363 totam
3567 4299 3960 4379 scripturam
4004 4294 4285 4370 aboleat,
4332 4295 4447 4360 ubi

2484 4381 2609 4447 hoc
2652 4381 2969 4447 iudicium
3010 4386 3260 4467 passim
3302 4384 3688 4466 publicatur.

2660 4465 2978 4550 Sequitur
3012 4469 3187 4553 apud
3220 4491 3372 4534 eum
3406 4468 3576 4534 alter
3608 4467 3688 4532 de
3720 4475 4000 4532 naturae
4033 4465 4446 4549 reparatione

2483 4553 2697 4619 locus:
2743 4555 2810 4618 in
2846 4575 2973 4637 quo
3000 4556 3158 4621 satis
3193 4555 3617 4633 demonstrat,
3663 4573 3797 4618 non
3831 4553 3957 4617 nisi
3990 4552 4445 4618 maledicendo

2482 4639 2880 4704 incalescere
2956 4661 3026 4705 se
3099 4660 3308 4723 posse.
3397 4639 3572 4705 Nam
3647 4639 3801 4722 quia
3876 4639 3984 4704 hic
4062 4637 4445 4705 benedicere

2483 4726 2804 4807 oportuit,
2864 4734 2979 4790 aut
3030 4725 3221 4792 silere
3241 4777 3256 4802 ,
3325 4725 3619 4809 qualibet
3683 4724 3891 4824 glacie
3956 4734 4058 4790 est
4123 4724 4440 4808 frigidior.

2482 4810 2631 4875 Hoc
2687 4816 2911 4874 tamen
2956 4821 3085 4890 est,
3143 4810 3315 4894 quod
3370 4809 3642 4877 tandem
3693 4832 3764 4874 m
3818 4810 4050 4893 primis
4107 4810 4445 4894 significat

2482 4916 2555 4961 se
2609 4895 2852 4960 habere
2910 4917 2948 4959 a
3001 4897 3189 4963 nobis
3246 4896 3611 4964 diversum:
3667 4895 3841 4978 quod
3894 4897 4116 4961 Deum
4167 4916 4440 4961 manum

2480 4981 2820 5065 porrigere
2896 4982 3275 5049 hominibus
3350 4983 3697 5066 prostratis
3763 4982 4101 5065 opinatur,
4179 4981 4263 5046 ad
4329 5001 4441 5046 eos

2621 5186 2679 5251 1)
2729 5184 2989 5241 Bonam
3035 5186 3302 5242 editiones
3343 5193 3396 5243 et
3446 5187 3966 5243 Amstdodamensie
4023 5186 4163 5241 male
4215 5187 4442 5242 habent.-

2477 5271 2582 5310 nos
2618 5255 2891 5310 docemus.
