4967 5992
604 290 731 352 355

604 482 750 538 tum
804 472 1018 536 fuerit.
1110 472 1455 553 Loquatur
1511 492 1687 537 nunc
1740 469 2179 553 Augustinus.
2206 469 2253 548 ¹)
2343 465 2567 533 Corri-

653 579 769 623 ens
813 555 1144 640 quandam
1190 557 1617 635 sententiam,
1679 575 1848 639 quae
1889 555 2114 619 minus
2157 551 2568 619 considerate

606 580 777 710 {icta
808 643 1063 707 fuerat:
1123 641 1646 725 congruentius,
1691 642 1939 724 inquit,
1987 639 2113 706 hoc
2150 638 2362 716 modo,
2407 637 2567 704 defi-

604 731 744 794 nita
798 728 928 793 Dei
982 728 1355 805 voluntate,
1412 735 1485 792 ut
1539 749 1621 793 ex
1676 725 2065 792 infidelitate
2107 724 2428 790 veneritis
2482 724 2568 789 ad

603 814 801 879 fidem
821 866 835 893 ,
881 821 1152 897 accepta
1194 813 1536 878 voluntate
1579 810 1950 890 obediendi,
1996 819 2065 875 et
2108 818 2376 894 accepta
2415 830 2567 893 per-

606 901 985 968 severantia
1039 900 1358 964 maneatis
1412 900 1484 963 in
1538 898 1685 964 fide.
1775 897 1970 961 Item:
2029 896 2242 961 Istam
2404 897 2569 960 tiam

605 1008 743 1052 non
786 986 1019 1053 habuit
1058 986 1316 1067 primus
1361 984 1576 1061 homn,
1622 1005 1752 1068 qua
1793 1002 2138 1066 nunquam
2181 981 2386 1047 velet
2427 1001 2569 1047 esse

607 1073 843 1151 malus,
888 1071 1002 1138 scd
1048 1069 1295 1147 habuit,
1342 1072 1414 1134 in
1450 1092 1583 1153 qua
1617 1072 1673 1136 si
1708 1089 2096 1153 permanere
2129 1067 2347 1145 vellet,
2393 1086 2569 1131 nun-

609 1178 806 1242 quam
864 1158 1080 1223 malus
1135 1162 1337 1233 esset,
1395 1164 1461 1221 et
1513 1157 1657 1221 sine
1701 1176 1859 1240 qua,
1917 1155 2118 1220 etiam
2160 1174 2314 1219 cum
2362 1152 2568 1218 libero

607 1251 755 1324 [pag.
800 1247 947 1322 170]
1003 1243 1292 1320 arbitrio,
1349 1243 1563 1307 bonus
1606 1263 1749 1307 esse
1792 1261 1926 1306 non
1971 1246 2216 1322 posset,
2263 1238 2378 1304 sed
2423 1258 2568 1303 eam

609 1341 832 1394 tamen
868 1348 988 1411 per
1028 1328 1312 1394 liberum
1348 1328 1699 1394 arbitrium
1735 1326 2037 1393 deserere
2157 1332 2310 1390 sset.
2380 1323 2568 1389 Haec

608 1427 710 1480 est
752 1415 967 1498 prima
1011 1414 1255 1498 gratia,
1313 1434 1483 1496 quae
1526 1415 1740 1497 primo
1790 1410 2007 1477 Adam
2099 1418 2207 1475 ata
2262 1417 2390 1475 est:
2452 1407 2568 1474 sed

610 1501 775 1566 haec
817 1501 1153 1583 potentior
1194 1500 1269 1563 in
1310 1498 1597 1565 secundo
1640 1498 1887 1564 Adam:
1943 1516 2073 1580 qua
2114 1497 2314 1561 etiam
2355 1496 2448 1573 fit,
2495 1503 2571 1560 ut

610 1586 800 1664 velit,
857 1595 1245 1669 tantumque
1290 1586 1481 1665 velit,
1539 1592 1852 1667 tantoque
1907 1582 2140 1648 ardore
2183 1580 2447 1665 diligat,
2493 1589 2570 1645 ut

609 1673 830 1739 carnis
874 1671 1286 1737 voluntatem
1345 1672 1676 1736 contraria
1720 1669 2287 1750 concupiscentem
2330 1665 2569 1732 volun-

602 1765 739 1823 tate
794 1758 1066 1840 spiritus
1121 1758 1363 1822 vincat.
1465 1757 1606 1822 Nec
1657 1756 1774 1820 illa
1826 1753 2092 1837 quidem
2152 1772 2360 1836 parva
2401 1760 2566 1830 erat,

606 1865 739 1927 qua
799 1843 1250 1907 demonstrata
1303 1850 1405 1906 est
1453 1842 1748 1925 potentia
1805 1840 1999 1906 liberi
2055 1838 2367 1906 arbitriiz.
2408 1858 2567 1920 quo-

605 1929 786 1993 niam
832 1929 928 1993 sic
970 1926 1420 2006 adjuvabatur,
1465 1934 1542 1992 ut
1585 1929 1727 1994 sine
1761 1926 1885 1992 hoc
1918 1924 2242 1990 adiutorio
2287 1925 2359 1988 in
2393 1923 2567 1988 bono

606 2035 738 2079 non
784 2020 1107 2088 maneret,
1164 2013 1280 2078 sed
1332 2014 1455 2078 hoc
1511 2013 1912 2079 adiutorium
1968 2013 2023 2077 si
2064 2010 2268 2076 vellet
2311 2010 2568 2075 desere-

608 2108 729 2165 ret.
829 2099 1016 2164 Haec
1071 2107 1290 2164 autem
1353 2108 1540 2164 tanto
1606 2100 1816 2164 maior
1867 2105 2002 2179 est,
2061 2104 2139 2161 ut
2190 2117 2426 2180 parum
2480 2096 2571 2161 sit

610 2185 878 2263 homini,
914 2206 1035 2269 per
1073 2184 1255 2249 illam
1292 2205 1598 2268 reparare
1639 2183 1964 2268 perditam
2004 2182 2406 2258 libertatem;
2452 2202 2568 2264 pa-

608 2292 757 2336 rum
802 2271 888 2336 sit
931 2269 1214 2353 denique
1258 2292 1393 2335 non
1436 2291 1628 2354 posse
1673 2271 1814 2335 sine
1856 2269 2001 2349 illa,
2046 2268 2154 2334 vel
2198 2268 2569 2350 apprehen-

607 2356 762 2422 dere
801 2356 1076 2434 bonum,
1136 2356 1248 2421 vel
1301 2377 1689 2439 permanere
1732 2357 1802 2420 in
1844 2354 2042 2432 bone,
2099 2355 2156 2420 si
2200 2353 2395 2433 velit,
2440 2353 2572 2418 nisi

607 2443 809 2507 etiam
853 2442 1180 2507 efficiatur
1236 2456 1313 2506 ut
1355 2443 1535 2508 velit.
1625 2442 1823 2507 Nunc
1883 2448 2103 2506 autem
2158 2440 2392 2522 quibus
2435 2459 2570 2504 non

609 2528 808 2593 datur
849 2527 982 2592 tale
1025 2526 1427 2593 adiutorium
1472 2548 1685 2610 poena
1727 2535 1856 2606 est;
1902 2527 2140 2609 quibus
2184 2533 2409 2591 autem
2453 2523 2571 2590 da-

610 2624 739 2692 tur,
784 2613 1144 2679 secundum
1201 2614 1483 2697 gratiam
1526 2612 1752 2694 datur,
1798 2633 1939 2677 non
1981 2609 2344 2677 secundum
2390 2609 2570 2677 debi-

608 2711 773 2779 tum,
818 2707 887 2764 et
927 2706 1113 2763 tanto
1157 2700 1441 2782 amplius
1485 2699 1710 2772 datur,
1757 2699 1991 2781 quibus
2035 2697 2193 2763 dare
2237 2697 2384 2761 Deo
2427 2696 2571 2780 pla-

609 2786 746 2852 cuit
764 2835 779 2864 ,
823 2793 901 2849 ut
943 2805 1077 2848 non
1133 2784 1345 2850 solum
1385 2785 1587 2865 adsit,
1655 2785 1800 2850 sine
1841 2805 1968 2866 quo
2009 2803 2396 2866 permanere
2438 2803 2571 2847 non

610 2891 974 2955 possumus,
1018 2871 1216 2934 etiam
1261 2871 1318 2936 si
1362 2872 1660 2949 velimus,
1705 2869 1822 2936 sed
1865 2876 2126 2934 tantum
2170 2889 2247 2934 ac
2287 2868 2420 2933 tale
2464 2868 2569 2948 sit,

609 2964 688 3022 ut
730 2955 1027 3022 velimus.
1115 2957 1242 3021 Est
1283 2958 1521 3040 quippe
1564 2957 1636 3022 in
1677 2956 1871 3021 nobis
1912 2975 2032 3039 per
2074 2954 2247 3020 hanc
2372 2954 2572 3040 'tiam

611 3043 686 3107 in
737 3042 909 3107 bono
964 3042 1336 3125 recipiendo
1390 3051 1458 3108 et
1512 3052 2019 3126 perseveranter
2069 3049 2268 3106 tenen
2314 3062 2383 3119 0,
2436 3061 2571 3105 non

614 3127 831 3194 solum
885 3147 1076 3210 posse
1132 3128 1307 3210 quod
1360 3129 1699 3207 volumus,
1757 3127 1872 3193 sod
1927 3125 2126 3193 etiam
2180 3125 2352 3193 velle
2397 3125 2571 3208 quod

658 3234 976 3279 ossumus.
1044 3213 1136 3277 Et
1178 3213 1465 3297 plurima
1507 3216 1578 3279 in
1615 3213 1899 3279 eundem
1935 3233 2224 3278 sensum.
2288 3211 2569 3297 Item:²)

611 3236 690 3366 ξι
734 3299 924 3366 nobis
967 3297 1174 3363 libera
1216 3300 1537 3382 quaedam
1581 3323 1666 3367 ex
1710 3301 1854 3365 Deo
1896 3298 1985 3364 sit
2027 3299 2362 3378 voluntas,
2400 3318 2570 3380 quae

611 3386 723 3451 vel
766 3387 940 3451 bona
980 3386 1189 3468 possit
1229 3407 1402 3464 esse,
1448 3386 1555 3453 vel
1600 3386 1806 3464 mala,
1855 3387 2023 3451 bona
2067 3393 2287 3450 autem
2334 3385 2569 3450 volun-

612 3483 717 3538 tas
760 3492 844 3536 ex
888 3472 1075 3537 nobis
1118 3479 1236 3548 est,
1282 3473 1520 3538 melius
1562 3479 1664 3537 est
1705 3470 1878 3555 quod
1922 3471 2239 3537 habemus
2281 3490 2323 3534 a
2363 3470 2572 3549 nobie,

615 3578 814 3640 quam
872 3556 1043 3639 quod
1105 3557 1423 3623 habemus
1480 3579 1564 3622 ex
1619 3557 1783 3623 Dec.
1884 3557 1965 3622 Id
2021 3558 2239 3639 ipsum
2283 3555 2365 3621 ad
2422 3577 2573 3641 per·-

615 3643 1056 3708 sevcrantiam
1099 3643 1413 3707 extendo:
1459 3651 1535 3708 ut
1578 3643 1753 3709 sicut
1790 3643 2077 3721 initium,
2122 3643 2219 3705 ita
2261 3647 2328 3706 et
2370 3641 2573 3706 bono-

612 3748 765 3793 rum
818 3748 1088 3810 operum
1150 3729 1701 3812 complementum
1756 3729 1838 3794 ab
1894 3748 2028 3793 uno
2081 3728 2227 3792 Deo
2268 3727 2571 3809 pendeat.

616 3812 730 3880 Sic
776 3821 1001 3879 autem
1042 3816 1417 3879 confirmari
1462 3816 1710 3882 virtute
1750 3815 1880 3879 Dei
1924 3813 2255 3879 hominem
2274 3864 2290 3892 ,
2330 3833 2415 3878 ne
2458 3812 2573 3878 de-

613 3900 812 3978 ficiat,
860 3909 936 3964 ut
978 3902 1334 3966 continuus
1378 3921 1583 3983 usquc
1626 3899 1712 3965 ad
1753 3901 1929 3966 vitae
1986 3900 2184 3964 finem
2224 3899 2313 3965 sit
2352 3919 2576 3964 merae

614 3995 683 4050 et
725 3985 1058 4050 indebitae
1118 3986 1371 4070 gratiae
1430 3995 1637 4051 tenor.
1726 3986 1955 4069 Neque
1999 3986 2333 4068 cooperari
2374 4007 2459 4051 ex
2504 4006 2576 4051 se

614 4072 953 4138 hominem
999 4072 1164 4150 Dec,
1211 4082 1287 4137 ut
1322 4071 1567 4155 aliquid
1604 4070 1685 4135 de
1728 4091 1848 4136 suo
1884 4070 2259 4151 admisceat,
2296 4071 2411 4138 sed
2454 4093 2575 4154 pro

613 4178 926 4223 mensura
982 4158 1195 4223 solum
1254 4179 1450 4241 quam
1496 4156 1771 4239 accepit:
1833 4164 1913 4221 ut
1968 4177 2100 4221 non
2155 4157 2346 4222 aliter
2399 4166 2573 4242 agat,

614 4243 744 4310 nisi
789 4242 1003 4327 quoad
1050 4244 1360 4329 agitatur.
1449 4244 1555 4308 De
1600 4242 1723 4308 hoc
1765 4242 1964 4307 etiam
2003 4263 2109 4308 res
2157 4243 2397 4308 ondeat
2429 4245 2574 4308 Au-

708 4331 937 4396 stinus.
960 4331 1019 4413 ⁸)
1107 4328 1452 4411 Quomodo
1492 4349 1626 4393 non
1664 4336 1765 4395 est
1805 4329 2059 4412 gratiae
2173 4330 2251 4406 ei,
2293 4351 2427 4395 non
2471 4350 2575 4395 so-

640 4435 757 4478 um
801 4414 1111 4481 credendi
1147 4417 1454 4481 voluntas
1491 4415 1573 4481 ab
1616 4415 1821 4493 initio,
1866 4412 1983 4479 sed
2015 4434 2224 4497 usquc
2256 4415 2332 4479 in
2372 4417 2577 4480 finem

616 4502 1140 4581 perseverantia,
1197 4524 1405 4585 quum
1446 4501 1600 4566 finis
1641 4503 1785 4585 ipse
1828 4501 2008 4566 vitae
2054 4505 2203 4582 [pag.
2247 4504 2395 4580 171]
2441 4522 2575 4566 ιιοιι

616 4585 691 4647 ιιι
729 4583 1043 4662 hominis,
1099 4587 1215 4653 sed
1256 4589 1388 4653 Dei
1431 4589 1521 4652 sit
1565 4594 1916 4671 potestate,
1974 4594 2043 4652 et
2099 4587 2306 4670 possit
2347 4588 2576 4671 utique

618 4669 802 4734 Deus
845 4691 974 4735 non
1018 4681 1516 4754 perseveraturo
1551 4674 1674 4738 hoc
1709 4674 1909 4739 etiam
1945 4674 2260 4751 conferre,
2307 4695 2392 4739 ne
2434 4695 2575 4738 ma-

615 4755 761 4820 litia
800 4763 1014 4820 mutet
1055 4777 1165 4822 cor
1222 4759 1406 4824 eius?
1496 4758 1696 4824 Item:
1722 4763 1782 4844 ⁴)
1840 4760 2110 4825 Donum
2164 4758 2296 4824 Dei
2340 4759 2576 4826 asseri-

755 4926 812 4993 1)
850 4925 931 4980 De
980 4928 1121 4982 bono
1156 4944 1427 4996 persever.
1474 4929 1544 4982 ad
1578 4930 1749 4985 Hilar.
1785 4938 1843 4985 et
1886 4930 2141 5001 Prosper.
2190 4946 2307 4999 cap.
2344 4929 2432 4985 22.
2491 4931 2574 4985 De

614 5010 759 5049 corr.
794 5004 852 5051 et
885 5004 1025 5064 grat.
1062 5012 1179 5065 cap.
1220 4994 1303 5049 11.

754 5063 817 5128 2)
852 5063 971 5118 Lib.
1004 5061 1054 5116 2.
1091 5064 1158 5118 de
1194 5070 1402 5132 peccat.
1439 5065 1611 5118 merit.
1649 5072 1705 5119 et
1739 5067 1948 5123 remiss.
1986 5083 2110 5138 cap.
2148 5066 2234 5121 18.

755 5131 815 5196 3)
851 5132 1032 5201 Epist.
1069 5130 1185 5186 10⁷.
1225 5132 1293 5187 ad
1329 5132 1579 5187 Vitalcm.

754 5201 817 5268 4)
856 5202 939 5257 De
976 5201 1121 5257 bono
1158 5217 1435 5270 persever.
1469 5201 1541 5255 ad
1576 5201 1831 5270 Prosper.
1869 5209 1925 5257 et
1961 5204 2066 5257 Hil.
2099 5205 2154 5258 in
2191 5205 2416 5272 princip.

1914 278 2288 348 RESPON
2290 277 2444 346 810
2492 277 2870 344 CONTRA
2913 276 3328 345 PIGHIUM

4500 278 4617 338 356

2672 486 2849 544 mus,
2906 486 3050 532 esse
3113 465 3681 550 perseverantiam
3857 482 3942 528 ue
3998 460 4080 526 ad
4133 463 4354 527 finem.
4456 463 4621 528 Nam

2673 571 2881 635 quum
2923 551 3108 618 dicit:
3166 551 3500 617 Timorem
3556 571 3782 616 meum
3910 548 3993 613 bo
4035 549 4108 613 in
4159 546 4364 614 corda
4405 569 4622 615 eorum

2674 636 2834 721 (Ier.
2875 641 2977 715 32,
3015 640 3160 720 40),
3219 636 3375 721 quid
3433 635 3613 702 aliud
3657 644 3786 715 est,
3842 655 4042 717 quam
4083 643 4316 700 tantus
4357 654 4436 700 ac
4479 634 4622 702 talis

2675 722 2802 787 erit
2853 723 3055 788 timor
3106 741 3300 806 quem
3359 722 3554 800 dab0‚
3613 731 3691 786 ut
3742 720 3907 786 mihi
3961 728 4465 803 perseveranter
4517 720 4622 786 ad-

2674 808 3037 873 haereant?
3126 807 3235 873 Ad
3281 809 3459 888 haec,
3504 829 3710 892 quum
3755 807 4002 890 ubique
4046 803 4301 883 doceat,
4348 806 4622 872 liberum

2671 893 2742 958 in
2785 895 2999 977 primo
3041 894 3310 960 homine
3345 894 3711 971 arbitrium,
3757 913 3962 975 quum
3997 891 4259 957 salvum
4304 891 4524 958 adhuc
4565 901 4624 958 et

2671 980 3001 1045 incolume
3055 987 3291 1059 staret,
3349 980 3521 1045 nihil
3573 987 3798 1044 tamen
3854 978 4143 1043 valuisse
4197 979 4340 1043 sine
4386 979 4620 1063 gratia:

2672 1075 2818 1148 post
2854 1085 3096 1144 casum,
3142 1067 3376 1149 inquit,
3405 1066 3453 1151 ¹)
3497 1086 3631 1131 non
3666 1064 3794 1130 nisi
3840 1063 3923 1128 ad
3960 1085 4147 1129 suam
4307 1066 4470 1129 tiam
4513 1084 4623 1128 vo-

2674 1149 2798 1216 luit
2838 1152 3024 1217 Deus
3066 1152 3429 1235 pertinere,
3475 1159 3550 1216 ut
3593 1152 3789 1217 homo
3833 1149 4101 1216 accedat
4269 1171 4454 1229 eum3
4511 1170 4623 1214 nec

2673 1238 2803 1302 nisi
2845 1236 2931 1302 ad
2975 1258 3163 1303 suam
3196 1239 3482 1321 gratiam
3515 1238 3847 1320 pertinere
3880 1234 4109 1314 voluit,
4154 1244 4231 1299 ut
4266 1236 4464 1300 homo
4499 1256 4623 1301 non

2673 1322 2938 1389 recedat
2989 1322 3070 1387 ab
3136 1344 3233 1388 eo.
3331 1324 3532 1389 Item:
3560 1325 3620 1405 ²)
3686 1322 3880 1388 Unde
3939 1319 4339 1400 ostenditur,
4405 1330 4477 1386 et
4527 1323 4620 1386 in-

2674 1407 2954 1474 choandi
2971 1460 2986 1486 ,
3052 1417 3121 1474 et
3173 1430 3383 1492 usque
3439 1410 3510 1474 in
3566 1410 3767 1473 finem
3823 1407 4289 1490 perseverandi
4345 1407 4621 1491 gratiam

2672 1516 2806 1559 non
2861 1493 3222 1560 secundum
3279 1495 3516 1560 merita
3568 1501 3799 1559 nostra
3855 1493 4031 1570 dari,
4091 1493 4209 1559 sed
4255 1492 4486 1558 donari
4530 1513 4621 1558 se-

2673 1580 2967 1645 cundum
3024 1582 3231 1663 ipsius
3286 1581 3822 1658 secretissimam,
3882 1578 4289 1661 eandemque
4347 1579 4621 1644 iustissi-

2672 1686 2869 1744 mam,
2909 1666 3588 1744 beneficentissimam,
3625 1666 4175 1748 sapientissimam
4200 1664 4619 1731 voluntatem.

2672 1752 2872 1817 Item:
2901 1751 2960 1835 Β)
3015 1752 3203 1818 Haec
3259 1760 3416 1818 sunt
3460 1752 3630 1817 dona
3672 1750 3833 1827 Dei,
3886 1772 4058 1833 quae
4100 1750 4348 1815 dantur
4389 1750 4620 1826 electis,

2673 1837 3036 1904 secundum
3081 1837 3210 1903 Dei
3263 1838 3668 1922 propositum
3712 1837 3991 1902 vocatis:
4049 1837 4121 1900 in
4164 1836 4400 1920 quibus
4447 1835 4620 1900 donis

2673 1931 2775 1989 est
2827 1930 2894 1988 et
2947 1924 3237 2007 incipere
3290 1923 3585 2003 credere,
3642 1929 3710 1988 et
3765 1942 3971 2005 usque
4026 1922 4112 1986 ad
4166 1923 4370 1987 finem
4412 1942 4621 2005 perse-

2670 2029 2920 2076 verare.
3009 2009 3119 2074 Ita
3173 2009 3537 2088 concludit,
3590 2008 3873 2093 gratiam
3943 2009 4186 2073 sanctis
4240 2028 4385 2073 esse
4441 2027 4621 2072 omne

2672 2096 3003 2160 meritum.
3093 2095 3234 2162 Gur
3277 2117 3434 2181 ergo
3476 2095 3641 2160 mihi
3685 2095 3994 2160 irascitur
4035 2093 4349 2177 Pighius,
4392 2095 4448 2159 si
4493 2095 4620 2157 Au-

2673 2181 2954 2351 gustiPni)
2967 2182 3350 2265 patrocinio,
3398 2180 3570 2265 quod
3619 2180 3784 2244 mihi
3828 2190 3967 2245 tam
4011 2178 4376 2245 liberaliter
4419 2179 4617 2256 offert,

2673 2277 2822 2332 utor
2895 2271 2921 2308 ⁴

2846 2352 2993 2418 Hoc
3036 2361 3366 2436 postremo
3421 2352 3609 2417 illum
3651 2351 3824 2417 male
3869 2349 4097 2431 habet,
4143 2349 4317 2433 quod
4363 2370 4404 2415 a
4446 2371 4617 2434 rege-

2674 2438 3016 2503 neratione
3080 2438 3341 2504 fidelem
3408 2439 3697 2503 animam
3774 2439 3845 2502 in
3912 2436 4074 2502 duas
4140 2436 4425 2502 divisam
4489 2455 4618 2500 esse

2674 2531 2897 2606 partes
2960 2525 3246 2590 affirmo:
3303 2544 3378 2589 ac
3432 2522 3687 2606 quoties
3742 2522 3943 2588 huius
3997 2523 4155 2588 facit
4206 2523 4618 2598 mentionem,

2673 2630 2780 2674 me
2821 2610 3173 2694 imaginari
3218 2621 3333 2676 aut
3373 2609 3702 2675 somniare
3745 2607 3920 2674 dicit.
3988 2607 4175 2674 Haec
4216 2609 4395 2673 enim
4439 2606 4620 2672 hodie

2673 2695 3194 2761 Romanensium
3240 2703 3341 2761 est
3383 2694 3729 2779 theologia,
3772 2694 4148 2760 fabulosum
4191 2693 4434 2759 ducere
4447 2745 4461 2770 ,
4502 2713 4622 2776 quc

2675 2781 2846 2846 nihil
2909 2781 3297 2847 familiarius
3371 2781 3629 2846 homini
3685 2781 4044 2846 christiano
4098 2779 4440 2864 cognitum
4485 2797 4620 2844 cese

2677 2866 2886 2933 debet.
2989 2865 3125 2933 Sed
3180 2867 3488 2950 quoniam
3541 2866 3753 2931 nihilo
3807 2865 3957 2948 plus
4014 2866 4381 2950 spiritualis
4431 2884 4620 2947 expc-

2675 2953 2956 3018 rientiae
3021 2952 3268 3018 habent
3337 2951 3713 3018 huiusmodi
3779 2951 4080 3018 homines
4093 3004 4114 3030 ,Α
4176 2972 4378 3035 quam
4442 2952 4622 3016 bruta

2675 3039 3017 3117 animalia,
3076 3039 3312 3104 saltem
3364 3038 3447 3103 ad
3491 3059 3564 3104 os
3607 3038 3848 3122 Pighio
3892 3037 4368 3104 obstruendum
4412 3037 4621 3102 valeat

2674 3124 2868 3190 Pauli
2925 3126 3263 3190 autoritas.
3369 3122 3594 3204 Quum
3649 3122 3920 3188 dubium
3986 3143 4131 3189 esse
4181 3144 4320 3188 non
4379 3123 4618 3198 debeat,

2675 3212 2835 3293 quin
2872 3212 3152 3292 septimo
3189 3210 3271 3276 ad
3306 3210 3645 3275 Romanos
3679 3210 3894 3293 capite
3928 3210 4284 3293 imaginem
4320 3209 4623 3291 depinxe-

2676 3298 2765 3360 rit
2799 3296 3085 3361 hominis
3125 3296 3509 3380 regenerati,
3547 3295 3893 3361 videamus
3928 3317 4013 3360 an
4048 3316 4182 3360 non
4216 3294 4383 3360 illud
4416 3296 4622 3378 ipsum

2675 3382 2850 3465 quod
2894 3381 3037 3447 dico
3081 3403 3157 3447 eo
3200 3383 3340 3447 loco
3383 3381 3467 3446 ad
3510 3381 3737 3447 vivum
3780 3389 4243 3464 repraesentet.
4318 3381 4625 3447 Commu-

2675 3488 2829 3533 nem
2874 3487 3033 3552 ergo
3082 3466 3376 3533 fidelium
3421 3467 3875 3551 captivitatem
3918 3467 3989 3531 in
4033 3486 4154 3533 sua
4192 3487 4481 3551 persona
4523 3466 4626 3531 de-

2677 3554 2921 3637 plorat,
2985 3560 3130 3633 [pag.
3175 3559 3322 3633 172]
3375 3552 3547 3636 quod
3591 3552 3757 3619 velit
3811 3552 4077 3635 quidem
4117 3551 4360 3617 bonum
4411 3561 4481 3618 et
4520 3574 4627 3636 ap-

2676 3645 2878 3723 petat,
2923 3638 3038 3705 sed
3081 3640 3394 3723 perficere
3435 3659 3570 3704 non
3613 3638 3940 3716 inveniat;
3995 3637 4167 3723 quod
4209 3645 4438 3704 mente
4479 3658 4628 3703 con-

2678 3725 2923 3791 sentiat
2963 3725 3098 3809 legi
3141 3725 3303 3805 Dei,
3345 3744 3539 3789 carne
3583 3735 3808 3789 autem
3850 3723 3983 3809 legi
4025 3726 4304 3807 peccati:
4364 3724 4464 3789 ita
4503 3744 4629 3789 non

2675 3812 2875 3878 faciat
2927 3810 3175 3875 bonum
3219 3809 3389 3893 quod
3436 3809 3680 3894 diligit,
3734 3809 3851 3876 sed
3908 3812 4128 3893 potius
4169 3809 4422 3875 malum
4465 3806 4632 3894 quod

2679 3896 2835 3962 odit.
2950 3891 3155 3962 Vides
3233 3896 3749 3962 consentientem
3822 3895 4116 3962 iustitiae
4201 3896 4629 3961 voluntatem.

2676 3981 2875 4050 Unde
2917 3982 3126 4066 igitur
3169 3983 3258 4046 im
3308 3982 3745 4060 edimentum,
3787 3983 4139 4064 quominus
4180 3991 4501 4066 sequatur
4541 3981 4632 4044 ef-

2677 4068 2928 4135 fectus?
3018 4068 3172 4133 Non
3217 4088 3257 4131 a
3285 4067 3483 4132 iunde
3528 4078 3730 4145 certe,
3776 4089 3972 4150 quam
4018 4088 4101 4132 ex
4146 4068 4480 4134 contrario
4523 4066 4633 4132 de-

2679 4154 2937 4220 siderio.
3027 4153 3224 4219 Unde
3286 4175 3480 4236 porro
3547 4153 3947 4219 desiderium
3998 4153 4195 4233 illud,
4263 4154 4394 4218 nisi
4461 4151 4635 4236 quod

2678 4241 2921 4306 veteris
2966 4239 3255 4306 hominis
3297 4239 3611 4322 reliquiae
3654 4240 3726 4304 in
3770 4260 3845 4305 eo
3890 4239 4222 4316 habitant,
4282 4260 4456 4322 qnae
4495 4239 4636 4304 luc·

2677 4335 2907 4391 tantur
2970 4325 3286 4392 adversus
3365 4326 3670 4408 spiritum
3683 4324 3714 4387 ⁴?
3829 4326 4114 4390 Dixerat
4177 4325 4362 4390 enim
4427 4324 4638 4408 capite

2679 4421 2866 4478 sexto
2879 4464 2897 4492 ,
2955 4421 3249 4477 veterem
3305 4411 3642 4476 hominem
3697 4431 3814 4493 per
3866 4430 4125 4478 crucem
4164 4410 4422 4477 Christi
4463 4430 4639 4475 mor-

2679 4508 2871 4564 tuum
2915 4517 3085 4576 esse:
3130 4506 3357 4581 postea
3391 4506 3614 4562 autem
3655 4496 3932 4574 subiicit,
3982 4519 4115 4562 non
4148 4497 4245 4562 ita
4278 4517 4427 4562 esse
4459 4515 4642 4561 mor-

2680 4593 2867 4649 tuum
2886 4636 2901 4662 ,
2964 4584 3127 4666 quin
3168 4591 3501 4650 certamen
3545 4581 3760 4648 adhuc
3803 4591 3873 4647 et
3925 4583 4295 4648 molestiam
4339 4581 4640 4648 facessat

2678 4671 2875 4736 Nunc
2916 4690 3038 4753 per
3079 4676 3371 4736 veterem
3418 4669 3752 4734 hominem
3789 4668 3945 4752 quid
3978 4667 4328 4752 intelligat,
4371 4690 4458 4734 ex
4497 4667 4645 4733 aliis

2678 4757 2840 4822 locis
2884 4755 3236 4839 colligitur,
3283 4755 3397 4820 ubi
3439 4761 3664 4820 mente
3708 4763 3776 4819 et
3817 4753 4010 4820 corde
4045 4754 4355 4820 renovari
4397 4774 4527 4820 nos
4562 4750 4644 4817 ad

2679 4842 2809 4909 Dei
2849 4843 3209 4927 imaginem
3252 4841 3452 4906 iubet.
3534 4839 3822 4906 Proinde
3865 4841 4111 4907 veteris
4155 4839 4443 4905 hominis
4487 4861 4646 4923 pars

2681 4938 2807 5007 est,
2853 4935 2923 4994 et
2965 4926 3087 4994 sub
3138 4926 3262 4992 hoc
3303 4927 3571 4992 nomine
3624 4927 4026 5005 continetur,
4086 4925 4404 5010 quidquid
4447 4935 4648 4991 extra

2820 5133 2878 5199 1]
2918 5134 3050 5204 Cap.
3087 5132 3136 5187 7.
3341 5130 3403 5200 2)
3438 5131 3568 5201 Gap.
3604 5130 3687 5185 13.

2816 5202 2878 5271 4)
2916 5203 2997 5257 De
3034 5208 3270 5271 corrept.
3308 5207 3364 5257 et
3397 5209 3533 5271 grat.
3573 5217 3689 5269 cap.
3728 5199 3778 5255 7.

3893 5129 3956 5199 3)
3993 5131 4125 5200 Cap.
4162 5128 4246 5183 17.
