4967 5992
514 337 658 436 311⁶

1823 360 2198 430 RESPON
2200 360 2354 429 510
2398 359 2779 428 CONTRA
2817 359 3233 427 PIGHIUM

4412 366 4543 427 312

515 558 662 639 ipso
705 555 876 620 nihil
920 554 1160 619 horum
1205 559 1354 632 [pag.
1400 556 1548 630 109]
1596 550 1876 618 habeat?
1964 550 2100 617 Ubi
2138 551 2208 615 in
2251 570 2325 615 re
2361 571 2476 632 op-
2527 551 2534 614 1
2582 569 2852 627 nomen,
2898 550 3030 611 iam
3075 548 3291 613 visum
3334 556 3451 612 est.
3540 547 3688 612 Hoc
3734 547 3789 612 si
3845 546 4086 614 clarius
4137 551 4377 632 exponi
4419 549 4546 615 tibi

521 644 725 706 timus
776 640 962 705 80818
1012 659 1371 705 consensus
1424 645 1526 701 est
1578 658 1726 702 cum
1785 638 1907 703 hoc
1960 636 2305 719 scriptore,
2362 656 2480 700 cur

520 726 603 791 08
669 726 972 791 voculam
1037 745 1158 788 nos
1220 725 1293 787 in
1356 730 1695 788 certamen
1757 723 2110 788 committit
2170 720 2473 804 Pighius,

518 813 707 894 quasi
750 831 871 895 per
912 810 1136 876 omnia
1172 807 1680 874 dissideremus?
1770 806 2050 890 Semper
2081 827 2191 872 me
2233 807 2478 872 dixisse

519 897 709 962 testis
765 905 866 962 est
922 917 1069 960 mea
1122 893 1499 972 1888188810,
1553 914 1675 977 per
1718 915 1824 958 me
1879 914 2014 958 808
2056 901 2259 971 stare,
2317 893 2476 975 quin

515 982 804 1048 liberum
838 982 1121 1046 hominis
1156 979 1503 1045 arbitrium
1540 987 1832 1057 vocetur,
1868 977 2061 1043 modo
2096 997 2260 1042 sana
2291 978 2479 1042 verbi

522 1067 817 1133 definitio
874 1066 1061 1131 nobis
1117 1074 1386 1131 constet.
1478 1063 1594 1130 Sic
1636 1073 1830 1129 vocat
1871 1065 2314 1146 Augustinus,
2359 1084 2477 1127 ne-

520 1173 651 1237 que
705 1154 774 1216 in
831 1172 906 1216 eo
957 1159 1094 1216 tam
1146 1152 1484 1234 proprium
1540 1170 1842 1228 sensum,
1901 1170 2102 1232 quam
2142 1157 2477 1231 receptam

520 1237 1055 1304 consuetudinem
1098 1237 1413 1318 sequitur.
1483 1238 1596 1301 An
1639 1236 1721 1301 ob
1764 1235 1938 1300 hanc
1975 1255 2243 1300 causam
2286 1234 2478 1299 nobis

521 1323 701 1389 hunc
755 1322 1105 1387 molestum
1163 1342 1309 1388 8888
1365 1320 1597 1386 decet?
1703 1318 1900 1400 Quod
1949 1341 2033 1384 ex
2090 1320 2290 1384 variis
2332 1319 2477 1384 Au·

520 1409 771 1493 gustini
814 1408 974 1474 locis
1018 1407 1427 1491 colligamus,
1478 1406 1696 1470 nullas
1740 1425 1892 1469 eum
1938 1412 2179 1488 partes,
2223 1403 2478 1469 nullam

521 1495 795 1559 arbitrio
841 1492 1218 1558 facultatem
1263 1493 1585 1557 tribuere:
1643 1492 1712 1554 in
1758 1511 1834 1555 eo
1877 1488 2328 1573 stupiditatem
2371 1510 2476 1554 os-

512 1579 989 1661 ·citantiamque
1040 1587 1335 1642 nostram
1379 1578 1607 1642 mirari
1665 1577 1823 1641 satis
1876 1597 2010 1641 non
2064 1583 2294 1658 potest.
2384 1579 2478 1639 At

522 1685 653 1748 quo
698 1663 873 1728 redit
916 1661 1231 1745 quidquid
1275 1662 1597 1728 dicimus?
1645 1661 1774 1726 nisi
1815 1663 2105 1744 primum
2139 1659 2314 1743 quod
2357 1667 2474 1738 est,

524 1758 639 1815 aut
673 1749 891 1828 habet,
930 1758 1047 1812 aut
1088 1757 1305 1830 potest
1340 1748 1555 1826 110180,
1594 1768 1841 1812 vanum
1882 1769 2001 1830 per
2043 1768 2113 1811 se
2157 1745 2228 1811 id
2264 1755 2477 1811 totum

521 1845 589 1901 et
645 1834 881 1899 inutile
939 1854 1085 1898 esse
1139 1833 1221 1899 ad
1284 1832 1695 1916 spiritualem
1750 1833 1878 1897 Dei
1931 1833 2278 1908 iustitiam,
2349 1831 2478 1895 nisi

517 1919 653 1986 Dei
697 1919 913 2002 gratia
955 1921 1027 1983 in
1075 1918 1312 1983 bonum
1360 1919 1705 2003 dirigatur:
1754 1917 2010 1993 deinde,
2067 1917 2476 1982 voluntatem

521 2005 810 2070 hominis
873 2025 993 2088 per
1054 2025 1124 2068 se
1182 2005 1424 2069 malam
1478 2023 1650 2069 esse:
1722 2005 2144 2069 conversione
2198 2023 2354 2086 ergo
2410 2010 2480 2066 et

521 2091 938 2173 reparatione
983 2110 1148 2173 opus
1182 2111 1346 2168 esse,
1389 2097 1466 2154 ut
1507 2090 1677 2156 bona
1720 2109 1862 2155 esse
1905 2088 2208 2171 incipiat:
2263 2088 2478 2171 ipsam

522 2195 682 2240 vero
735 2175 1050 2259 gratiam,
1107 2196 1241 2240 non
1298 2177 1814 2240 instrumentum
1868 2173 2063 2239 modo
2119 2195 2294 2252 esse,
2348 2193 2478 2255 quo

523 2261 872 2326 adiuvetur
934 2262 1162 2338 80180,
1231 2261 1288 2326 81
1345 2261 1441 2325 1111
1508 2282 1781 2326 18888111
1844 2261 2181 2345 porrigere
2246 2259 2478 2325 libeat:

521 2347 644 2411 hoc
695 2354 828 2423 est,
885 2366 1020 2410 non
1079 2354 1342 2411 tantum
1400 2347 1639 2412 offerre
1701 2346 2081 2412 facultatem
2124 2342 2482 2428 recipiendi

519 2431 632 2497 vel
685 2432 1044 2513 respuendi
1096 2432 1329 2497 relicta
1382 2433 1678 2515 optione,
1744 2429 1861 2495 sed
1904 2437 2192 2495 mentem
2241 2430 2480 2514 guber-

519 2537 716 2595 nare,
776 2516 860 2582 ad
910 2516 991 2581 eli
1043 2516 1287 2581 endum
1345 2515 1519 2599 quod
1564 2523 1822 2581 rectum
1872 2525 2001 2595 est,
2070 2516 2477 2580 voluntatem

518 2622 776 2685 quoque
834 2600 917 2666 ad
970 2622 1009 2666 0
1056 2600 1558 2684 temperandum
1611 2621 1879 2666 movere
1934 2601 2286 2667 efficaciter
2301 2652 2316 2678 ,
2372 2621 2477 2665 co·

519 2695 755 2752 natum
792 2686 1077 2752 excitare
1120 2694 1187 2750 et
1228 2706 1635 2770 promovere,
1683 2686 1768 2751 ad
1810 2686 2026 2768 ipsum
2071 2706 2280 2769 usque
2325 2706 2478 2768 ope-

517 2774 613 2838 ris
656 2771 1233 2854 complementum.
1308 2769 1584 2849 Deinde,
1630 2791 1767 2836 non
1809 2772 2130 2849 sufficere,
2174 2773 2230 2837 si
2274 2770 2478 2836 semel

517 2858 590 2922 in
632 2856 969 2921 hominem
1003 2855 1239 2921 collata
1272 2857 1487 2934 fuerit,
1532 2857 1666 2922 nisi
1695 2865 2010 2939 perpetuo
2054 2865 2281 2922 tenore
2324 2877 2476 2922 eum

521 2949 975 3024 prosequatur.
1075 2939 1255 3021 Quid
1310 2952 1534 3006 autem
1586 2942 2044 3025 Augustinus?
2147 2942 2293 3008 Iam
2331 2943 2475 3025 qui-

524 3026 675 3090 dem
717 3025 930 3090 multa
973 3026 1336 3105 retulimus,
1381 3028 1573 3110 plura
1615 3048 1871 3110 quoque
1913 3029 2189 3111 posthac
2231 3028 2477 3093 referre

523 3132 761 3195 operae
803 3111 1087 3193 pretium
1134 3113 1290 3177 erit:
1351 3120 1428 3179 ut
1483 3122 1706 3177 tamen
1749 3112 1830 3176 ab
1885 3113 2000 3177 illa
2044 3112 2476 3179 admiratione

521 3196 865 3279 paululum
909 3218 978 3260 se
1018 3197 1356 3280 recolligat
1398 3198 1711 3282 Pighius,
1768 3220 1852 3262 ex
1876 3201 2028 3264 'uno
2073 3200 2215 3264 loco
2259 3199 2475 3263 brevi-

521 3297 626 3348 ter
681 3281 789 3346 hic
846 3280 1071 3347 audiat
1128 3283 1291 3347 nihil
1354 3284 1477 3349 sibi
1534 3284 1779 3348 mirum
1823 3284 2065 3362 videri,
2122 3285 2293 3368 quod
2339 3304 2475 3348 808

521 3368 636 3433 1118
679 3368 999 3451 suffragio
1044 3389 1165 3433 suo
1209 3367 1600 3452 comprobet.
1689 3367 1825 3435 Sed
1869 3370 2192 3447 laborant,
2238 3370 2471 3452 inquit,

520 3452 851 3533 homines,
919 3454 988 3517 in
1053 3463 1279 3519 nostra
1331 3455 1668 3521 voluntate
1723 3455 2052 3535 invenire,
2108 3455 2267 3538 quid
2319 3456 2474 3520 boni

520 3541 608 3604 sit
649 3549 979 3616 nostrum,
1022 3536 1195 3621 quod
1237 3562 1370 3605 non
1414 3541 1501 3605 sit
1541 3561 1626 3605 ex
1667 3541 1841 3606 Deo:
1899 3555 1966 3606 et
2004 3541 2328 3625 quomodo
2370 3542 2473 3605 in-

519 3624 733 3690 veniri
788 3625 1024 3707 possit,
1077 3625 1328 3709 ignoro.
1417 3625 1646 3691 Ratio:
1699 3647 1855 3691 nam
1912 3628 1970 3692 si
2022 3627 2212 3693 nobis
2265 3626 2474 3692 libera

520 3707 844 3792 quaedam
898 3708 1203 3776 voluntas
1258 3732 1342 3775 ex
1396 3711 1541 3776 Deo
1593 3720 1722 3788 est,
1779 3732 1947 3795 quae
1991 3712 2207 3778 adhuc
2257 3720 2476 3794 potest

518 3816 664 3862 8888
719 3794 824 3860 vel
875 3794 1077 3872 bona,
1147 3796 1254 3861 vel
1298 3796 1501 3874 mala,
1558 3798 1731 3863 bona
1771 3805 1994 3863 autem
2036 3796 2343 3862 voluntas
2385 3818 2472 3862 ex

516 3881 708 3947 nobis
763 3886 887 3944 est:
956 3885 1103 3960 [pag.
1148 3895 1174 3943 1
1193 3886 1296 3960 10]
1353 3881 1591 3946 melius
1641 3889 1745 3947 est
1808 3882 1879 3947 id
1930 3881 2132 3966 quod-
2168 3902 2209 3946 a
2260 3882 2467 3961 nobis,

517 3987 716 4049 quam
755 3964 926 4047 quod
952 3966 1033 4031 ab
1068 3966 1180 4030 illo
1215 3965 1551 4032 habemus.
1612 3970 1708 4033 At
1728 3977 1927 4051 negat
1951 3968 2391 4051 Augustinus,
2418 3966 2469 4050 ¹)

514 4065 651 4116 tam
696 4051 980 4136 gratiam
1026 4051 1169 4116 sine
1213 4051 1420 4116 libero
1465 4053 1756 4130 arbitrio,
1801 4074 1999 4136 quam
2039 4053 2320 4119 liberum
2363 4074 2470 4117 ar-

513 4136 785 4202 bitrium
830 4137 972 4202 sine
1015 4138 1234 4220 gratia
1275 4136 1594 4202 sufficere.
1683 4139 1957 4218 Fateor,
2003 4139 2120 4205 sed
2164 4160 2298 4204 808
2343 4139 2470 4205 8110

515 4243 732 4302 88888,
778 4222 908 4287 8181
939 4231 1028 4287 -88
1060 4223 1284 4287 Deum
1324 4224 1398 4286 in
1443 4223 1726 4301 homine,
1771 4244 1904 4289 non
1939 4226 2109 4290 sicut
2142 4225 2212 4288 in
2254 4223 2471 4307 lapide

512 4309 774 4393 operari
817 4308 1177 4392 significet:
1222 4307 1482 4391 quando
1524 4309 1594 4373 in
1629 4330 1705 4374 eo
1739 4310 1829 4375 sit
1862 4309 2190 4388 voluntas,
2228 4309 2313 4375 ad
2351 4330 2470 4375 vo-

513 4392 785 4459 lendum
830 4403 986 4460 nata
1029 4404 1096 4458 et
1139 4391 1473 4477 disposita,
1521 4405 1598 4458 ut
1639 4394 2029 4478 loquuntur:
2076 4395 2193 4461 sed
2236 4396 2470 4461 volun-

445 4491 454 4500 ·
518 4487 741 4557 tatem,
787 4499 954 4563 quae
996 4489 1273 4545 naturae
1321 4479 1479 4545 vitio
1521 4500 1730 4563 prava
1771 4481 1860 4545 sit
1901 4490 1969 4545 et
2012 4487 2339 4560 contorta,
2401 4483 2470 4545 in

516 4562 760 4626 bonum
799 4562 1137 4644 flectendo,
1182 4566 1424 4631 bonam
1468 4564 1757 4632 reddere.
1812 4565 2103 4631 Perinde
2146 4586 2305 4650 ergo
2349 4575 2470 4644 est,

522 4667 598 4712 80
655 4649 710 4711 si
768 4647 1041 4728 diceret,
1090 4652 1253 4716 bene
1297 4649 1469 4717 velle
1511 4671 1645 4717 non
1688 4672 1879 4734 posse
1922 4651 2286 4731 hominem,
2344 4652 2474 4717 8181

521 4739 676 4796 aute
742 4733 814 4795 in
879 4753 957 4797 eo
1022 4736 1109 4799 sit
1172 4735 1506 4813 voluntas,
1575 4758 1779 4820 eaque
1845 4747 2225 4821 spontanea.
2321 4739 2470 4805 Hoc

518 4838 724 4901 quum
768 4839 808 4881 a
850 4824 1087 4883 natura
1135 4820 1400 4898 habeat,
1445 4821 1614 4886 illud
1654 4843 1694 4888 a
1733 4823 1975 4907 gratia,
2031 4825 2269 4889 merito
2315 4824 2474 4890 dicit

519 4904 959 4987 Augustinus,
1005 4904 1146 4969 sine
1179 4903 1381 4970 libero
1416 4906 1684 4974 arbitrio
1718 4929 1853 4974 uon
1889 4930 2033 4974 esse
2066 4910 2282 4975 locum
2320 4931 2472 4993 gra-

522 4989 670 5052 tiae.
777 4986 958 5068 Quid
1013 4991 1189 5054 enim
1249 4990 1465 5055 valeat
1518 4993 1691 5074 apud
1749 5015 1899 5060 eum
1964 4995 2154 5061 liberi
2216 4995 2473 5060 arbitrii

660 5261 718 5326 1)
759 5262 874 5318 Lib.
909 5260 961 5314 2.
1001 5261 1067 5316 de
1105 5269 1448 5330 pcccatorum
1483 5264 1687 5319 meritis
1722 5266 2141 5322 eta-emissione.

2582 633 2765 712 velis,
2811 635 2905 699 sic
2946 631 3144 698 habe:
3189 635 3403 698 instar
3444 633 3761 698 materiae
3805 654 3948 698 esse
4001 635 4072 697 in
4118 634 4382 699 homine
4425 656 4545 699 vo-

2580 718 2935 797 luntatem,
3002 739 3168 802 quae
3227 719 3482 802 gratiae
3525 718 3885 800 operationi
3941 719 4235 785 subiecta
4292 720 4408 796 sit,
4468 729 4547 784 ut

2582 806 2664 870 ab
2709 825 2789 869 ea
2828 805 3105 869 formam
3150 805 3442 888 accipiat.
3532 804 3640 868 Ita
3678 804 4110 883 voluntatem,
4156 826 4309 871 cum
4345 826 4546 889 spon-

2581 898 2777 955 taneo
2830 898 3042 968 motu,
3096 891 3395 973 sequitur
3447 910 3487 953 a
3536 896 3779 954 natura
3830 911 4003 969 esse,
4077 890 4401 955 malitiam
4458 912 4545 956 ex

2582 982 2862 1041 naturae
2920 977 3340 1057 corruptione
3402 995 3732 1054 manasse,
3803 976 4164 1041 bonitatem
4223 998 4261 1040 a
4327 978 4547 1060 gratia

2582 1063 2852 1143 spiritus
2896 1062 3104 1127 sancti
3148 1061 3501 1144 proficisci,
3560 1062 3779 1143 itaque
3822 1063 4164 1145 proprium
4209 1082 4353 1126 esse
4398 1062 4546 1126 eius

2580 1166 2618 1209 o
2664 1169 2759 1212 us.

2619 1169 2661 1229 p
2755 1230 2942 1312 Quae
2998 1238 3364 1314 sequuntur
3442 1230 3617 1314 apud
3680 1232 4024 1315 Pighium‚
4094 1233 4546 1298 tumultuosae

2581 1330 2738 1383 8888
2779 1318 3146 1400 phrenetici
3189 1318 3474 1382 hominis
3516 1337 3730 1383 voces.
3798 1316 4130 1398 Quoniam
4165 1328 4365 1402 negat
4399 1320 4546 1384 Au-

2583 1405 2905 1486 gustinus,
2953 1422 3032 1466 ea
3074 1424 3144 1468 se
3190 1403 3504 1468 damnare
3548 1402 3736 1467 liberi
3791 1403 4051 1468 arbitrii
4093 1423 4324 1486 opera,
4371 1425 4546 1486 quae

2583 1498 2659 1552 ut
2691 1490 2875 1567 fiant,
2912 1498 3393 1573 praeparantur
3427 1509 3544 1571 per
3579 1488 3830 1571 gratiae
3864 1497 4319 1570 praeventum,
4358 1489 4545 1554 nullo

2580 1573 2769 1639 liberi
2792 1575 3048 1640 arbitrii
3080 1575 3332 1650 meritc,
3371 1594 3574 1656 eaque
3609 1575 3902 1652 faciente,
3939 1574 4364 1656 gubernante,
4390 1596 4548 1658 per-

2580 1661 2842 1725 ficiente
2899 1661 3097 1737 fiunt,
3155 1660 3431 1725 insultat
3484 1658 3590 1724 hic
3646 1661 3831 1741 quasi
3885 1661 4128 1738 victor,
4191 1671 4257 1723 et
4299 1681 4545 1739 meam,

2583 1754 2727 1809 tum
2771 1745 3138 1823 stultitiam,
3185 1754 3330 1809 tum
3371 1746 3806 1827 pervicaciam
3850 1745 4147 1828 increpat
4163 1798 4176 1822 ,
4222 1746 4394 1828 quod
4439 1748 4543 1811 ni-

2582 1830 2680 1894 hil
2735 1828 3118 1896 discernam.
3229 1831 3463 1914 Egone
3515 1830 3690 1895 hunc
3744 1829 4203 1912 phreneticum
4260 1852 4396 1896 non
4442 1831 4545 1895 di·-

2583 1937 2757 1995 cam,
2815 1917 2928 1999 qui
2983 1923 3165 1981 recta
3219 1916 3524 1998 iugulum
3577 1937 3765 1980 suum
3824 1916 4018 1998 petit,
4076 1915 4232 1980 dum
4282 1917 4545 1982 hostem

2582 2003 2779 2066 ferire
2823 2022 2893 2068 se
2938 1999 3169 2084 putat?
3257 2001 3487 2066 Liberi
3532 2000 3791 2066 arbitrii
3826 2006 4084 2078 nomen,
4130 2000 4212 2066 de
4254 2023 4384 2085 quo
4426 2024 4539 2067 su-

2581 2107 2908 2170 pervacua
2961 2087 3299 2152 altercatio
3354 2095 3560 2162 esset,
3616 2088 4013 2151 omittamus.
4112 2087 4216 2152 Ea
4271 2087 4541 2153 demum

2582 2174 2755 2239 bona
2797 2192 2995 2255 opera
3046 2182 3112 2235 et
3165 2171 3359 2237 laude
3403 2172 3604 2255 digna
3655 2174 4048 2254 pronunciat
4106 2175 4538 2258 Augustinus,

2582 2279 2749 2341 quae
2793 2259 2923 2323 Dei
2967 2258 3224 2340 spiritu,
3270 2268 3343 2321 ut
3378 2259 3560 2334 fiant,
3606 2268 4106 2340 praeparantur,
4152 2259 4350 2341 idque
4391 2261 4541 2324 fieri

2583 2345 2833 2429 gratiae
2875 2353 3270 2426 praeventu,
3314 2342 3499 2407 nullo
3542 2343 3902 2408 voluntatis
3944 2344 4196 2407 merito.
4288 2343 4365 2409 Si
4408 2345 4541 2409 Dei

2584 2432 2797 2514 gratia
2854 2429 3280 2513 praevenitur
3340 2437 3571 2493 nostra
3612 2428 3951 2508 voluntas,
4011 2428 4194 2493 nullo
4235 2451 4352 2494 suo
4396 2450 4537 2494 me·

2583 2517 2730 2594 rito,
2776 2515 2885 2580 ubi
2929 2515 3142 2580 bonus
3183 2524 3402 2578 motus
3446 2522 3514 2579 et
3545 2514 3977 2596 praeparatiO,
4023 2534 4217 2595 quam
4254 2516 4540 2599 Pighius

2583 2599 3142 2667 comminiscitur?
3245 2598 3322 2664 Si
3378 2600 3566 2679 facit,
3610 2600 3961 2682 gubernat,
4006 2601 4264 2683 perficit
4306 2601 4539 2666 eadem

2584 2687 2798 2772 gratia
2853 2686 2921 2750 in
2981 2684 3197 2763 nobis,
3269 2689 3419 2763 [pag.
3464 2690 3608 2764 111]
3666 2683 3982 2767 quidquid
4047 2697 4149 2751 est
4216 2685 4539 2752 bonorum

2582 2793 2887 2855 operum,
2945 2769 3101 2854 quid
3166 2769 3380 2836 adhuc
3439 2769 3821 2853 litigamus?
3923 2771 4200 2835 Intonat
4252 2771 4543 2855 Pighius

2582 2858 2868 2924 clamosa
2918 2876 3110 2933 voce,
3168 2865 3243 2919 ut
3297 2854 3419 2921 hoc
3470 2853 3750 2920 audiam.
3840 2856 3988 2939 Ego
4043 2877 4203 2921 vero
4254 2856 4543 2923 libenter

2584 2956 2652 3007 et
2693 2941 2917 3021 audio,
2978 2953 3047 3005 et
3099 2942 3425 3024 profiteor.
3516 2943 3611 3005 At
3653 2940 3841 3005 liberi
3881 2942 4138 3006 arbitrii
4181 2963 4322 3007 esse
4365 2941 4543 3008 bona

2582 3048 2783 3112 opera
2848 3028 3088 3093 asserit
3140 3027 3582 3110 Augustinus:
3641 3024 3812 3108 quod
3876 3047 4214 3111 negamus.
4301 3028 4541 3111 Egone

2580 3114 2952 3179 voluntaria
3016 3132 3159 3177 esse
3212 3110 3384 3176 bona
3441 3132 3641 3193 opera
3695 3133 3993 3194 unquam
4062 3113 4338 3197 negavi?
4442 3118 4541 3178 At
4646 3175 4661 3187 ,

2579 3200 2797 3265 nullas
2853 3199 3058 3264 libero
3115 3196 3383 3262 arbitrio
3441 3206 3661 3278 partes
3717 3199 3785 3261 18
3845 3197 4030 3262 80818
4073 3198 4377 3281 operibus
4417 3202 4541 3263 tri-

2582 3285 2727 3351 buo.
2819 3284 3051 3349 Nullas
3107 3303 3293 3361 sane,
3354 3283 3482 3347 nisi
3526 3292 3603 3347 ut
3644 3291 3829 3367 agat,
3877 3284 4033 3348 dum
4080 3285 4333 3368 agitur,
4381 3288 4543 3366 quia

2579 3392 2698 3453 per
2742 3392 2811 3436 se
2871 3369 3039 3434 nihil
3092 3377 3341 3451 potest:
3400 3367 3576 3450 quod
3631 3370 3687 3433 si
3732 3370 4095 3453 Augustini
4134 3369 4355 3436 verbis
4400 3392 4540 3436 non

2580 3465 2682 3521 est
2725 3455 3263 3530 consentaneum,
3310 3472 3522 3535 neque
3567 3475 3767 3519 ovum
3810 3475 3936 3519 ovo
3980 3455 4197 3520 simile
4240 3469 4358 3520 est.
4442 3457 4541 3521 At

2579 3542 2991 3625 Augustinus
3022 3548 3283 3605 sanctos
3320 3538 3508 3604 bonis
3532 3539 3839 3622 operibus
3866 3551 4123 3606 censet:
4169 3561 4289 3639 ego
4318 3562 4538 3624 opera,

2577 3626 3054 3710 qualiacunque
3095 3626 3259 3704 sint,
3312 3623 3474 3690 adeo
3518 3625 3602 3690 ad
3645 3624 4165 3709 consequendam
4208 3627 4537 3693 iustitiam

2576 3712 2802 3777 valere
2869 3732 3069 3796 nego,
3134 3720 3212 3775 ut
3268 3710 3472 3792 impia
3529 3711 3690 3790 sint,
3747 3712 3803 3775 si
3861 3711 4039 3778 hunc
4096 3711 4384 3777 habeant
4427 3734 4537 3777 re-

2576 3805 2893 3881 spectum.
2992 3795 3387 3878 Respondeo
3403 3847 3417 3872 ,
3474 3795 3629 3861 huic
3695 3796 4149 3879 disceptationi
4205 3818 4337 3863 non
4383 3818 4537 3864 esse

2575 3903 2758 3948 nunc
2811 3883 3056 3947 locum:
3111 3879 3287 3946 unde
3342 3881 3643 3946 homines
3694 3882 4042 3961 iustitiam,
4100 3902 4320 3947 coram
4352 3877 4535 3962 Deo,

2576 3974 3077 4051 consequantur.
3180 3966 3377 4047 Quod
3431 3974 3652 4031 autem
3707 3966 3791 4032 ad
3852 3978 4265 4050 praesentem
4331 3989 4540 4051 quae—

2577 4054 2879 4120 stionem·
2910 4053 3176 4131 attinet,
3230 4072 3496 4135 prorsus
3558 4052 3896 4119 nobiscum
3940 4053 4104 4118 illud
4146 4055 4354 4118 sancti
4394 4055 4539 4119 viri

2577 4140 2852 4205 verbum
2896 4139 3069 4203 facit.
3161 4137 3333 4202 Nam
3377 4138 3628 4220 quoties
3673 4139 4028 4222 gratuitam
4066 4159 4210 4204 esse
4246 4140 4540 4206 hominis

2576 4225 2899 4290 iustitiam
2954 4224 3231 4307 probare
3286 4223 3460 4300 vult,
3518 4222 3690 4289 11880
3744 4224 4066 4289 rationem
4122 4224 4399 4290 subinde
4456 4226 4537 4290 in

2576 4329 2689 4374 ore
2733 4311 2958 4375 habet:
3004 4331 3126 4378 808
3171 4309 3300 4373 Dei
3344 4309 3630 4374 iustitiae
3673 4308 3967 4389 obedire,
4014 4330 4150 4374 non
4194 4331 4313 4393 per
4364 4310 4537 4376 libe-

2575 4417 2725 4460 rum
2780 4395 3157 4472 arbitrium,
3224 4393 3398 4476 quod
3441 4405 3672 4459 natum
3715 4405 3818 4459 est
3857 4395 3929 4460 iu
3972 4395 4161 4461 nobis
4178 4445 4193 4472 ‚
4252 4396 4367 4461 sed
4410 4418 4541 4479 per

2577 4481 2884 4563 spiritum
2926 4490 3247 4559 sanctum,
3294 4481 3403 4562 qui
3449 4480 3644 4544 datus
3688 4489 3789 4545 est
3829 4480 4036 4545 nobis.

2748 4565 2895 4631 Iam
2941 4566 3023 4631 ad
3056 4567 3328 4631 tertium
3365 4564 3664 4630 ordinem
3700 4585 3975 4648 operum
4010 4566 4367 4651 Augustini
4407 4587 4543 4633 nos

2577 4659 2769 4718 vocat
2799 4650 3108 4736 Pighius:
3156 4670 3284 4735 quo
3328 4659 3550 4716 tamen
3586 4657 3939 4734 antequam
3962 4651 4203 4731 veniat,
4240 4672 4542 4736 8888888

2578 4737 2703 4804 8181
2747 4737 2957 4817 08818,
3023 4738 3211 4821 quasi
3252 4738 3386 4802 iam
3426 4744 3616 4819 parto
3670 4737 4033 4820 triumph03
4092 4759 4214 4803 880
4271 4737 4403 4802 8118
4446 4737 4543 4805 de

2579 4844 2775 4889 08888
2828 4831 3083 4889 certare
3145 4843 3217 4888 se
3282 4821 3496 4887 adhuc
3557 4822 3837 4901 fatetur,
3896 4822 4027 4888 nisi
4083 4831 4159 4887 ut
4208 4823 4545 4907 promisso

2578 4910 2953 4976 satisfaciat.
3054 4908 3167 4974 Sic
3219 4909 3387 4974 forte
3431 4908 3553 4973 sibi
3598 4915 4042 4991 persuaserat,
4103 4928 4306 4990 quum
4348 4908 4546 4976 solus

2578 5016 2715 5072 sua,
2762 4995 2905 5059 sine
2948 4994 3220 5060 alterius
3262 5015 3544 5060 censura
3584 5001 3653 5059 et
3703 4992 4301 5073 animadversione,
4345 4993 4547 5077 lege-

2577 5090 2697 5145 ret.
2795 5080 2992 5145 Nunc
3047 5080 3163 5145 ubi
3214 5089 3445 5145 nostra
3497 5079 3765 5163 legerit,
3810 5089 4148 5163 agnoscet,
4194 5087 4272 5144 ut
4312 5099 4543 5162 spero,

2578 5186 2651 5232 se
2713 5164 3051 5246 plausum⁸
3074 5164 3274 5229 nimis
3316 5166 3614 5248 ineptum
3659 5184 3734 5230 80
3776 5165 4196 5248 praecipitem
4240 5164 4366 5229 sibi
4412 5164 4547 5230 de-

2581 5250 2771 5315 disse.
2873 5249 3140 5332 Allegat
3191 5271 3275 5313 ex
3330 5249 3617 5316 secundo
3686 5249 3771 5314 ad
3822 5248 4282 5315 Marcellinum
4336 5250 4519 5316 libro
