4967 5992
349 384 421 446 53
1671 373 2333 445 GATEOEJSMUS
2376 374 2992 444 GENEVENSIS.
4259 378 4343 441 54

1173 566 1439 619 L’ssuranw.

502 632 618 699 Du
671 643 1232 701 commencement
1285 634 1338 699 il
1385 635 1506 701 fait
1561 654 1810 701 comme
1853 655 1984 699 une
2025 635 2283 716 preface

347 744 451 790 sur
499 726 685 785 toute
738 720 804 785 la
856 721 1022 805 Loy.
1111 719 1246 786 Gar
1295 720 1345 784 il
1411 743 1444 786 6
1446 719 1753 786 'attribue
1819 720 2147 786 authorite
2202 718 2285 785 de

346 805 772 885 commander,
819 827 890 872 se
931 815 1278 872 nommant
1319 806 1670 884 l’‚Eternel
1725 812 1792 871 et
1833 804 2155 872 Oreateur
2198 805 2288 870 du

344 892 590 960 monde.
678 894 894 975 Apres
946 891 999 955 il
1058 914 1127 957 se
1194 891 1291 957 dit
1353 900 1578 958 nostre
1632 858 1835 971 15166,
1897 912 2067 975 6661·
2120 913 2287 957 6666

344 978 574 1045 rendre
642 998 715 1044 66
775 977 1066 1043 doctrine
1134 979 1429 1045 amiable.
1541 977 1675 1044 Oar
1732 999 1764 1042 s
1766 942 1835 1041 ’il'
1900 986 2000 1043 est
2063 983 2287 1043 nostre

345 1064 643 1133 Sauvem·
657 1116 672 1142 ,
740 1065 900 1131 c'est
963 1062 1115 1129 bien
1180 1066 1398 1130 raison
1452 1085 1579 1147 que
1643 1084 1807 1130 nous
1871 1064 1990 1149 luy
2046 1084 2286 1148 soyons

344 1151 570 1236 peuple
612 1150 957 1215 obeissant.

504 1408 682 1474 Mais
728 1427 800 1472 ce
844 1406 1002 1489 qu'il
1046 1357 1387 1490 ditmapres
1430 1379 1512 1472 (16
1563 1405 1632 1472 16
1687 1405 2059 1472 delivrance
2102 1403 2185 1469 de
2226 1404 2294 1470 la

344 1501 515 1559 terre
551 1492 894 1577 d’Egypte‚
941 1514 1026 1558 ne
1061 1492 1501 1559 s’addresse-il
1538 1513 1658 1576 pas
1690 1491 2294 1576 particulierement

346 1601 425 1645 au
464 1578 708 1663 666616
752 1577 1023 1644 (1’161·661
1038 1577 1071 1641 ⁴?

1185 1767 1453 1821 Issm‘l'

512 1833 592 1902 Si
636 1835 756 1902 fait
792 1834 963 1914 bien,
1011 1834 1201 1901 selon·
1234 1835 1299 1900 le
1338 1833 1812 1918 661-66111616
1864 1834 1911 1898 il
1967 1854 2135 1901 nous
2180 1854 2295 1917 ap-

344 1922 630 2075 {eruent
683 1922 860 1986 aussi
914 1921 1402 2005 generalement
1444 1929 1486 1986 a
1529 1926 1708 1999 tous,
1764 1926 1996 1986 entant
2049 1941 2138 2005 qu
2137 1919 2200 1984 ’il
2258 1940 2299 1984 a

423 2008 472 2073 11
640 2027 765 2073 noz
809 2028 989 2072 ames
1034 2004 1115 2071 de
1156 2006 1224 2072 16
1263 2008 1575 2090 eaptivite
1630 2005 1991 2089 spirituelle
2049 2006 2130 2072 de
2182 2027 2297 2090 pe-

349 2094 480 2173 che,
528 2100 599 2159 et
642 2092 722 2158 de
764 2093 832 2158 la
875 2093 1157 2158 tirannio
1202 2090 1291 2158 du
1335 2092 1591 2159 Diable.

1140 2214 1206 2249 m
1239 2214 1498 2250 111(anss-

511 2264 871 2348 Pourquoy
914 2264 1073 2328 fait·
1085 2263 1135 2328 il
1189 2265 1486 2329 mention·
1529 2262 1611 2329 de
1654 2263 1797 2330 cela
1839 2285 1925 2329 au
1967 2283 2299 2329 commen-

344 2355 603 2416 cement
646 2347 728 2416 (16
768 2370 841 2416 66
880 2348 1075 2433 Loy?

1188 2471 1221 2505 L
1223 2451 1456 2505 ’m

518 2520 594 2588 0⁹
599 2528 701 2587 est
732 2541 902 2604 pour
922 2541 1089 2586 nous
1123 2519 1588 2586 admonnester
1607 2521 1905 2586 combien
1926 2541 2092 2585 nous
2126 2540 2300 2584 som-

338 2627 484 2672 1666
526 2613 720 2672 tenuz
767 2606 847 2671 de
892 2627 1139 2690 suyvre
1184 2627 1305 2672 son
1347 2607 1478 2672 bon
1522 2606 1780 2689 plaisir,
1836 2612 1903 2672 61
1940 2605 2154 2689 666116
2198 2606 2300 2670 in-

338 2690 676 2777 gratitudo
721 2713 793 2757 ce
836 2692 1040 2757 seroit
1081 2691 1163 2757 de
1204 2692 1368 2757 faire
1413 2690 1500 2756 du
1544 2692 1892 2759 contraire.

1137 2813 1204 2848 m
1237 2813 1496 2849 mm

511 2864 612 2929 Et
646 2867 960 2946 qu'est·ce
995 2863 1151 2946 qu’il
1195 2865 1484 2947 requiert
1520 2885 1605 2929 en
1640 2885 1889 2931 somme
1923 2885 2009 2930 66
2044 2883 2118 2930 66
2152 2883 2301 2947 pre-

337 2949 507 3015 mier
552 2947 1165 3015 commandement?

1189 3070 1221 3104 1.
1223 3051 1457 3106 ’m'

512 3125 637 3200 [fol.
678 3124 785 3199 26]
849 3117 1000 3201 Que
1065 3134 1233 3186 nous
1293 3120 1412 3221 luy
1466 3120 1839 3189 reservions
1894 3129 1936 3188 a
1987 3121 2104 3207 luy
2159 3120 2302 3187 seul

336 3206 698 3273 l'h'onneur
751 3205 867 3290 qui
930 3205 1047 3291 luy
1100 3207 1497 3289 appartient,
1565 3229 1720 3274 6666
1775 3208 1838 3273 16
1891 3213 2303 3292 transporter

334 3293 632 3359 ailleurs.

1138 3412 1207 3447 m
1241 3413 1501 3449 nmmum.

509 3463 692 3547 Quel
734 3461 1038 3528 honneur
1082 3468 1288 3530 est-ce
1327 3464 1438 3545 qui
1481 3464 1601 3549 luy
1645 3470 1748 3531 est
1788 3463 2073 3549 propre?

1190 3651 1457 3705 L’mAuT.

509 3720 623 3785 De
680 3719 962 3787 l’adorer
1014 3720 1083 3784 lu
1174 3720 1348 3799 seul,
1402 3720 1793 3804 l’invoquer,
1853 3723 2037 3790 avoir
2078 3728 2301 3790 nostre

324 3808 547 3874 fiance
594 3828 676 3872 en
719 3806 865 3891 luy:
912 3814 979 3872 et
1020 3814 1088 3871 te
1141 3827 1211 3871 es
1255 3806 1484 3872 choses
1529 3807 1947 3889 semblables,
1996 3810 2107 3892 qui
2150 3815 2302 3875 sont

330 3893 702 3959 attribuees
748 3899 791 3957 a
831 3913 905 3984 sa
947 3892 1241 3958 Maieste.

1140 4013 1206 4048 u:
1241 4013 1500 4051 ΕΠΙῙΒΤΒΕ,

506 4066 868 4149 Pom-quoy
915 4062 1119 4149 dit-il:
1167 4061 1414 4128 devant
1455 4084 1564 4128 ma
1606 4063 1790 4131 face?

1189 4270 1220 4303 1.
1223 4251 1456 4305 ’.mffl'l’

509 4320 601 4385 D’
607 4325 841 4385 autaut
905 4339 992 4401 qu
993 4318 1062 4382 ’11
1117 4319 1256 4384 voit
1312 4328 1381 4385 et
1434 4341 1554 4387 con
1651 4321 1776 4386 6161
1832 4325 2004 4401 1661,
2072 4327 2137 4386 61
2202 4329 2304 4388 661

320 4405 506 4491 luge
555 4403 670 4470 des
714 4412 1026 4470 secret-tes
1082 4414 1357 4487 pensees
1401 4405 1513 4471 (166
1613 4427 1886 4472 ommes:
1942 4406 1994 4471 il
2045 4408 2303 4492 signifie

321 4512 458 4574 que
507 4511 651 4555 non
685 4490 1047 4556 seulement
1078 4511 1200 4574 par
1234 4492 1597 4557 confession
1635 4493 2002 4559 exterieure
2036 4494 2084 4558 il
2121 4494 2303 4559 veult

320 4584 515 4644 estre
577 4576 827 4641 advoue
879 4573 1089 4641 Dieu:
1139 4578 1306 4643 mais
1362 4578 1539 4643 aussi
1592 4598 1678 4643 en
1730 4599 1895 4661 pure
1937 4580 2175 4660 verite,
2233 4586 2301 4646 et

321 4663 648 4729 affection
693 4661 774 4727 de
817 4684 1035 4728 cueur.

1104 4784 1170 4818 u
1204 4783 1461 4819 murem.
1479 4766 1524 4832 ι)

510 4832 638 4919 Dy
677 4833 742 4898 le
785 4833 1026 4901 second
1070 4833 1676 4900 Commandement.

3289 583 3439 619 rum.

2556 633 2760 699 Initio
2816 632 3102 717 quadam
3155 633 3368 699 veluti
3422 633 3823 717 praefatione
3874 633 4087 698 utitur
4126 634 4201 698 in
4243 639 4347 698 to-

2384 725 2525 787 tam
2544 719 2777 804 legem.
2823 720 2999 785 Nam
3024 740 3227 803 quum
3260 719 3581 785 Iehovam
3617 741 3688 785 66
3722 719 4039 797 66161661,
4076 720 4184 784 166
4218 718 4346 786 sibi

2386 805 2699 875 vendicat
2741 812 2809 870 et
2850 806 3271 871 autoritatem
3319 804 3604 871 iubendi.
3692 803 3982 884 Deinde,
4029 825 4158 889 quo
4212 803 4348 889 legi

2390 912 2547 959 suae
2600 891 2884 975 gratiam
2930 890 3103 973 apud
3159 912 3281 957 nos
3340 891 3667 970 conciliet,
3728 890 3941 970 addit,
4000 912 4072 957 se
4126 890 4350 956 Deum

2392 999 2535 1043 6666
2579 983 2899 1042 nostrum.
2987 976 3276 1043 Perinde
3318 977 3496 1047 enim
3533 976 3759 1042 valent
3802 977 3966 1043 haec
4005 975 4224 1056 verba,
4272 996 4348 1041 ae

2392 1065 2450 1129 61
2496 1068 2901 1129 servatorem
2944 1068 3246 1127 nostrum
3290 1083 3361 1129 se
3403 1071 3687 1129 vocaret.
3777 1063 3926 1128 Hoc
3969 1070 4192 1128 autem
4233 1061 4350 1161 116-

2391 1150 2627 1215 neficio
2664 1169 2869 1232 quum
2910 1169 3032 1214 nos
3070 1146 3396 1233 dignatur,
3403 1152 3473 1231 ²)
3512 1170 3635 1232 par
3678 1155 3793 1228 est,
3838 1156 3916 1213 ut
3947 1169 4068 1214 nos
4110 1147 4208 1213 illi
4250 1147 4351 1213 vi-

2394 1236 2613 1301 cissim
2651 1232 3081 1300 exhibeamus
3123 1235 3196 1298 in
3229 1235 3546 1319 populum
3590 1235 4075 1318 obsequentem.

3244 1355 3503 1392 mm

2568 1405 2855 1484 Verum,
2916 1404 3089 1489 quod
3143 1406 3452 1471 continuo
3504 1405 3585 1471 de
3641 1405 4025 1472 liberatione
4069 1405 4351 1484 subiicit,

2398 1500 2467 1557 et
2508 1493 2718 1558 fracto
2771 1492 2927 1575 iugo
2949 1490 3309 1558 servitutis
3355 1492 3810 1577 aegyptiacae,
3867 1513 4091 1557 annon
4135 1490 4220 1557 ad
4262 1491 4353 1556 is-

2397 1578 2767 1643 raeliticum
2810 1577 3144 1662 populum,
3194 1581 3314 1657 [fol.
3356 1581 3463 1656 33]
3514 1585 3582 1643 61
3619 1599 3772 1642 6661
3814 1576 4075 1719 quidem
4119 1576 4351 1656 solum,

2397 1664 2819 1748 peculiariter
2862 1661 3160 1747 spectat?

2573 1836 2820 1900 Fateor
2874 1833 3049 1916 quod
3094 1833 3178 1899 ad
3222 1856 3476 1917 corpus.
3496 1834 3555 1919 Β)
3630 1834 3887 1899 Verum
3931 1842 4034 1901 est
4076 1834 4361 1899 alterum

2401 1920 2806 1987 liberationis
2850 1940 3092 2004 genus,
3145 1920 3321 2004 quod
3367 1922 3450 1987 ad
3503 1942 3730 1986 omnes
3784 1941 4107 2003 peraeque
4148 1920 4362 1985 homi-

2401 2029 2521 2074 nes
2552 2007 2859 2109 pertinet.
2948 2005 3089 2071 Nos
3134 2007 3311 2074 enim
3355 2027 3582 2072 omnes
3617 2028 3700 2072 ex
3744 2006 4071 2090 spirituali
4109 2005 4364 2141 peccati

2403 2094 2740 2172 servitute,
2786 2097 2853 2157 et
2897 2091 3139 2157 diaboli
3180 2091 3537 2176 tyrannide
3582 2093 3881 2159 asseruit.

2579 2262 2719 2330 Cur
2774 2265 2915 2328 eius
2969 2266 3066 2331 rei
3121 2214 3725 2346 ω6111α131ῗι66616
3781 2265 3851 2328 in
3906 2262 4122 2347 legem
4176 2285 4367 2330 suam

2404 2350 2690 2434 praefari
2726 2347 2971 2415 vellet?

2579 2522 2675 2588 Ut
2717 2540 2838 2586 nos
2909 2469 3477 2600 commonefasstffl‘,
3522 2540 3821 2586 summae
3862 2519 4363 2605 ingratitudinis

2405 2626 2552 2672 reos
2585 2607 2742 2686 fore,
2795 2607 2929 2673 nisi
2973 2613 3143 2671 totos
3177 2606 3279 2671 illi
3301 2627 3442 2695 ‘nos
3484 2606 3559 2670 in
3601 2606 3986 2690 obsequium
4029 2604 4362 2672 addixeri-

2405 2713 2573 2759 mus.
3256 2813 3516 2849 mmm

2581 2863 2760 2946 Quid
2802 2872 3024 2930 autem
3065 2864 3190 2930 1166
3233 2865 3448 2947 primo
3492 2862 3705 2946 capite
3749 2861 4001 2946 exigit?

2580 3120 2677 3188 Ut
2730 3141 2927 3186 suum
2979 3120 3080 3185 illi
3121 3120 3244 3185 soli
3306 3070 3622 3186 ffirem
3665 3122 3738 3186 in
3781 3118 4066 3187 solidum
4109 3141 4363 3189 assera-

2404 3226 2587 3273 mus:
2630 3228 2843 3289 neque
2879 3206 3086 3272 ullam
3129 3206 3269 3273 eius
3313 3214 3572 3290 partem
3612 3207 4088 3273 transferamus
4129 3208 4273 3273 alio.

2582 3461 2749 3545 Quis
2818 3463 3030 3529 honor
3093 3412 3518 3547 illiusugmgt
3580 3463 3883 3546 proprius
3898 3514 3914 3543 ,
3983 3482 4181 3546 quem
4233 3463 4362 3530 6116

2407 3549 2879 3616 transscribere
2923 3550 3011 3615 sit
3050 3548 3275 3615 nefas?

2579 3722 2755 3788 Eum
2812 3719 3113 3800 adorare,
3175 3670 3491 3787 6611616516
3522 3722 3617 3809 ⁴in
3657 3721 3801 3805 ipso
3857 3727 4154 3786 nostram
4185 3709 4364 3787 fidu-

2408 3808 2609 3888 ciam,
2665 3810 2973 3875 invocare
3029 3809 3278 3890 ipsum,
3337 3807 3439 3871 illi
3493 3806 3773 3890 denique
3825 3807 4047 3872 omnia
4089 3807 4360 3887 deferre,

2406 3915 2571 3978 quae
2615 3895 2688 3959 in
2731 3894 2870 3959 eius
2913 3892 3325 3958 maiestatem
3368 3899 3764 3978 competunt.

2451 4150 2464 4164 .
2580 4064 2917 4213 Qqursum
2958 4065 3121 4130 11666
3160 4014 3508 4147 661·Ἔέιῖῗῖ
3528 4064 3781 4131 6(116616
3824 4072 3926 4130 661
3939 4115 3955 4142 ,
4002 4085 4220 4129 coram
4263 4064 4359 4129 fiz-

2411 4171 2510 4216 616
2551 4172 2702 4216 mea

2581 4320 2806 4403 Quum
2851 4321 3018 4387 611111
3063 4328 3200 4386 1661
3243 4273 3652 4389 reconditum
3696 4320 3811 4397 sit,
3857 4319 4027 4402 quod
4072 4341 4222 4386 eum
4265 4322 4362 4387 la-

2406 4413 2576 4487 teat,
2622 4409 2832 4491 sitque
2868 4408 3276 4475 occultarum
3311 4408 3776 4492 cogitationum
3813 4407 4113 4490 cognitor
4149 4430 4224 4477 66
4258 4409 4364 4474 iu-

2408 4493 2563 4559 dex:
2606 4494 2950 4593 significat,
2934 4495 3188 4645 ,noneg
3225 4498 3546 4559 externae'
3563 4491 3755 4558 modo
3778 4493 4200 4559 confessionis
4242 4493 4362 4560 ho-

2406 4599 2634 4645 norem
2670 4579 3029 4663 requirere,
3069 4603 3101 4646 s
3219 4600 3444 4646 veram
3483 4599 3740 4662 quoque
3773 4579 4087 4662 pietatem
4126 4578 4359 4647 cordis.

3250 4786 3509 4821 mm

2577 4776 3021 4902 Transeamus
3065 4836 3148 4900 ad
3192 4835 3555 4902 secundum
3599 4843 3811 4920 66661.

658 5041 717 5103 1)
766 5038 844 5093 Le
890 5038 973 5095 23.
1011 5038 1306 5094 dimancho.
1354 5069 1419 5078 —
1466 5038 1545 5101 Le
1584 5039 1784 5095 second
1822 5038 2298 5094 commandement.
2335 5068 2400 5080 -
2436 5040 2549 5094 Des
2594 5040 2796 5109 images
2844 5048 2902 5095 et
2935 5041 3218 5096 adoration
3255 5041 3508 5097 d’icelles.
3559 5069 3622 5080 —
3657 5041 3959 5097 Adoration
3996 5059 4102 5097 aux
4137 5044 4355 5112 images.

318 5135 390 5147 —
432 5107 641 5176 Quelle
676 5109 955 5176 peincture
993 5116 1079 5163 est
1112 5107 1392 5163 defendue.

654 5176 715 5243 2)
759 5176 1040 5230 Plurimae
1072 5178 1203 5230 inde
1237 5193 1273 5230 α
1310 5174 1447 5229 1550
1481 5177 1698 5241 kannt.-
1735 5175 1786 5229 di

314 5252 369 5300 et
410 5243 573 5298 1561
606 5262 647 5299 6.
684 5247 1037 5301 manualibus
1069 5263 1206 5300 rece.
1277 5246 1401 5299 Ian
1440 5245 1578 5300 1550
1612 5246 1875 5300 sembeat

316 5315 521 5385 quoad
571 5330 721 5381 opus
998 5313 1056 5375 4)
1096 5312 1173 5369 illi
1209 5312 1359 5367 1561

1862 5184 1997 5248 etur,

2034 5193 2221 5231 verum
2254 5193 2369 5231 non
2402 5190 2600 5231 omnen.

1820 5254 1977 5300 atsur
1984 5222 2193 5316 quoad
2230 5262 2441 5315 corpus,
2477 5249 2535 5301 et
2560 5245 2645 5300 sic
2680 5242 2834 5301 1551.
2871 5175 3221 5302 1533259122122

1622 5314 1681 5381 5)
1724 5314 1879 5369 Reae.
1914 5315 2141 5370 habent.-
2175 5330 2233 5369 se
2271 5331 2394 5369 non.

3375 5193 3421 5247 6,
3456 5184 3508 5233 et
3530 5121 3663 5247 6661
3696 5194 3814 5233 eam
3851 5176 4178 5233 1553.1554
4215 5177 4355 5231 Inst.

3366 5263 3494 5302 ctae
3527 5254 3578 5302 et
3610 5248 3728 5301 eius
3763 5247 4099 5316 apem-aphia
4130 5247 4326 5314 legitur
4340 5262 4360 5297 .·

3877 5396 3942 5449 4*
