4967 5992
492 358 617 423 633

491 554 776 613 mantur.
866 546 1174 626 Proinde,
1221 566 1379 612 suae
1422 545 1655 628 cuique
1690 543 2023 610 facultatis
2059 541 2459 609 conscientia

492 635 743 718 optima
797 633 953 711 erit,
1020 653 1168 698 meo
1230 628 1503 710 iudicio,
1572 629 1698 695 hac
1756 631 1834 694 in'
1893 650 1966 694 re
2030 628 2455 694 moderatrix.

495 717 630 801 Qui
675 741 745 785 se
788 719 1182 784 instructum
1228 717 1353 782 hac
1393 716 1603 782 animi
1637 713 2097 799 magnitudine
2140 715 2455 798 agnoscit,

492 812 570 869 ut
611 811 881 888 paratus
924 806 1010 869 sit
1051 802 1382 868 sustinere
1413 801 1681 884 quosvis
1725 800 2031 883 impetus,
2072 820 2160 866 ne
2203 820 2282 877 se,
2316 799 2457 866 loco

491 896 776 956 moveat.
850 888 985 971 Qui
1028 894 1246 954 autom
1284 887 1756 954 imbecillitatis
1800 906 1957 952 suae
1992 886 2291 952 conscius
2335 886 2458 950 sibi

427 978 436 991 ⁶
495 975 751 1054 diffidit,
797 997 919 1041 nec
962 975 1318 1058 quidquam
1362 973 1488 1039 sibi
1529 971 1821 1056 polliceri
1865 969 2094 1048 audet,
2141 972 2301 1053 quin
2342 990 2459 1053 po-

494 1063 630 1127 tius
693 1060 983 1144 trepidat
1051 1067 1118 1125 et
1183 1067 1498 1125 eventum
1558 1064 1860 1135 veretur,
1928 1056 2053 1121 sibi
2118 1057 2335 1140 potius
2398 1056 2459 1121 is

496 1147 814 1226 consulat,
859 1146 1227 1229 periculum
1271 1142 1738 1228 praecavendo,
1785 1162 1986 1224 quam
2020 1142 2337 1225 praecoci,
2383 1146 2462 1207 ut

491 1232 588 1299 ita
649 1233 913 1316 loquar,
979 1231 1368 1307 fortitudine
1431 1251 1502 1295 se
1565 1229 1636 1292 in
1702 1228 1983 1294 exitium
2047 1228 2455 1311 praecipitet.

491 1319 668 1384 Nam
779 1319 848 1383 ui
916 1315 996 1382 de
1073 1317 1458 1382 infirmitate
1522 1334 1644 1380 sua
1707 1313 2002 1380 monitus
2067 1334 2200 1396 non
2265 1313 2456 1398 fugit,

494 1425 699 1487 quum
807 1424 954 1468 eum
1000 1409 1232 1482 te'ntet,
1281 1401 1672 1467 temeritatis
1716 1419 1876 1466 suae
1910 1419 2209 1483 poenam,
2255 1419 2458 1482 quum

494 1491 568 1555 in
598 1509 739 1554 rem
785 1497 1202 1571 praesentem
1236 1494 1507 1553 ventum
1554 1495 1671 1564 est,
1717 1486 1955 1550 merito
1997 1484 2138 1549 luit.
2207 1484 2459 1566 Quam-

495 1576 723 1640 obrem
791 1595 1326 1657 unumquemque
1390 1575 1461 1638 in
1517 1594 1588 1639 se
1642 1571 2038 1637 descendere
2093 1571 2320 1649 iubeo,
2387 1576 2462 1635 ut

497 1662 609 1745 qui
653 1682 724 1726 se
761 1666 1027 1743 apertae
1073 1664 1222 1740 [pag.
1270 1664 1417 1738 121]
1464 1658 1856 1724 confessioni
1890 1655 2186 1722 nondum
2205 1710 2211 1715 .
2229 1665 2461 1738 aptum

497 1767 642 1811 esse
698 1747 914 1825 videt,
969 1746 1051 1810 ab
1103 1746 1457 1828 impiorum
1515 1744 1696 1810 rabie
1749 1752 2069 1827 quantum
2126 1748 2346 1826 potest
2389 1761 2460 1806 se

497 1831 835 1898 subducat.
902 1831 1050 1897 Hac
1093 1851 1306 1908 causa,
1356 1831 1467 1914 qui
1500 1829 1810 1896 exsilium
1831 1827 2279 1893 voluntarium
2307 1827 2460 1893 sub·-

395 1956 403 1963 ·
499 1918 667 1997 ierit,
714 1918 893 1982 omni
942 1916 1448 1999 reprehensione
1493 1918 1716 1981 caret.'

672 2001 1048 2069 Secundam
1092 2002 1545 2084 quaestionem
1585 2003 1656 2065 in
1702 1998 1830 2064 duo
1877 1999 2174 2063 membra
2208 1995 2455 2064 divido:

496 2108 652 2153 nam
697 2109 866 2172 quae
922 2094 1001 2151 tu
1042 2094 1239 2171 putas
1296 2088 1495 2152 unius
1539 2106 1682 2151 esse
1724 2084 2158 2168 quaestionis,
2216 2083 2463 2148 habent

495 2195 631 2240 11011
665 2195 945 2257 parvum
968 2173 1341 2238 discrimen.
1409 2173 1609 2238 Prius
1642 2171 2014 2237 membrum
2052 2176 2180 2235 est:
2215 2169 2460 2237 Utrum

498 2262 611 2343 qui
653 2260 864 2326 vitam
909 2260 1240 2342 privatam
1283 2257 1563 2342 degunt,
1620 2262 1737 2322 aut
1773 2256 2150 2340 funguntur
2193 2275 2270 2320 eo
2313 2275 2460 2318 mu-

498 2366 656 2410 nere
670 2396 685 2423 ,
755 2344 928 2429 quod
995 2344 1327 2426 publicam
1389 2342 1716 2427 evangelii
1785 2341 2261 2425 professionem
2326 2361 2462 2405 non

497 2430 821 2514 requirat,
881 2429 1042 2496 dum
1086 2429 1167 2494 ab
1211 2428 1583 2494 idololatria
1625 2428 1992 2503 abstinent,
2056 2427 2312 2492 consilii
2356 2426 2460 2491 sui

497 2517 826 2582 rationem
898 2514 1090 2581 obvio
1154 2515 1388 2598 cuique
1457 2513 1733 2579 reddere
1790 2520 2160 2577 teneantur.
2189 2513 2238 2596 ¹)
2325 2511 2463 2576 Re-

493 2601 816 2686 spondeo,
882 2621 991 2666 me
1048 2601 1156 2666 hic
1212 2606 1599 2684 perpetuam
1642 2600 1860 2685 legem
1916 2599 2280 2683 praefigere
2324 2617 2460 2661 non

498 2686 771 2753 audere:
829 2685 1022 2752 video
1081 2687 1259 2751 enim
1320 2686 1693 2764 Christum,
1750 2705 1954 2768 quum
2010 2682 2093 2748 ab
2146 2681 2461 2767 improbis

497 2775 783 2855 captiose
836 2774 1389 2858 interrogaretur,
1444 2770 1781 2836 interdum
1837 2770 1945 2836 vel
1987 2770 2266 2836 tacuisse
2280 2821 2296 2848 ,
2354 2768 2460 2833 vel

497 2858 676 2923 aliud
732 2858 1010 2939 dixisse,
1073 2865 1149 2923 ut
1202 2878 1431 2922 eorum
1480 2855 1756 2922 insidias
1800 2854 2114 2920 eluderet.
2202 2854 2341 2931 Ita,
2402 2855 2461 2919 si

497 2945 644 3027 quis
688 2944 1018 3028 ambiguis
1071 2944 1305 3028 figuris
1362 2962 1717 3026 suspensos
1773 2940 2108 3024 relinquat
2151 2960 2290 3017 eos,
2347 2940 2460 3022 (1111

494 3030 712 3112 ipsum
791 3029 1207 3110 adoriuntur,
1303 3051 1435 3094 non
1509 3027 1768 3092 damno.
1860 3026 2260 3110 Quanquam
2338 3046 2461 3090 nec

497 3135 758 3197 semper
824 3115 1018 3179 debet
1081 3115 1148 3179 id
1214 3116 1387 3179 fieri:
1467 3134 1590 3179 nec
1653 3114 1783 3178 nisi
1850 3112 2027 3177 iusta
2093 3112 2175 3176 de
2242 3131 2455 3177 causa.

495 3200 722 3265 Unum
769 3200 1046 3281 excipio:
1109 3221 1190 3264 ne
1246 3200 1377 3264 huc
1420 3207 1670 3280 spectet
1711 3198 2137 3280 ambiguitas,
2181 3206 2259 3261 ut
2304 3216 2458 3260 con—

500 3286 747 3350 sentire
804 3285 1126 3364 impietati
1169 3283 1473 3349 videaris.
1562 3285 1734 3347 Nam
1790 3292 1865 3346 ut
1917 3282 2161 3347 claram
2217 3282 2460 3346 missae

498 3370 1002 3436 detestationem
1037 3370 1301 3454 exigere
1341 3369 1457 3434 abs
1478 3376 1546 3433 te
1580 3389 1708 3433 non
1744 3367 1972 3445 audeo,
2008 3368 2102 3432 ita
2138 3368 2194 3432 si
2217 3367 2459 3432 missae

495 3462 564 3521 te
621 3456 1032 3534 interfuisse,
1093 3455 1202 3521 vel
1243 3455 1724 3519 interfuturum
1786 3453 2083 3530 simules,
2142 3460 2256 3517 aut
2299 3473 2457 3536 quo-

484 3539 816 3624 quomodo
881 3543 1021 3606 eius
1090 3540 1408 3626 religione
1473 3547 1541 3605 te
1606 3538 1931 3621 implicari
1994 3558 2277 3615 annuaS,
2344 3546 2459 3602 aut

493 3648 654 3711 prae
697 3634 767 3692 te
808 3628 982 3692 feras
1027 3627 1135 3693 vel
1177 3626 1537 3709 impietatis
1580 3644 2004 3703 consensum,
2051 3645 2188 3687 non
2232 3622 2458 3689 dubito

491 3711 976 3795 reprehendere
1020 3733 1096 3779 ac
1135 3713 1468 3777 damnare.
1560 3711 1863 3776 Alterum
1907 3710 2307 3781 membrum:
2345 3710 2458 3774 An

494 3799 571 3876 is,
620 3798 732 3882 qui
776 3796 858 3862 ad
902 3798 1190 3864 tribunal
1238 3798 1425 3882 impii
1468 3796 1703 3863 iudicis
1746 3804 2015 3876 tractus,
2061 3816 2262 3879 quum
2308 3800 2457 3874 [pag.

502 3889 650 3964 122]
709 3883 955 3949 nullius
1005 3884 1103 3949 rei
1158 3884 1497 3951 convictus
1542 3883 1657 3958 sit,
1714 3883 2009 3947 confiteri
2066 3881 2458 3965 simpliciter

495 3978 561 4033 et
609 3969 784 4034 clare
827 3968 1030 4035 fidem
1073 3990 1262 4035 suam
1305 3969 1568 4048 debeat,
1610 3967 1727 4033 ubi
1767 3965 1850 4032 de
1894 3988 1974 4034 ea
2016 3988 2092 4032 ro
2179 3976 2320 4033 tur:
2368 3988 2455 4032 an

493 4055 656 4120 satis
702 4055 943 4120 habeat
985 4056 1246 4133 testari,
1271 4050 1278 4057 ’
1303 4077 1374 4119 00
1424 4053 1692 4121 credere
1748 4053 1922 4136 quod
1978 4074 2087 4119 cre
2132 4053 2189 4116 it
2230 4062 2457 4125 sancta

493 4140 796 4207 ecclesia:
855 4150 922 4206 et
968 4142 1039 4206 in
1095 4141 1375 4226 singulis
1423 4140 1748 4224 capitibus
1793 4136 1878 4203 ad
1921 4139 2092 4204 hanc
2132 4139 2454 4205 latebram

493 4227 862 4310 confugere.
953 4225 1148 4309 Quod
1193 4229 1250 4293 si
1292 4227 1574 4291 ulterius
1616 4232 1964 4311 urgeatur,
2010 4246 2175 4289 num
2217 4242 2453 4308 provo-

493 4331 641 4378 care
684 4312 784 4377 illi
827 4312 927 4377 fas
983 4314 1068 4376 sit
1112 4312 1195 4376 ad
1251 4313 1544 4396 publicos
1598 4332 1822 4378 sacrae
1878 4310 2245 4393 theologiae
2297 4330 2453 4394 pro-

489 4398 788 4476 fessores,
837 4404 905 4463 et
947 4419 1056 4463 eos
1101 4397 1367 4481 quidem
1410 4399 1553 4481 pios
1598 4406 1665 4462 et
1707 4397 1943 4462 doctos.
2035 4395 2450 4479 RespondeO,

491 4484 548 4549 si
600 4483 996 4550 universalis
1041 4484 1237 4548 ‘esset
1294 4484 1724 4567 interrogatio
1739 4533 1754 4561 ,
1827 4481 2175 4548 deliberari
2241 4503 2448 4565 posse,

630 4637 689 4702 1)
742 4637 836 4692 Sic
882 4638 1108 4691 omnino
1165 4637 1447 4706 leyendum
1491 4652 1613 4691 cum
1661 4637 1918 4704 principe
1976 4635 2145 4701 (1549
2193 4642 2244 4692 ct
2285 4634 2450 4700 1550)

492 4709 543 4757 et
593 4704 753 4760 Gallo
814 4711 970 4771 (sont
1014 4708 1224 4770 tenuz).
1298 4705 1583 4760 Gallonius
1635 4713 1684 4759 et
1729 4704 1884 4760 Besa
1926 4705 2178 4760 mendose
2223 4706 2453 4773 scripse-

488 4773 1989 4900 mataxamffiawffffxamr·
2064 4774 2360 4830 ⁸⁶⁰⁰'‘'“'⁸“
2404 4779 2456 4828 ⁶‘

2193 350 2807 422 APPENDICES.

4401 361 4523 423 634

2562 543 2877 627 quidnam
2924 540 3257 625 expediat:
3306 562 3461 608 nam
3504 562 3628 607 nec
3669 542 3922 608 Paulus
3965 563 4183 609 coram
4229 545 4529 611 sacerdo·
4632 590 4637 601 .

2562 630 2739 694 tibus
2772 629 3080 712 primum,
3125 625 3360 693 deinde
3393 646 3612 693 coram
3650 628 4041 711 proconsule
4077 628 4339 696 disertis
4374 652 4528 698 ver-

2563 712 2684 792 bis,
2729 712 2887 797 quid
2932 714 3014 780 de
3057 713 3376 797 religione
3422 715 3691 791 sentiat,
3752 715 4051 797 exponit:
4109 735 4325 798 neque
4366 737 4527 783 vero

2565 798 2980 883 supersedet,
3049 799 3209 883 quia
3262 797 3529 865 studeat
3580 799 3759 864 vitae
3815 820 3974 865 suae
4026 820 4295 882 parcere
4340 802 4529 885 (nam

2566 884 2648 950 ad
2693 892 2969 950 mortem
3023 885 3210 968 quasi
3257 883 3493 950 devoto
3540 886 3758 950 animo
3801 885 4163 969 ferebatur)
4213 885 4328 951 sed
4371 887 4530 970 quia

2563 991 2698 1036 non
2771 990 2914 1036 esse
2971 970 3133 1036 utile
3188 969 3451 1036 iudicat.
3542 969 3796 1036 Christi
3850 969 4114 1037 diversa
4181 976 4284 1037 est
4335 973 4526 1038 ratic.

2565 1057 2771 1122 Tacet
2814 1056 2995 1122 enim
3039 1054 3120 1120 de
3172 1055 3400 1121 multis
3445 1076 3667 1121 coram
3710 1057 3931 1121 Pilato
3952 1108 3968 1135 ,
4026 1058 4180 1140 quia
4236 1058 4530 1124 tribunal

2564 1141 2728 1207 illud
2770 1148 2911 1207 erat
2949 1158 3107 1206 non*
3127 1140 3421 1226 agendae
3465 1162 3728 1220 causae,
3776 1140 3893 1208 sed
3936 1142 4299 1208 audiendae
4344 1143 4529 1209 dam-

2564 1228 2872 1293 nationis.
2962 1227 3216 1293 Verum
3235 1279 3249 1305 ,
3319 1226 3400 1292 de
3465 1228 3831 1293 necessario
3902 1227 4119 1312 aliquo
4189 1226 4528 1313 religionis

2564 1314 2779 1396 capite
2842 1311 3000 1377 dum
3065 1332 3408 1398 rogamur,
3475 1313 3608 1378 illic
3675 1314 3996 1379 subticere
4061 1314 4524 1396 periculosum:

2566 1398 2782 1465 dicere
2826 1405 3067 1477 autem,
3112 1419 3239 1481 quo
3293 1407 3360 1463 te
3400 1399 3806 1482 impietatem
3852 1399 4213 1482 approbare
4254 1421 4415 1484 prae
4460 1408 4528 1466 te

2563 1485 2756 1563 feras,
2800 1504 3071 1566 prorsus
3114 1484 3461 1569 indignum
3498 1492 3599 1549 est
3638 1484 3997 1550 christiano
4036 1494 4315 1568 pectore.
4374 1486 4527 1550 Non

2564 1568 2937 1720 praescribo
3001 1570 3423 1647 nominatim,
3491 1591 3827 1653 quousque
3881 1569 4352 1653 progrediaris:
4410 1570 4528 1638 sed

2611 1677 2697 1721 uo
2740 1656 2971 1720 venire
3028 1654 3147 1719 tibi
3198 1656 3271 1719 in
3313 1663 3623 1720 mentem·
3645 1655 3819 1721 volo:
3880 1666 3945 1720 te
4010 1656 4146 1722 illic
4214 1664 4532 1740 tanquam

2563 1740 2694 1806 Dei
2759 1761 2963 1806 manu
3028 1741 3204 1818 sisti,
3275 1738 3357 1805 ad
3427 1739 3747 1806 edendam
3813 1741 3965 1806 fidei
4025 1742 4529 1824 professionem:

2567 1826 2802 1892 deinde
2860 1826 3259 1909 sophisticen
3317 1826 3411 1890 illi
3487 1849 3629 1892 esse
3695 1848 3980 1892 exosam.
4070 1827 4265 1893 Nunc
4310 1825 4532 1892 videa-

2566 1933 2733 1987 mus,
2793 1912 3173 1995 suffugium‘
3220 1910 3384 1975 illud
3455 1933 3769 1993 quorsum
3832 1920 4097 1995 spectet.
4193 1920 4339 1992 [pag.
4382 1917 4530 1992 123]

2568 1997 2749 2078 Quid
2773 1997 2854 2063 de
2888 2006 3311 2080 peccatorum
3342 1998 3730 2062 remissione
3763 1998 4018 2063 sentis?
4066 2000 4530 2082 gratuitamne,

2567 2105 2653 2149 an
2700 2082 3251 2149 satisfactionibus
3296 2082 3575 2147 redimi?
3665 2082 3859 2163 Quod
3904 2092 4133 2149 sancta
4175 2082 4385 2151 credit
4427 2102 4532 2148 ec-

2566 2170 2781 2235 clesia.
2840 2169 3011 2233 Nam
3052 2170 3109 2234 si
3134 2189 3361 2234 veram
3400 2168 3708 2252 appelles,
3756 2170 4122 2251 exprimere
4168 2179 4233 2233 te
4275 2176 4529 2254 cogent,

2567 2254 2649 2320 de
2692 2275 2824 2337 qua
2866 2254 3169 2338 loquaris.
3260 2252 3592 2335 Quorsum
3639 2253 3764 2319 1100
3800 2253 4056 2318 totum?
4103 2254 4235 2319 nisi
4276 2262 4356 2318 ut
4396 2254 4532 2319 illis

2567 2341 2973 2424 gratificeris.
3046 2340 3220 2417 Mea,
3262 2340 3539 2422 inquies,
3586 2339 3755 2403 nihil
3798 2340 4092 2417 interest,
4137 2339 4332 2405 modo
4376 2359 4531 2406 eva-

2568 2426 2736 2491 dam.
2828 2424 3043 2509 Cupio
3099 2425 3558 2491 infestissimos
3603 2424 3966 2503 dimittere,
4024 2424 4217 2489 modo
4260 2445 4347 2489 ne
4435 2425 4532 2489 la-

2566 2512 2749 2576 dium
2794 2510 2928 2576 illis‘
2971 2511 3170 2576 nimis
3229 2517 3457 2595 aperta
3514 2512 3920 2576 confessione
3964 2509 4317 2594 porrigam.
4450 2508 4534 2574 ed

2565 2599 2710 2680 quis
2755 2604 2858 2663 est
2902 2597 3010 2661 hic
3045 2597 3357 2662 ecclesiae
3400 2595 3832 2679 praetextus?
3903 2596 4140 2660 Nonne
4182 2596 4330 2660 ideo
4375 2614 4531 2662 eva-

2566 2683 2683 2762 dis,
2730 2682 2885 2766 quia
2928 2688 2995 2746 te
3039 2684 3111 2747 in
3156 2682 3466 2748 ecclesiae
3509 2701 3822 2747 romanae
3860 2682 4252 2749 servitutem
4298 2679 4530 2746 reduc·-

2564 2776 2708 2834 tum
2746 2789 2891 2834 esse
2927 2766 3207 2852 putant?
3273 2766 3460 2849 Quos
3504 2788 3701 2850 porro
3746 2767 4090 2851 theologos
4132 2765 4528 2850 intelligent,

2565 2855 2698 2920 11101
2751 2874 2902 2919 suos
2916 2877 2934 2933 3
2986 2852 3113 2918 1100
3171 2862 3273 2918 0οι
3285 2856 3301 2932 ,’
3359 2855 3654 2918 omnium
3698 2852 4254 2937 blasphemiarum
4314 2852 4573 2918 archi--

2566 2939 2814 3006 tectos?
2902 2940 3159 3004 Eorum
3202 2947 3269 3003 te
3311 2939 3552 3004 iudicio
3597 2939 3962 3017 submittis,
4008 2946 4085 3003 ut
4125 2945 4393 3021 paratus
4437 2938 4530 3003 sis

2567 3025 2977 3092 subscribere
3020 3025 3324 3090 omnibus
3371 3045 3599 3089 eorum
3643 3026 3922 3107 placitis,
3969 3045 4136 3107 quae
4180 3024 4357 3088 omni
4402 3024 4529 3088 im-

2564 3112 2808 3194 pietate
2851 3111 3095 3176 referta
3139 3131 3281 3175 esse
3326 3118 3600 3175 constat.
3690 3110 3840 3177 Hoc
3879 3112 3936 3175 si
3980 3110 4101 3175 tibi
4137 3109 4339 3175 semel
4379 3130 4530 3192 per-

2564 3197 2856 3275 miseris,
2904 3217 3023 3261 cur
3065 3217 3216 3272 non,
3274 3195 3501 3260 eodem
3549 3195 3721 3273 iure,
3776 3197 4079 3261 fraenum
4138 3195 4253 3260 tibi
4314 3195 4529 3278 magis

2564 3281 2750 3347 laxes
2793 3280 3070 3346 subinde
3114 3300 3190 3346 ac
3223 3282 3455 3363 magis,
3500 3285 3578 3344 ut
3609 3280 3742 3345 illis
3778 3282 3849 3346 in
3885 3282 4168 3364 speciem
4205 3280 4288 3345 ad
4330 3302 4527 3364 quae-

2562 3368 2668 3432 vis
2711 3365 3045 3449 postulata
3070 3365 3394 3430 annuas?
3465 3364 3868 3431 Gratuitanc
3907 3376 4009 3431 est
4043 3366 4342 3432 remissio
4377 3387 4528 3450 pec-

2565 3460 2859 3519 catorum
2877 3502 2894 3529 ,
2975 3472 3062 3515 an
3137 3451 3580 3517 satisfactione
3656 3452 3954 3518 constat?
4045 3451 4245 3518 Sane.
4334 3452 4528 3516 Intus

2565 3539 2742 3604 enim
2787 3537 2907 3602 tibi
2953 3538 3165 3614 canis,
3209 3536 3553 3603 Christum
3597 3538 3996 3604 fatisfecisse.
4088 3534 4323 3603 Credis
4365 3558 4528 3622 pur-

2563 3622 2940 3707 gato‘rium?
3032 3620 3280 3703 Quidni
3295 3622 3327 3686 ⁴?
3418 3623 3667 3687 Christi
3739 3624 3913 3688 enim
3980 3620 4304 3708 sanguine
4367 3644 4525 3707 pur-

2564 3730 2816 3795 gamur.
2885 3707 3031 3773 Hoc
3075 3709 3398 3790 posterius
3444 3707 3720 3772 tacitum
3767 3710 4126 3776 devorabis.
4194 3708 4527 3774 Audietur

2562 3795 2829 3861 interim
2888 3815 2971 3859 ex
3034 3808 3153 3860 ’010
3206 3801 3320 3860 tuo
3378 3801 3608 3876 aperta
3661 3794 4106 3879 blasphemiae
4173 3794 4523 3860 simulatio.

2561 3882 2695 3949 Ubi
2755 3880 2870 3945 illa
2912 3879 3302 3963 promissio?
3394 3878 3683 3945 Dabitur
3728 3881 3912 3946 vobis
3954 3881 4070 3945 illa
4114 3881 4306 3959 hora,
4370 3879 4527 3962 quid

2562 3965 2942 4051 loquamini,
2987 3974 3106 4031 etc.
3155 3964 3427 4049 (Matth.
3477 3970 3569 4043 10,
3618 3967 3743 4050 19).
3812 3965 4310 4032 Audebimusne
4354 3967 4529 4030 eius-

2559 4053 2738 4118 modi
2774 4051 3173 4117 confessioni
3214 4052 3574 4116 inscribere
3621 4055 3769 4130 [pag.
3812 4057 3960 4132 124]
3995 4052 4302 4136 spiritum
4337 4071 4524 4116 00110-
4592 4091 4612 4113 .

2561 4147 2705 4204 tum
2760 4136 3103 4202 autorem?
3192 4135 3430 4218 Qualis
3483 4157 3680 4220 porro
3737 4139 3866 4202 erit
3921 4137 4028 4204 hic
4074 4138 4204 4203 Dei
4245 4143 4522 4221 martyr,

2559 4226 2673 4308 qui
2730 4224 3055 4306 impietati
3122 4223 3343 4305 palam
3410 4222 3926 4306 suffragabitur?
4017 4222 4299 4289 Summa
4358 4221 4523 4287 haec

2560 4313 2675 4377 sit:
2731 4330 2959 4375 omnes
3002 4308 3298 4392 obliquas
3340 4310 3828 4390 responsiones,
3888 4307 4126 4392 quibus
4168 4308 4522 4392 11111110111111

2558 4398 2851 4462 furorem
2866 4446 2882 4474 ,
2960 4402 3278 4477 tanquam
3343 4395 3644 4459 veritatis
3723 4394 4183 4479 abnegatione,
4262 4394 4523 4476 placare

2510 4538 2517 4551 ,
2560 4482 2933 4558 studemus,
2980 4479 3230 4544 alienas
3276 4479 3679 4545 Christianis
3727 4500 3870 4545 0000
3914 4501 4165 4546 0011000.
4236 4479 4408 4544 Nam
4455 4486 4524 4543 et

2559 4570 2745 4634 Deus
2782 4565 3199 4649 sophisticen,
3246 4574 3323 4628 ut
3373 4564 3529 4642 dixi,
3582 4564 4028 4631 abominatur:
4074 4587 4194 4631 nec
4238 4564 4521 4629 multum

2558 4655 2866 4731 interest,
2914 4650 3153 4733 quibus
3199 4650 3418 4717 verbis
3463 4651 3677 4715 eiures
3719 4650 3873 4716 fidei
3918 4652 4417 4735 professionem,
4464 4650 4523 4714 si

2561 4739 2682 4804 tibi
2725 4738 3159 4822 propositum·
3182 4744 3283 4800 est
3337 4735 3558 4818 impiis
3617 4744 3684 4800 et
3725 4737 3978 4802 Christi
4035 4737 4332 4804 hostibus
4387 4735 4521 4820 sig-

2560 4824 3000 4891 nificationem
3049 4841 3407 4887 consensus
3452 4820 3626 4887 dare.
4220 4826 4227 4835 '
