4967 5992
640 356 721 419 31
1932 345 2055 413 LE
2099 341 2700 411 OATEOHISME
2745 339 2873 404 DE
2919 337 3321 403 GENEVE.
4017 434 4038 453 ο
4563 339 4643 400 32

642 540 825 623 Qu’il
879 562 919 605 a
974 546 1110 605 este
1151 539 1377 622 frappe
1420 535 1501 602 de
1542 536 1610 601 la
1653 533 1835 599 main
1878 533 1965 598 du
2008 533 2209 610 Pere,
2255 551 2424 615 pour
2468 553 2589 596 noz
2639 568 2642 581 ι
2694 527 3001 593 Iesaiam:
3044 527 3262 608 ipsum
3299 546 3680 608 percussum
3722 525 3922 590 fuisse
3964 544 4167 590 manu
4203 523 4333 588 Dei
4376 530 4646 607 propter

640 627 906 711 pechez:
964 633 1030 691 et
1084 624 1242 709 qu’il
1298 645 1337 689 a
1393 627 1575 707 porte
1630 641 1752 686 noz
1806 619 2117 703 iniquitez
2173 617 2327 703 (Ios.
2370 621 2470 697 53,
2517 624 2587 697 43
2638 610 2643 643 ¹
2694 617 2956 697 peccata
2999 619 3253 677 nostra:
3303 611 3717 677 vulneratum
3765 616 4034 693 propter
4067 609 4447 692 iniquitates
4491 629 4644 674 nos-

646 718 674 778 1
718 713 946 778 Pierro
981 714 1043 791 2,
1080 711 1233 797 24).χ
2636 728 2643 799 2
2695 716 2848 764 tras.

1429 829 1495 865 LE
1530 827 1786 863 mls‘rnn.
2637 818 2642 851 1
3527 816 3786 851 numisma.

812 882 987 948 Mais
1031 886 1361 947 comment
1394 877 1744 963 pouvoit-il
1784 883 1957 942 estre
1992 896 2078 940 66
2110 873 2268 940 telle
2301 875 2587 959 frayeur,
2865 869 3119 933 Verum
3173 867 3358 932 Deus
3422 886 3625 950 quum
3680 866 3795 944 sit,
3864 864 3975 948 qui
4046 865 4262 949 potuit
4329 863 4644 931 eiusmodi

642 988 896 1034 comme
940 967 1042 1034 s'il
1085 966 1280 1033 estoit
1324 963 1709 1031 abandonne
1754 961 1835 1028 de
1877 961 2126 1041 DIEU,
2170 960 2288 1044 luy
2334 959 2446 1042 qui
2491 965 2592 1025 est
2694 976 2936 1038 pavore
2981 953 3238 1035 corripi,
3285 973 3360 1019 ac
3400 954 3458 1018 si
3501 951 3851 1017 derelictus
3895 971 3935 1015 a
3979 949 4123 1016 Deo
4167 949 4385 1016 esset?

639 1054 875 1121 DIEU
913 1050 1202 1119 mesine?
3895 1076 3900 1083 ·

1484 1153 1752 1205 n’nsfm'r.
3593 1158 3742 1192 PYRR-

814 1226 876 1290 Il
918 1226 1059 1290 faut
1114 1222 1429 1289 entendre
1467 1242 1593 1303 qne
1639 1219 1820 1284 selon
1862 1240 1935 1283 sa
1978 1226 2215 1284 nature
2261 1216 2590 1294 humanus,
2869 1208 2983 1275 Sic
3019 1207 3393 1275 habendum
3430 1215 3560 1273 est:
3608 1205 3966 1273 secundum
4000 1207 4333 1273 humanae
4369 1213 4643 1274 naturae

646 1313 692 1377 il
738 1334 778 1377 a
814 1319 953 1377 este
993 1332 1078 1375 66
1120 1318 1293 1376 ceste
1334 1307 1711 1373 extremite:
1768 1315 1835 1369 et
1887 1325 2055 1386 pour
2097 1324 2169 1368 ce
2214 1303 2406 1380 faire,
2464 1324 2591 1385 que
2696 1296 3021 1374 affectum,
3068 1316 3142 1359 co
3186 1294 3523 1360 redactum
3566 1293 3768 1359 fuisse
3811 1293 4240 1358 necessitatis.
4332 1291 4527 1374 Quod
4569 1301 4646 1359 ut

644 1420 720 1464 sa
763 1396 1041 1463 divinite
1085 1418 1157 1463 se
1201 1396 1406 1460 tenoit
1444 1413 1609 1476 pour
1651 1412 1746 1455 un
1768 1411 1913 1475 ‚peu
1959 1390 2039 1454 de
2083 1396 2295 1472 temps
2339 1409 2593 1454 comme
2700 1384 2919 1462 ficret,
2978 1380 3314 1479 paulisper
3357 1380 3608 1445 interea
3652 1377 4072 1444 delitescebat
4127 1378 4269 1445 cius
4315 1377 4644 1458 divinitas,

644 1484 908 1551 ca'chee:
965 1482 1126 1549 c'est
1179 1489 1221 1548 a
1276 1480 1445 1558 dire,
1503 1476 1738 1562 qu’elle
1784 1497 1869 1541 ne
1929 1474 2358 1541 demonstroit
2409 1475 2595 1558 point
2698 1468 2821 1533 hoc
2864 1475 2983 1545 est,
3027 1488 3165 1531 vim
3211 1486 3398 1531 suam
3441 1486 3575 1529 non
3618 1465 3975 1530 exserebat.

644 1593 719 1637 sa
759 1575 969 1637 vertu.

1434 1688 1501 1721 mv:
1534 1685 1792 1721 1111116166.
3537 1672 3794 1706 ›amsa-sa.

819 1740 994 1805 Mais
1027 1746 1358 1804 comment
1393 1757 1463 1802 se
1497 1735 1733 1820 peut-il
1768 1735 1947 1813 faire,
1984 1754 2108 1817 que
2130 1732 2316 1797 Iesus
2343 1728 2592 1809 Christ,
2872 1720 3006 1804 Qui
3048 1722 3449 1821 tamen-fieri·
3491 1742 3757 1785 rursum
3791 1728 4025 1821 potest,
4071 1731 4146 1820 ut
4184 1720 4491 1787 Christus
4537 1722 4648 1806 qui

648 1828 761 1912 qui
804 1833 906 1890 est
946 1823 1015 1890 le
1052 1823 1230 1889 salut
1272 1820 1361 1888 du
1402 1821 1666 1901 mondo,
1729 1821 1822 1887 ait
1875 1828 2013 1885 este
2070 1839 2154 1883 en
2214 1816 2367 1883 telle
2412 1815 2594 1881 dam-
2701 1809 2878 1875 salus
2922 1816 3021 1874 est
3062 1807 3294 1872 mundi
3336 1807 3490 1872 hmc
3535 1805 3939 1872 damnationi
3984 1807 4317 1873 sublectus
4361 1806 4602 1872 fuerit?

648 1909 916 1977 nation‘?

1493 1992 1758 2046 1361161111.
3604 2012 3755 2049 runa.

820 2066 884 2131 11
930 2069 1044 2150 n'y
1088 2086 1125 2129 a
1184 2085 1301 2148 pas
1359 2070 1496 2128 este
1551 2081 1717 2146 pour
1755 2082 1803 2145 y
1844 2058 2203 2124 demourer.
2293 2056 2425 2123 Car
2466 2058 2517 2121 il
2560 2079 2599 2122 a
2873 2066 3023 2131 Non
3075 2064 3166 2129 ita
3209 2064 3391 2128 illam
3437 2064 3664 2142 subiit,
3724 2068 3797 2128 ut
3843 2062 3962 2129 sub
4008 2085 4085 2130 ea
4128 2071 4444 2129 maneret.
4533 2061 4647 2131 Sic

649 2151 989 2219 tellement
1032 2157 1223 2236 senty
1266 2156 1403 2216 cest
1445 2149 1751 2225 ῙΙΟΥΥΘΙΙΓ,
1811 2167 1934 2228 que
1985 2166 2153 2210 110118
2197 2164 2401 2210 avons
2444 2143 2595 2221 <150ss
2705 2153 2879 2218 enim
2919 2150 3094 2229 istis,
3155 2171 3313 2234 quos
3359 2149 3528 2229 dixi,
3572 2148 3926 2233 pavoribus
3982 2156 4318 2234 correptus
4358 2150 4516 2229 fuit,
4571 2158 4649 2215 ut

652 2237 811 2323 qu’il
862 2242 1016 2303 n’en
1069 2258 1111 2301 a
1164 2236 1349 2319 point
1413 2241 1549 2300 este
1616 2239 1949 2318 oppresse:
2016 2230 2184 2295 mais
2241 2250 2282 2293 a
2334 2229 2599 2294 bataille
2705 2259 2835 2303 non
2877 2238 3077 2303 fuerit
3144 2254 3518 2320 oppressus:
3579 2234 3694 2301 sed
3747 2237 3961 2319 potius
4004 2234 4294 2302 luctatus
4340 2257 4492 2301 61116
4533 2256 4650 2320 po-

651 2332 878 2390 contre
911 2324 978 2388 la
1008 2322 1355 2407 puissance
1391 2318 1504 2386 des
1543 2324 1661 2400 [fol.
1706 2333 1731 2382 1
1745 2320 1809 2396 4]
1848 2318 2080 2395 enfers,
2123 2336 2288 2399 pour
2320 2315 2389 2380 la
2421 2334 2599 2380 rom·
2702 2330 2941 2389 testate
2984 2323 3361 2399 inferorum,
3407 2342 3555 2387 cam
3597 2321 3858 2406 subegit
3896 2341 3971 2386 ac
4014 2321 4226 2406 fregit.
4248 2321 4306 2406 Β)

650 2432 769 2495 1116
811 2417 878 2475 et
921 2408 1262 2475 destruite.
1296 2440 1311 2451 =

1440 2527 1507 2561 101:
1542 2526 1799 2561 nmmum.
3550 2528 3807 2563 mm'mss.

823 2581 962 2646 Par
1013 2578 1154 2644 cela
1209 2598 1372 2642 nous
1430 2596 1682 2660 voyons
1746 2575 1813 2639 la
1876 2572 2221 2639 differenoe
2287 2577 2473 2637 entre
2536 2570 2602 2636 le
2655 2542 2664 2593 l
2877 2579 3054 2644 Hinc
3097 2578 3493 2663 colligimus,
3538 2576 3696 2660 quid
3739 2578 4000 2643 differat
4043 2576 4480 2643 conscientiae
4522 2586 4657 2643 tor-

652 2671 990 2732 tourment
1032 2663 1188 2746 qu'il
1233 2683 1273 2726 a
1315 2660 1616 2739 souffert,
1672 2666 1739 2724 et
1790 2660 1984 2745 celuy
2026 2680 2150 2744 que
2204 2665 2465 2724 sentent
2507 2656 2602 2722 les
2706 2672 3002 2730 mentum
3046 2662 3217 2748 quod
3273 2663 3586 2729 sustinuit
3627 2663 3708 2730 ab
3765 2683 3842 2728 00
3902 2683 4027 2748 quo
4082 2662 4464 2728 cruciantur

651 2752 1007 2837 pecheurs,
1061 2769 1186 2831 que
1227 2748 1402 2814 Dieu
1455 2746 1649 2831 punit
1694 2766 1778 2811 en
1821 2766 1943 2812 son
1995 2747 2108 2811 ire.
2199 2742 2332 2809 Car
2374 2764 2447 2808 ce
2491 2743 2602 2826 qui
2708 2758 2988 2829 catores,
3099 2770 3218 2816 uos
3271 2749 3405 2815 Dei
3456 2748 3614 2815 irati
3668 2770 3903 2815 manus
3961 2747 4395 2833 persequitur.
4486 2686 4660 2814 11616

653 2860 696 2903 a
735 2843 872 2903 este
916 2832 1234 2918 temporel
1286 2855 1370 2899 en
1423 2832 1560 2917 luy,
1620 2839 1724 2899 est
1779 2831 2117 2915 perpetual
2175 2850 2306 2894 aux
2362 2836 2600 2895 autres.
2709 2835 2881 2920 quod
2915 2836 2984 2900 in
3021 2772 3135 2900 1110
3161 2835 3632 2919 temporarium
3668 2835 3809 2913 fuit,
3850 2835 3926 2900 in
3958 2834 4065 2900 his
4103 2842 4206 2900 est
4239 2842 4656 2917 perpetuum:

654 2924 748 2987 Et
789 2943 916 3005 que
959 2942 1032 2987 ce
1074 2919 1187 3003 qui
1210 2920 1256 3002 ¹)
1304 2940 1345 2984 a
1387 2926 1526 2985 este
1560 2917 1926 2985 seulement
1960 2939 2052 2982 un
2088 2915 2401 3000 aiguillon
2437 2935 2606 3000 pour
2709 2929 2775 2989 et
2816 2921 2992 3005 quod
3040 2920 3137 2986 illi
3182 2921 3322 2987 vice
3367 2920 3692 2987 duntaxat
3736 2920 3950 2986 aculei
3992 2920 4122 2985 fuit
4165 2919 4251 2984 ad
4294 2941 4448 2985 eum
4489 2941 4660 3004 pun-

659 3008 723 3074 16
775 3005 1078 3091 poindre‚
1133 3005 1280 3070 leur
1333 3012 1435 3071 est
1488 3027 1580 3070 un
1635 3004 1852 3089 glaive
1901 3024 2069 3088 pour
2120 3002 2217 3068 les
2271 3022 2513 3068 navrer
2566 3008 2608 3067 a
2655 3038 2658 3075 ;
2754 3007 3025 3086 endum,
3081 3006 3260 3092 his⁴)
3319 3012 3421 3072 est
3458 3005 3722 3072 lethalis
3774 3004 4063 3091 gladius,
4122 3002 4207 3071 ad
4249 3025 4389 3083 601,
4449 3013 4526 3072 ut
4567 3006 4663 3072 ita

656 3102 848 3160 mort.
2756 3094 2940 3173 cam,
2984 3091 3425 3158 sauciandum.

1496 3193 1763 3246 n’zxrnvr.
3607 3213 3757 3249 161111.

829 3262 1009 3329 C’est
1073 3262 1230 3328 cela.
1319 3261 1455 3328 Car
1508 3262 1699 3327 Iesus
1764 3259 1993 3328 Christ
2057 3264 2165 3326 n’a
2228 3281 2347 3343 pas
2410 3260 2606 3327 laisse
2656 3264 2661 3319 l
2881 3262 2996 3330 Sic
3037 3272 3153 3330 est.
3225 3264 3454 3347 Neque
3498 3264 3676 3328 enim
3719 3261 4036 3328 eiusmodi
4072 3262 4397 3348 angustiis
4441 3262 4665 3329 obses-

658 3350 988 3435 d’esperer
1040 3348 1365 3414 tousiours
1422 3369 1507 3414 en
1560 3347 1766 3427 Dion,
1836 3369 1920 3413 au
1982 3345 2209 3412 milieu
2272 3345 2354 3411 de
2417 3346 2608 3413 telles
2657 3338 2662 3377 ²
2709 3372 2824 3418 sus
2867 3351 3041 3416 filius
3085 3349 3217 3415 Dei
3258 3370 3524 3433 sperare
3577 3350 3648 3415 in
3691 3356 3946 3433 patrem
4003 3347 4214 3414 desiit.
4288 3348 4382 3412 At
4431 3369 4666 3432 pecca-

658 3435 1045 3503 destresses:
1113 3435 1281 3500 mais
1341 3433 1440 3500 les
1503 3432 1824 3517 pecheurs
1882 3454 2007 3517 que
2060 3432 2294 3501 DIEU
2352 3432 2606 3513 damne,
2658 3492 2662 3529 1
2709 3445 2905 3517 10166,
2950 3437 3079 3503 Dei
3116 3436 3354 3503 iudicio
3400 3434 3710 3514 damnati,
3755 3435 3828 3500 in
3870 3433 4392 3519 desperationem
4431 3442 4663 3515 ruunt,

657 3543 729 3587 se
772 3520 1193 3605 desesperent
1234 3526 1303 3585 et
1344 3520 1673 3605 despitent
1714 3525 1937 3586 contre
1976 3519 2116 3605 luy,
2161 3519 2423 3604 iusques
2463 3526 2508 3584 a
2545 3518 2610 3584 16
2659 3538 2662 3573 =
2710 3524 3003 3605 fremunt
3045 3521 3359 3588 adversus
3400 3522 3617 3606 ipsum
3630 3573 3648 3601 ,
3695 3528 3762 3587 ct
3802 3542 4010 3604 usque
4054 3518 4139 3587 ad
4181 3524 4438 3603 apertas
4483 3518 4666 3588 blas-

655 3605 1092 3690 blasphemer.
2658 3580 2663 3647 1
2712 3608 3009 3692 phemias
3052 3608 3424 3692 prosiliunt.

1423 3728 1490 3762 an
1524 3708 1843 3775 unumst)
2659 3746 2662 3755 ·
3555 3728 3812 3763 ums‘rsn.

831 3777 1146 3843 Pouvons
1198 3797 1364 3843 nous
1428 3798 1546 3860 pas
1600 3778 1754 3843 bien
1809 3776 2079 3842 deduire
2132 3776 2212 3844 de
2265 3776 2405 3844 cela
2457 3777 2608 3860 quel
2885 3786 3004 3860 [fol.
3052 3785 3159 3860 20]
3215 3779 3478 3844 Hincne
3550 3799 3897 3863 possumus
3962 3776 4229 3855 elicere,
4309 3796 4504 3861 quem
4581 3798 4670 3844 ex

657 3861 856 3929 fruict
899 3882 1063 3928 nous
1106 3882 1419 3930 rocevons
1464 3862 1550 3991 (16
1584 3862 1650 3926 la
1692 3870 1867 3927 mort
1911 3862 1991 3928 de
2026 3860 2297 3931 IESUS
2335 3862 2604 3929 Christ?
2659 3916 2663 3965 Ι
2711 3865 2959 3932 Christi
3004 3871 3214 3931 morte
3257 3866 3544 3931 fructum
3584 3864 3951 3948 percipiant
3989 3861 4259 3929 fideles?

800 4033 991 4120 -Ouy
1034 4034 1203 4101 bien.
1291 4034 1384 4099 Et
1425 3983 1938 4117 prssffigssernient
1978 4055 2145 4100 nous
2189 4056 2438 4119 voyons
2482 4056 2608 4118 que
2657 3978 2663 4041 l
2881 4035 3187 4104 Omnino.
3278 4038 3378 4104 Ac
3442 3984 3763 4121 pringffi)
3818 4034 4081 4118 quidem
4145 4032 4447 4098 videmus
4518 4054 4670 4101 esse

657 4126 820 4189 o’est
884 4142 976 4185 un
1041 4119 1358 4200 sacrifice,
1423 4140 1546 4202 par
1598 4118 1814 4201 lequel
1865 4119 1916 4184 11
1972 4141 2012 4184 a
2067 4120 2382 4187 satisfaict
2442 4141 2611 4204 pour
2712 4124 3122 4204 sacrificium,
3169 4144 3295 4207 quo
3337 4131 3604 4207 peccata
3646 4126 3872 4186 nostra
3906 4119 4199 4203 expiavit
4241 4137 4460 4184 coram
4495 4118 4670 4198 DeO,

658 4228 826 4273 nous
854 4228 954 4273 au
995 4206 1334 4293 ingement
1372 4205 1453 4270 de
1493 4204 1699 4269 Dieu:
1755 4210 1824 4269 et
1866 4205 2034 4270 ainsi
2076 4226 2117 4270 a
2160 4228 2243 4290 ap
2290 4207 2424 4272 aise
2464 4207 2609 4272 l’ire
2658 4218 2664 4291 ξ
2712 4218 2906 4291 atque
2961 4209 3059 4275 ita
3114 4209 3372 4292 placata
3413 4209 3513 4274 ira
3555 4206 3718 4285 Dei,
3774 4228 3896 4272 nos
3939 4227 4092 4272 cum
4146 4226 4223 4269 60
4267 4206 4336 4268 in
4379 4205 4674 4289 gratiam

659 4293 740 4358 de
796 4293 970 4358 Dicu
1025 4313 1259 4359 envers
1312 4312 1507 4369 nous,
1563 4297 1630 4356 et
1682 4311 1847 4356 nous
1901 4311 1943 4355 a
1998 4293 2248 4358 reconc‘
2286 4293 2342 4357 ’6
2387 4300 2429 4358 a
2469 4293 2608 4378 luy.
2659 4304 2664 4373 ζ
2712 4295 2995 4361 reduxit.
3081 4292 3373 4373 Deinde,
3451 4293 3841 4378 sanguinem
3909 4292 4051 4357 cius
4103 4291 4444 4356 lavacrum
4500 4311 4671 4370 0666,

657 4376 842 4442 Pour
883 4378 947 4444 le
992 4378 1258 4457 second,
1313 4398 1438 4461 que
1481 4397 1603 4443 son
1658 4397 1827 4462 sang
1869 4383 1970 4443 est
2012 4376 2075 4442 le
2117 4376 2450 4444 lavement
2490 4398 2612 4462 par
2660 4382 2664 4407 ·
2714 4401 2842 4464 quo
2914 4380 3172 4446 animae
3235 4386 3499 4446 nostrae
3568 4378 3841 4444 maculis
3906 4376 4211 4443 omnibus
4274 4384 4671 4460 purgentur.

659 4461 873 4545 lequel
928 4484 1047 4529 noz
1100 4484 1279 4531 ames
1335 4470 1452 4530 ont
1505 4471 1642 4529 este
1686 4471 1965 4548 purgees
2010 4463 2089 4529 de
2131 4471 2345 4529 tontes
2389 4486 2610 4530 macu-
2659 4418 2665 4569 ξ
2712 4468 3085 4545 Ρο6116160,
3132 4465 3418 4533 deletam
3460 4486 3602 4531 esse
3645 4471 4059 4549 pcccatorum
4101 4469 4483 4528 nostrorum
4526 4483 4676 4528 1116-

661 4545 778 4613 166.
865 4548 1314 4628 Finalement,
1376 4570 1502 4633 que
1558 4570 1679 4633 par
1735 4550 1909 4615 ceste
1962 4557 2139 4615 mort
2194 4570 2314 4615 noz
2367 4550 2608 4632 pechez
2658 4578 2665 4623 ι
2713 4553 3016 4631 moriam,
3086 4573 3170 4618 ne
3225 4573 3511 4636 unquam
3566 4553 3638 4617 in
3689 4550 3817 4615 Dei
3881 4554 4304 4631 conspectum
4361 4549 4674 4613 veniant:

661 4640 815 4700 sont
857 4632 1121 4714 effacez‚
1176 4656 1341 4719 pour
1391 4656 1477 4701 ne
1530 4637 1719 4718 point
1759 4636 1947 4701 venir
2005 4658 2087 4702 en
2138 4636 2451 4702 memoire
2497 4636 2608 4701 de-
2657 4626 2665 4679 ¹
2714 4645 2907 4721 atque
2941 4639 3036 4703 ita
3067 4637 3409 4703 inductum
3429 4637 3868 4720 abolitumque
3905 4635 4104 4700 fuisse
4127 4633 4676 4717 chirographum,
4781 4626 4796 4650 ’

662 4726 828 4786 vant
871 4718 1071 4783 Dieu:
1119 4725 1184 4784 et
1227 4721 1391 4785 ainsi
1436 4742 1563 4804 que
1607 4722 2026 4807 l’obligation,
2072 4724 2183 4807 qui
2226 4722 2420 4788 estoit
2452 4743 2607 4789 con-

2715 4745 2841 4808 quo
2876 4725 2972 4790 rei
3011 4725 3426 4792 tenebamur.-

663 4813 767 4870 tre
809 4824 992 4882 60116,
1034 4811 1136 4868 est
1178 4806 1402 4871 abolie.

668 4998 897 5005 ...ΨΦ-.-

1068 5175 1084 5192 .
1122 5179 1134 5190 .
1173 5178 1184 5189 .
1225 5177 1237 5189 .
1277 5152 1385 5190 aux
1419 5137 1632 5189 autres:
1670 5138 1728 5183 et
1759 5148 1822 5185 66
1894 5135 1963 5201 ui,
2002 5133 2138 5189 1553
2174 5136 2312 5188 suiv.
2573 5133 2633 5200 2)
2670 5135 2750 5189 Le
2787 5133 2868 5188 11.
2907 5132 3201 5188 dimauche.
3241 5161 3307 5170 —
3350 5133 3432 5188 Le
3467 5132 3631 5187 fruict
3668 5139 3724 5187 et
3757 5132 3811 5186 la
3847 5139 4006 5187 verm
4040 5130 4107 5185 de
4142 5130 4197 5184 la
4229 5135 4373 5186 mort
4408 5129 4478 5186 de
4512 5129 4683 5186 Iesu!

663 5206 847 5261 Christ
881 5212 966 5263 est
999 5223 1064 5263 en
1100 5208 1235 5260 trois
1272 5204 1505 5274 poinctz.
1542 5226 1607 5236 —
1641 5198 1721 5251 Le
1757 5217 1856 5268 pro
1896 5212 1920 5254 t
1954 5200 2022 5255 (16
2058 5205 2110 5256 la
2144 5203 2504 5258 resurrection
2543 5217 2612 5256 611
2649 5204 2782 5259 trois
2819 5203 3051 5271 poinctz.

971 5274 1032 5344 3)
1082 5274 1229 5331 Edd.
1266 5271 1552 5329 manuales
1590 5266 1750 5333 (1561
1781 5271 1948 5338 seqq.)
1986 5271 2148 5341 fregit
2182 5288 2248 5326 ac
2283 5270 2607 5340 profligavit.
2896 5269 2958 5337 4)
2993 5272 3048 5325 in
3081 5270 3164 5340 iis,
3205 5269 3351 5325 Gall.
3385 5276 3435 5324 et
3473 5268 3628 5325 Besa
3661 5285 3705 5325 c.
3742 5273 3897 5324 mett.
3932 5266 4256 5335 maior-ibae.
