4967 5992
571 299 699 360 479

567 481 778 550 Suum
840 481 1016 547 enim
1071 481 1309 563 cuique
1367 480 1748 566 pulchrum,
1805 487 1881 545 ut
1924 481 2132 547 veteri
2175 480 2523 565 proverbio

565 569 808 634 fertur:
854 587 983 650 quo
1025 567 1130 644 fit,
1175 571 1256 630 ut
1293 587 1462 650 quae
1504 587 1590 632 ex
1632 565 1842 649 capite
1884 573 2110 631 nostro
2152 573 2311 631 nata
2345 570 2522 644 sunt,

565 655 776 737 magis
819 673 940 718 nos
983 650 1335 717 delectent:
1390 659 1456 717 et
1498 652 1714 717 fictitii
1768 651 1886 717 isti
1936 651 2156 718 cultus
2200 671 2394 734 saepe
2438 649 2524 716 ad

565 738 856 821 aliquam
919 738 1282 820 sapientiae
1348 737 1633 820 speciem
1692 744 1848 803 sunt
1911 737 2284 820 compositi,
2351 737 2526 802 sicut

565 825 766 890 etiam
807 823 1060 888 Paulus
1117 823 1364 888 fatetur
1452 822 1590 889 Col.
1632 826 1691 902 2,
1731 826 1862 908 23).
1951 823 2311 889 Praeterea
2363 842 2524 904 quo-

562 909 747 976 niam
801 915 1150 975 externum
1218 908 1405 991 splen
1453 929 1636 974 orem
1694 918 1769 973 ut
1829 908 2194 991 plurimum
2254 906 2521 985 habent,

563 997 678 1080 qui
731 996 805 1059 in
861 993 1080 1061 oculos
1135 994 1445 1073 incurrit,
1511 992 1754 1078 magis,
1819 1014 1941 1076 pro
1997 1001 2241 1059 natura
2292 1000 2526 1058 nostra

565 1080 840 1160 carnali,
900 1078 1087 1145 nobis
1128 1077 1451 1159 arrident,
1497 1100 1695 1163 quam
1733 1078 1882 1157 illa,
1940 1100 2110 1161 quae
2152 1079 2340 1144 Deus
2384 1076 2525 1143 sola

565 1173 634 1231 et
673 1166 953 1250 requirit
1005 1172 1073 1229 et
1117 1165 1378 1248 probat,
1437 1185 1645 1248 quum
1702 1164 1924 1230 minus
1969 1164 2261 1230 habeant
2302 1171 2523 1229 osten-

562 1252 845 1318 tationis.
936 1250 1123 1316 Nihil
1177 1257 1406 1315 tamen
1622 1250 1635 1263 “
1740 1250 2125 1317 obtenebrat
2176 1249 2523 1315 hominum

561 1343 821 1403 mentes
835 1387 852 1416 ,
908 1344 987 1402 ut
1025 1337 1121 1401 ita
1156 1356 1505 1421 perperam
1550 1271 1631 1399 de
1675 1335 1801 1400 hac
1845 1356 1918 1400 re
1958 1333 2282 1415 iudicent,
2326 1354 2524 1418 quam

562 1422 949 1507 hypocrisis.
1037 1421 1215 1487 Nam
1269 1442 1473 1506 quum
1527 1441 1723 1486 veros
1765 1420 1898 1486 Dei
1953 1420 2238 1487 cultores
2291 1440 2403 1485 cor
2457 1428 2526 1483 et

563 1508 864 1573 animum
909 1513 1208 1590 oporteat
1250 1507 1516 1585 afferre,
1587 1505 1867 1589 cupiunt
1908 1527 2166 1589 semper
2222 1506 2524 1571 homines

561 1593 837 1659 modum
894 1591 1230 1658 serviendi
1272 1591 1420 1657 Deo
1464 1591 1545 1655 ab
1598 1612 1673 1655 eo
1716 1611 1986 1675 prorsus
2041 1592 2376 1658 diversum
2418 1589 2524 1655 in-

562 1680 822 1746 venire:
871 1685 948 1742 ut
993 1677 1240 1742 scilicet
1283 1677 1576 1759 corporis
1620 1676 1947 1759 obsequiis
1981 1698 2141 1762 erga
2178 1677 2366 1743 illum
2410 1674 2524 1740 de-

564 1763 777 1829 functi
821 1763 1118 1828 animum
1160 1761 1284 1829 sibi
1325 1763 1669 1827 retineant.
1756 1762 1967 1827 Porro
2011 1762 2169 1828 dum
2212 1770 2524 1828 externas

565 1870 844 1933 pompas
867 1847 966 1912 illi
991 1846 1367 1927 obtrudunt,
1405 1847 1528 1913 hoc
1551 1869 1620 1913 se
1653 1848 1929 1915 artificio
1954 1847 2241 1915 evasisse
2265 1857 2522 1933 putant,

565 1955 653 1999 ne
718 1934 954 1999 offerre
1021 1954 1090 1998 se
1152 1934 1328 2016 ipsos
1396 1940 1731 2018 cogantur.
1831 1935 2053 2016 Atque
2110 1933 2272 2000 haec
2326 1954 2526 2000 causa

567 2027 699 2098 est,
759 2039 878 2084 cur
936 2020 1319 2083 innumeros
1376 2016 1591 2085 cult'us
1635 2016 1947 2085 libentius
1991 2020 2361 2103 suscipiant
2403 2019 2523 2084 ho-

566 2105 812 2183 mines,
870 2103 1103 2187 quibus
1146 2105 1287 2169 sine
1329 2105 1462 2169 fine
1506 2111 1576 2169 et
1616 2104 1811 2169 modo
1853 2106 2096 2171 misere
2138 2106 2522 2189 fatigentur,

568 2198 637 2255 et
676 2211 797 2256 cur
836 2189 908 2254 in
950 2187 1327 2275 labyrintho
1371 2211 1594 2255 errare
1646 2197 1962 2273 perpetuo
2001 2191 2267 2270 malint,
2325 2210 2525 2273 quam

568 2275 952 2358 simpliciter
994 2276 1215 2341 Deum
1253 2274 1463 2341 colere
1505 2276 1580 2340 in
1622 2276 1859 2359 spiritu
1904 2285 1971 2342 et
2013 2277 2312 2342 veritate.

736 2360 1049 2443 Improba
1092 2362 1298 2445 igitur
1341 2360 1671 2427 calumnia
1714 2367 1846 2439 est,
1892 2361 2065 2445 quod
2108 2363 2330 2428 hostes
2372 2382 2525 2427 uos-

564 2447 652 2511 tri
724 2447 1036 2513 facilitate
1098 2455 1166 2512 et
1229 2446 1650 2531 indulgentia
1711 2467 1833 2513 nos
1899 2447 2159 2514 allicere
2224 2447 2527 2512 homines

565 2531 1019 2597 criminantur.
1107 2532 1284 2597 Nam
1338 2532 1396 2598 si
1453 2531 1649 2596 detur
1703 2533 1913 2615 optio:
1985 2532 2248 2616 quidvis
2304 2533 2527 2616 potius

565 2637 826 2700 semper
870 2617 1071 2701 eliget
1107 2617 1305 2682 homo
1349 2617 1650 2696 carnalis,
1696 2639 1895 2702 quam
1940 2625 2013 2683 ut
2047 2617 2270 2684 Deum
2315 2619 2527 2684 colere

567 2702 651 2767 ad
696 2708 845 2781 [pag.
886 2707 996 2782 42]
1040 2702 1378 2769 doctrinae
1418 2710 1682 2767 nostrae
1726 2705 2209 2787 praescriptum
2250 2725 2526 2770 consen·

565 2789 706 2852 tiat.
793 2786 1032 2852 Fidem
1079 2797 1148 2852 et
1201 2787 1676 2870 poenitentiam
1749 2789 1935 2854 facilc
1990 2796 2090 2855 est
2153 2790 2522 2855 nominare:

564 2872 684 2937 sed
724 2893 831 2937 res
873 2879 1031 2937 sunt
1064 2870 1150 2937 ad
1190 2871 1659 2955 praestandum
1697 2873 2136 2940 difficillimae.
2226 2874 2526 2956 Quicun-

567 2978 696 3041 que
737 2958 757 3021 i
812 2958 945 3022 ‘tur
987 2958 1058 3021 in
1100 2957 1205 3022 his
1259 2959 1596 3024 constituit
1636 2958 1770 3023 Dei
1813 2960 2094 3039 cultum,
2148 2960 2208 3026 is
2251 2960 2528 3026 minime

565 3042 752 3109 laxat
860 3044 1064 3109 benas
1099 3042 1509 3109 hominibus:
1547 3044 1661 3109 sed
1698 3046 1874 3129 cogit
1906 3046 1980 3110 in
2014 3068 2170 3111 eum
2204 3048 2524 3128 ordinem,

567 3150 700 3212 quo
756 3129 987 3194 venire
1041 3130 1329 3194 maxime
1381 3130 1831 3197 reformidant.
1921 3132 2131 3199 Cuius
2183 3134 2277 3199 rei
2342 3133 2526 3197 locu-

565 3214 1009 3301 pletissimum
1054 3215 1509 3280 testimonium
1551 3216 1622 3280 in
1658 3238 1732 3282 re
1776 3218 1921 3302 ipsa
1955 3217 2291 3283 habemus.
2360 3218 2526 3283 Plu-

565 3301 752 3366 rimis
797 3308 865 3365 et
907 3298 1088 3365 duris
1133 3301 1386 3386 legibus
1444 3300 1770 3387 adstringi
1813 3325 1911 3383 se,
1970 3303 2054 3368 ad
2096 3303 2416 3386 plurimas
2460 3310 2529 3367 et

564 3386 925 3452 laboriosas
960 3385 1567 3452 observatiunculas
1590 3409 1662 3454 se
1683 3391 1847 3474 cogi,
1883 3388 2174 3474 rigidum
2218 3396 2287 3454 et
2319 3411 2527 3474 grave

564 3473 636 3536 iu
733 3493 800 3535 m
843 3471 965 3538 sibi
997 3471 1268 3555 imponi,
1312 3472 1595 3557 denique
1635 3475 1801 3540 nihil
1844 3496 1978 3542 non
2019 3475 2358 3540 molestiae
2402 3474 2528 3540 sibi

567 3578 604 3623 e
705 3556 866 3622 ‘beri
919 3558 1252 3640 patientur
1319 3559 1654 3625 homines:
1722 3559 1917 3626 modo
1981 3582 2066 3625 ne
2133 3560 2348 3626 cordis
2407 3562 2528 3625 fiat

569 3643 836 3707 menti0.
869 3710 876 3718 ,
925 3643 1104 3710 Hinc
1145 3653 1452 3727 apparet,
1496 3644 1666 3709 nihil
1708 3647 1924 3728 magis
1966 3647 2268 3730 refugere
2311 3645 2526 3711 homi-

576 3729 679 3794 nis
739 3728 1114 3812 ingenium,
1185 3751 1379 3811 quam
1440 3729 1852 3812 spiritualem
1910 3731 2095 3795 illam
2148 3732 2524 3811 veritatem,

565 3812 674 3882 de.
704 3833 835 3896 qua
887 3834 1007 3879 nos
1066 3813 1326 3880 assidue
1382 3815 1877 3881 concionamur:
1936 3837 2143 3899 quum
2184 3816 2526 3899 splendido

563 3898 680 3964 illo
724 3906 1079 3982 apparatu,
1124 3901 1194 3964 in
1240 3920 1368 3983 quo
1412 3907 1757 3983 tantopere
1795 3901 2114 3967 insistunt
2155 3903 2364 3967 nostri
2409 3902 2526 3968 ad·

562 3985 872 4065 versarii,
927 3984 1262 4050 obruatur.
1349 3985 1497 4050 Hoc
1540 3993 1891 4069 extorquet
1931 3988 2077 4071 ipsa
2113 3987 2246 4053 Dei
2287 3989 2526 4054 maies-

563 4077 686 4150 tas,
731 4092 819 4136 ne
863 4070 1152 4136 eximere
1189 4091 1310 4135 nos
1354 4071 1437 4135 ab
1460 4069 1602 4137 eius
1637 4072 1821 4137 cultu
1865 4074 2208 4157 possimus.
2279 4073 2525 4140 Neces-

564 4157 829 4222 sitatem
879 4178 916 4221 e
999 4177 1037 4221 o
1080 4155 1211 4222 Dei
1255 4155 1513 4221 colendi
1569 4155 1728 4221 dum
1772 4158 1901 4223 effu
1952 4179 2063 4224 ere
2114 4181 2251 4225 non
2292 4180 2525 4242 possu-

564 4261 742 4321 mus,
798 4263 929 4326 quo
1026 4241 1355 4327 reliquum
1397 4248 1529 4322 est,
1587 4242 1854 4326 obliqua
1945 4244 2288 4311 ‘verticula
2326 4266 2524 4330 quae-

565 4327 805 4408 rimus,
861 4349 946 4394 ne
987 4335 1172 4395 recta
1225 4328 1296 4393 in
1340 4327 1481 4394 eius
1521 4337 1945 4413 conspectum
1986 4331 2230 4397 venire*
2259 4353 2526 4399 necesse

568 4412 682 4477 sit:
741 4412 851 4478 vel
901 4414 1118 4497 potius
1164 4414 1460 4481 externis
1502 4415 1961 4495 caeremoniis,
2018 4422 2331 4500 tanquam
2376 4438 2525 4500 spc-

567 4495 762 4561 ciosis
790 4497 1014 4579 larvis,
1050 4498 1513 4568 abscondimus
1533 4500 1912 4567 interiorem
1936 4501 2150 4568 cordis
2180 4501 2524 4582 malitiam,

569 4586 640 4645 et
697 4585 985 4664 corporis
1040 4587 1351 4671 obsequia
1406 4588 1795 4670 opponimus
1840 4594 2154 4671 tanquam
2206 4589 2526 4671 parietem

568 4666 1067 4748 intermedium,
1124 4694 1210 4736 ne
1254 4671 1447 4738 corde
1501 4671 1586 4738 ad
1641 4694 1795 4739 eum
1839 4673 2148 4741 accedere
2191 4694 2522 4758 cogamur.

569 4750 917 4816 Eiusmodi
969 4755 1379 4841 subterfugia
1431 4756 1559 4823 sibi
1599 4760 1820 4826 excuti
1868 4760 2233 4844 aegerrime
2274 4762 2528 4844 patitur

568 4835 891 4916 mundus,
946 4844 1144 4921 atque
1201 4841 1361 4908 hinc
1411 4842 1563 4907 illae
1616 4843 1986 4930 lacrymae,
2038 4845 2212 4929 quod
2254 4868 2340 4913 ex
2390 4847 2526 4912 illis

566 4921 871 5002 latebris,
937 4923 1009 4987 in
1063 4925 1304 5008 quibus
1352 4948 1580 4993 secure
1624 4950 1779 4995 cum
1830 4931 1973 4996 Deo
2037 4930 2386 5012 ludebant,
2452 4932 2527 4998 in

570 5016 869 5091 apertam
910 5007 1128 5075 lucem
1167 5031 1288 5095 per
1328 5032 1449 5077 nos
1490 5014 1773 5081 extracti
1813 5023 1988 5081 sunt.

743 5093 830 5158 In
882 5095 1174 5161 oratione
1223 5096 1356 5161 tria
1406 5099 1827 5166 correximus.
1917 5101 2090 5166 Nam
2148 5108 2216 5167 et
2268 5108 2529 5169 sancto-

568 5199 724 5244 rum
787 5182 939 5260 [pag.
991 5186 1100 5262 43]
1166 5182 1637 5248 intercemione
1704 5183 1923 5250 valere
1991 5187 2192 5254 iussa.
2223 5187 2528 5253 homines

2181 292 2309 358 DE
2352 288 2993 360 NECESSITATE

4439 295 4544 357 480

2630 477 2715 545 ad
2757 477 3104 545 Christum
3148 477 3631 545 revocavimus:
3676 483 3757 544 ut
3797 485 3941 544 tum
3982 478 4055 544 in
4095 478 4270 544 illius
4310 480 4544 547 nomine

2627 570 2881 647 patrem
2935 564 3269 642 invocare,
3328 571 3473 628 tum
3526 584 3602 629 eo
3644 563 4005 630 mediatore
4056 565 4178 628 niti
4223 563 4546 646 discerem

2629 657 2698 716 et
2750 650 2931 733 ipsos
2989 650 3362 728 docuimus,
3433 649 3728 733 primum
3793 671 3944 716 cum
3999 649 4207 716 solida
4258 652 4545 734 firmaque

2627 734 2885 814 fiducia,
2932 734 3172 800 deinde
3215 737 3415 800 etiam
3458 754 3608 799 cum
3642 735 4085 819 intelligentia
4124 755 4339 801 orare:
4372 757 4551 819 quum

2630 828 2785 886 ante
2827 822 3130 887 confusas
3183 841 3410 904 preces
3466 820 3700 904 lingua
3739 821 4078 905 incognita
4128 821 4549 887 demurmura-

2627 914 2794 971 rent.
2866 907 2999 972 Hic
3039 905 3525 990 proscindimur
3562 905 3890 972 atrocibus
3924 906 4255 986 conviciis,
4296 907 4553 989 primum

2628 990 2803 1076 quod
2853 992 2926 1057 in
2981 1000 3240 1059 sanctos
3297 992 3506 1057 simus
3564 992 4052 1072 contumeliosi,
4120 991 4354 1058 deinde
4403 989 4552 1075 quod

2627 1075 2852 1143 fideles
2894 1079 3151 1162 ingenti
3186 1077 3503 1144 beneficio
3536 1078 3892 1160 privemus.
3965 1077 4103 1144 Nos
4137 1098 4296 1144 vero
4328 1084 4553 1143 utrum-

2627 1184 2755 1246 que
2798 1184 3133 1247 negamus.
3222 1162 3398 1228 Nam
3439 1163 3616 1246 quod
3654 1162 3787 1230 illis
3829 1162 4084 1229 Christi
4123 1164 4403 1230 officium
4441 1184 4552 1228 non

2628 1250 2919 1332 patimur
2962 1249 3287 1333 assignari
3307 1299 3323 1328 ,
3381 1248 3505 1313 hoc
3560 1250 3638 1314 fit
3679 1249 3822 1314 sine
3877 1248 4015 1313 ulla
4054 1269 4284 1314 eorum
4326 1249 4549 1314 iniuria.

2628 1334 2905 1400 Nullum
2961 1355 3119 1419 ergo
3180 1333 3317 1399 illis
3373 1335 3694 1400 honorem
3755 1334 4228 1416 praeripimus,
4294 1334 4405 1400 sed
4458 1335 4551 1417 qui

2627 1426 2876 1485 temere
2920 1441 2997 1485 ac
3041 1440 3410 1510 perperam,
3459 1419 3801 1485 hominum
3846 1440 4093 1498 errore,
4136 1419 4273 1486 illis
4314 1420 4552 1484 attribu·

2629 1515 2736 1571 tus
2773 1516 2931 1570 erat.
3005 1505 3190 1570 Nihil
3237 1505 3468 1584 dicam,
3515 1504 3689 1589 quod
3731 1525 3864 1571 non
3910 1506 4115 1588 possit
4151 1504 4356 1590 digito
4393 1526 4553 1570 mon·

2629 1592 2842 1657 strari.
2928 1590 3264 1674 Principio
3314 1590 3614 1656 homines
3668 1591 4025 1674 precaturi,
4083 1591 4312 1656 Deum
4351 1590 4553 1674 imagi-

2628 1683 2873 1742 nantur
2913 1677 3141 1760 procul
3185 1677 3442 1756 abesse,
3485 1698 3609 1742 nec
3652 1677 3738 1742 ad
3779 1698 3960 1755 eum,
4005 1676 4137 1742 nisi
4182 1676 4430 1759 patroni
4458 1697 4552 1742 cu-

2626 1763 2911 1845 iuspiam
2946 1761 3167 1841 ductu,
3205 1770 3430 1845 patere
3473 1783 3827 1828 accessum.
3898 1762 4132 1845 Neque
4174 1763 4350 1828 inter
4387 1760 4555 1827 rudes

2629 1868 2706 1913 ac
2747 1846 3046 1914 indoctos
3089 1854 3355 1912 tantum
3408 1869 3493 1913 va
3579 1855 3693 1913 tur
3742 1847 3908 1914 falsa
3961 1848 4126 1913 haec
4171 1848 4411 1931 opinio:
4460 1844 4557 1912 sed

2626 1935 2741 2017 qui
2785 1934 2982 2000 duces
3025 1953 3371 2000 caecorum
3415 1933 3501 1998 ha
3547 1934 3642 1999 eri
3689 1934 3948 2013 volunt,
3989 1934 4089 1998 ita
4136 1954 4388 2017 quoque
4425 1938 4557 1998 sunt

2626 2020 2940 2102 persuasi.
3012 2020 3224 2085 Porro
3266 2018 3335 2082 in
3381 2017 3770 2102 quaerendis
3813 2018 4127 2101 patronis,
4175 2039 4368 2084 suum
4403 2017 4556 2100 quis-

2626 2126 2753 2188 que
2797 2125 3063 2170 sensum
3109 2105 3419 2188 sequitur.
3494 2104 3687 2169 Alius
3729 2104 4033 2181 Mariam,
4078 2102 4256 2169 alius
4298 2104 4557 2169 Michae-

2627 2190 2789 2270 lem,
2836 2190 3006 2256 alius
3048 2191 3329 2255 Petrum
3372 2190 3574 2274 eligit.
3666 2188 4039 2267 Christum,
4088 2197 4166 2253 ut
4207 2189 4552 2274 plurimum,

2628 2275 2813 2341 nullo
2860 2275 3001 2341 loco
3052 2297 3175 2342 nec
3226 2295 3505 2340 numero
3551 2274 3929 2359 dignantur.
4018 2275 4166 2340 Imo
4215 2276 4328 2342 vix
4366 2281 4555 2341 cente-

2629 2362 2834 2427 simus
2871 2362 3147 2444 quisque
3190 2361 3576 2443 reperietur,
3619 2362 3729 2443 qui
3768 2381 3907 2425 non
3949 2366 4237 2445 stupeat,
4279 2371 4555 2442 tanquam

2631 2445 2716 2511 ad
2768 2468 3013 2512 novum
3069 2453 3475 2530 portentum,
3534 2447 3592 2512 si
3638 2445 3981 2512 Christum
4036 2445 4269 2512 audiat
4312 2445 4556 2511 advoca·

2629 2538 2777 2597 tum
2822 2533 3168 2597 nominari.
3259 2532 3528 2598 Christo
3572 2532 3779 2616 igitur
3820 2532 4178 2614 praeterito
4221 2533 4296 2595 in
4335 2538 4557 2597 sancto-

2632 2639 2781 2682 rum
2824 2618 3206 2701 patrociniis
3262 2639 3490 2683 omnes
3533 2618 3974 2700 acquiescunt.
4065 2616 4315 2683 Gliscit
4354 2612 4556 2681 deinde

2630 2704 2843 2787 magis
2898 2726 2974 2769 ac
3022 2704 3234 2788 magis
3289 2704 3697 2785 superstitio,
3758 2713 3836 2769 ut
3886 2704 4264 2786 promiscue
4313 2709 4554 2776 sanctos,

2631 2811 2765 2854 non
2809 2789 3003 2853 alitor
3045 2810 3243 2871 quam
3277 2790 3530 2866 Deum,
3584 2791 3907 2856 invocent.
3994 2789 4250 2854 Fateor
4290 2785 4557 2871 equidem

2630 2896 2834 2958 quum
2871 2874 3244 2940 distinctius
3276 2874 3456 2957 loqui
3499 2879 3648 2956 [pag.
3686 2878 3796 2954 44]
3822 2873 4071 2952 volunt,
4100 2894 4244 2940 non
4277 2872 4436 2940 aliud
4454 2890 4555 2955 pe-

2630 2968 2773 3026 tere
2812 2980 2925 3026 eos
2961 2980 3001 3023 a
3043 2962 3287 3026 sanctis
3322 2981 3519 3043 quam
3553 2967 3632 3026 ut
3673 2980 3901 3026 eorum
3934 2959 4248 3042 precibus
4281 2961 4558 3026 inventur

2630 3045 2807 3129 apud
2851 3046 3089 3111 Deum.
3180 3044 3315 3112 Sed
3361 3047 3650 3130 saepius,
3706 3047 3975 3111 confuso
4016 3044 4143 3111 hoc
4191 3043 4556 3120 discrimine,

2629 3153 2807 3198 nunc
2850 3132 3099 3210 Deum,
3155 3153 3331 3198 nunc
3374 3131 3553 3210 illos,
3598 3139 3795 3215 prout
3829 3130 4057 3196 tulerit
4098 3134 4345 3197 mentis
4382 3131 4557 3211 impe-

2631 3226 2771 3297 tus,
2836 3218 3186 3300 requirunt
3232 3226 3300 3284 et
3348 3216 3721 3301 implorant.
3812 3215 3996 3298 Quin
4060 3218 4270 3283 etiam
4331 3215 4563 3300 propria

2632 3304 2865 3386 cuique
2917 3304 3259 3386 provincia
3313 3310 3413 3368 est
3469 3304 3833 3387 assignata:
3900 3309 3978 3368 ut
4036 3302 4208 3370 alius
4274 3303 4559 3387 pluviam,

2632 3391 3058 3455 serenitatem
3122 3389 3290 3455 alius
3356 3389 3678 3469 conferat3
3748 3388 3916 3455 alius
3980 3388 4223 3455 liberet
4289 3409 4330 3454 a
4388 3386 4561 3463 febre,

2633 3474 2799 3540 alius
2844 3496 2884 3540 a
2936 3475 3296 3559 naufragio.
3385 3475 3641 3540 Verum
3694 3481 3768 3539 ut
3786 3475 4082 3558 'profana
4123 3475 4260 3541 ista
4302 3473 4564 3540 ethnico·

2632 3581 2784 3625 rum
2828 3559 3090 3638 deliria,
3148 3581 3315 3643 quae
3369 3560 3615 3643 passim
3662 3569 3886 3625 tamen
3941 3570 4333 3644 grassantur
4372 3560 4442 3624 in
4474 3576 4565 3622 ec-

2630 3646 2865 3725 clesiis,
2912 3645 3339 3724 dissimulem,
3386 3668 3522 3711 una
3565 3645 3730 3711 haec
3772 3647 4076 3728 impietas
4120 3668 4247 3729 pro
4290 3644 4565 3712 omnibus

2630 3733 2938 3810 sufficiat,
3006 3731 3178 3815 quod
3233 3738 3413 3797 totus
3482 3732 3768 3798 mundus
3817 3731 3976 3798 hinc
4038 3731 4195 3797 inde
4245 3731 4567 3798 advocatos

2630 3818 2756 3884 sibi
2799 3816 3220 3896 accersendO,
3267 3816 3642 3897 Christum,
3699 3818 3809 3901 qui
3866 3839 4040 3883 unus
4081 3837 4123 3882 a
4164 3818 4314 3884 Deo
4354 3834 4565 3902 propo-

2629 3905 2795 3969 situs
2830 3911 2991 3982 erat,
3035 3903 3339 3987 negligit:
3386 3909 3457 3968 ct
3489 3910 3866 3969 sanctorum
3896 3903 4111 3987 magis
4142 3903 4359 3970 tutela
4388 3917 4561 3986 quam

2629 3989 2761 4055 Dei
2798 3990 3203 4072 protectione
3246 3987 3532 4055 confidit.

2802 4074 2898 4140 At
2940 4075 3148 4140 nostri
3202 4074 3743 4158 reprehensores,
3800 4076 3998 4139 etiam
4041 4074 4157 4157 qui
4210 4076 4386 4141 inter
4421 4070 4565 4135 alios

2628 4159 2962 4242 aliquanto
3004 4160 3154 4244 plus
3211 4160 3461 4226 habent
3514 4161 3893 4244 aequitatis,
3949 4158 4222 4226 modum
4276 4161 4346 4226 in
4400 4154 4571 4224 nobis

2629 4243 3033 4325 desiderant,
3084 4245 3254 4329 quod
3310 4253 3685 4311 sanctorum
3730 4253 4141 4311 mortuorum
4181 4247 4575 4313 mentionem

2629 4332 2702 4396 in
2757 4339 2972 4397 totum
3030 4352 3113 4396 ex
3170 4333 3476 4415 precibus
3529 4330 4008 4398 sustulerimus.
4100 4329 4237 4398 Sed
4290 4353 4371 4398 ex
4417 4326 4574 4410 ipsis

2630 4417 2797 4483 scire
2838 4416 3041 4483 velim
3058 4468 3073 4494 ,
3117 4416 3275 4501 quid
3321 4438 3432 4483 eos
3475 4417 4197 4500 peccaraexistiment,
4237 4415 4345 4500 qui
4384 4431 4575 4497 regu-

2627 4502 2762 4568 lam
2799 4524 2840 4568 a
2882 4501 3151 4568 Christo
3186 4503 3430 4586 optimo
3469 4504 3804 4588 magistre,
3848 4525 3889 4569 a
3921 4503 4258 4587 prophetis
4289 4507 4356 4567 et
4387 4518 4576 4582 apos-

2629 4588 2781 4655 tolis
2816 4588 3119 4655 omnibus
3152 4589 3455 4671 positam,
3497 4588 3782 4654 fideliter
3815 4587 4199 4655 observant:
4238 4607 4360 4653 nec
4390 4581 4579 4668 quid-

2631 4693 2829 4759 quam
2870 4675 3443 4757 praetermittunt,
3504 4672 3677 4757 quod
3719 4675 3830 4740 vel
3873 4675 4146 4758 spiritus
4204 4680 4471 4741 sanctus
4512 4667 4585 4734 in

2632 4761 2975 4844 scripturis
3031 4759 3361 4837 docuerit,
3413 4760 3522 4826 vel
3576 4761 3757 4827 servi
3807 4761 3966 4838 Dei,
4020 4780 4061 4825 a
4103 4762 4319 4844 prima
4361 4754 4588 4824 mundi

2633 4847 2887 4931 origine
2945 4868 3153 4930 usque
3206 4846 3292 4911 ad
3348 4852 3635 4912 aetatem
3694 4846 4132 4929 apostolorum
4186 4847 4255 4911 in
4299 4866 4435 4910 usu

2632 4933 2919 5000 buerint.
3008 4931 3193 4998 Nihil
3238 4939 3340 4998 est
3381 4932 3550 5011 fere,
3606 4932 3689 4997 de
3728 4953 3855 5015 quo
3911 4931 4297 5016 diligentius
4342 4927 4590 5013 praeci·

2682 5019 2773 5082 iat
2814 5018 3086 5103 spiritus
3130 5026 3426 5098 sanctus,
3471 5038 3670 5101 quam
3712 5017 3795 5083 de
3835 5038 3997 5084 vera
4038 5015 4272 5083 orandi
4316 5015 4621 5082 ratione.-

2631 5038 2838 5176 Rulla
2883 5111 2984 5168 est
3041 5103 3323 5189 syllaba,
3381 5123 3549 5187 quae
3603 5103 3688 5181 ad
3737 5111 4113 5170 sanctorum
4176 5111 4593 5168 mortuorum

2635 5187 3002 5255 subsidium
3056 5189 3409 5273 confugere
3461 5209 3583 5256 nos
3638 5187 3884 5256 doceat.
3982 5187 4240 5255 Multae
4292 5184 4597 5271 complu·
