4967 5992
388 360 519 426 493

393 546 646 632 eligant
688 546 772 611 ad
817 544 1162 612 eeclesiam
1207 542 1708 628 gubernandam
1724 593 1740 621 ,
1787 542 2115 625 aliamque
2154 545 2356 608 ratio-

390 654 547 699 nem
601 638 903 710 teneant,
974 650 1240 696 necesse
1301 636 1432 695 est:
1493 636 1611 694 aut
1661 629 1971 710 conqueri
2029 626 2352 706 desinant,

391 718 564 798 iure,
620 716 795 802 quod
851 715 977 783 sibi
1018 716 1458 799 competebat,
1514 737 1585 780 66
1639 715 1844 780 fuisse
1899 734 2250 797 perperam
2289 722 2357 778 et

389 805 636 871 iniuria
679 803 1003 886 spoliatos,
1095 803 1238 866 Aut
1291 802 1347 867 si
1388 801 1644 866 malunt
1695 800 2018 883 apertius:
2075 799 2206 864 alia
2247 821 2354 864 ra-

390 892 572 957 tione
603 888 998 973 perveniant
1030 886 1114 952 ad
1150 889 1617 970 episcopatum,
1663 907 1860 968 quam
1898 883 2352 969 pervenerint:

389 977 520 1043 alio
561 993 743 1040 more
787 983 856 1039 et
898 975 1035 1038 ritu
1091 973 1512 1038 ordinentur:
1568 993 1810 1036 munus
1854 991 2046 1037 suum
2095 969 2352 1053 plebem

390 1061 717 1146 pascendo
787 1064 938 1139 [pag.
978 1063 1088 1137 67]
1144 1058 1493 1141 impleant,
1559 1059 1618 1124 61
1683 1079 1799 1141 pro
1857 1057 2180 1139 episcopis
2238 1077 2353 1140 ag-

393 1149 578 1214 nosci
633 1145 888 1213 volunt.
977 1145 1076 1211 Ut
1143 1152 1534 1226 potestatem
1600 1142 1985 1208 nominandi
2047 1149 2116 1205 et
2176 1141 2353 1205 ordi-

315 1237 322 1242 ’
387 1233 594 1300 nandi
646 1232 1007 1309 retineant,
1077 1232 1328 1295 iustum
1381 1227 1548 1294 illud
1601 1237 1669 1293 et
1715 1229 1960 1293 serium
2019 1227 2352 1292 doctrinae

388 1321 692 1402 vitaeque
742 1338 1024 1382 examen
1071 1317 1456 1381 restituant:
1513 1313 1685 1397 quod
1729 1313 1865 1377 iam
1923 1313 2152 1378 multis
2207 1333 2349 1377 sae-

387 1405 556 1471 culis
589 1405 765 1468 inter
806 1423 917 1467 eos
961 1401 1300 1470 obsolevit.
1367 1399 1763 1481 Quanquam
1808 1399 1971 1464 haec
2012 1418 2149 1462 una
2182 1400 2349 1463 ratio

389 1492 604 1557 instar
643 1487 824 1553 mille
866 1485 1200 1552 habenda:
1257 1485 1431 1568 quod
1484 1506 1748 1574 omnem
1803 1486 1875 1548 in
1918 1484 2190 1549 ecclesia
2234 1505 2349 1549 au-

387 1577 726 1642 toritatem
790 1572 1108 1657 perdidit,
1184 1573 1553 1655 quicunque
1619 1592 1690 1636 se
1757 1591 1959 1636 sanae
2016 1568 2350 1635 doctrinae

387 1662 651 1727 hostem
694 1681 841 1725 esse
903 1678 976 1723 re
1029 1658 1175 1740 ipsa
1230 1657 1543 1734 ostendit,
1590 1657 2041 1739 qualicunque
2097 1656 2351 1720 interea

388 1747 583 1812 titulo
626 1767 698 1811 se
741 1744 1054 1811 venditet.
1142 1742 1399 1821 Scitur,
1455 1742 1612 1825 quid
1649 1743 1730 1808 de
1772 1739 2121 1807 haereticis
2160 1762 2349 1823 prae-

389 1834 636 1916 cipiant
676 1838 934 1897 veteres
976 1829 1240 1915 synodi:
1287 1850 1487 1911 quam
1529 1828 1660 1893 illis
1712 1835 2102 1911 potestatem
2147 1827 2348 1891 relin-

389 1926 610 2002 quant.
667 1917 730 1981 N
734 1918 1074 1982 ominatim
1100 1924 1276 1982 certe
1310 1922 1560 1992 vetant,
1598 1935 1682 1979 ne
1718 1914 2065 1996 quisquam
2101 1911 2185 1976 ab
2219 1912 2350 1977 illis

389 2004 868 2070 ordinationem
918 2011 1118 2084 petat.
1204 2002 1353 2066 Hoc
1397 2021 1555 2083 ergo
1611 2000 1716 2065 ius
1769 1998 1946 2063 tueri
1998 2019 2192 2063 nemo
2235 2019 2349 2080 po-

390 2099 552 2168 test,
611 2089 739 2154 nisi
799 2088 911 2171 qui
955 2087 1290 2153 doctrinae
1332 2087 1624 2169 puritate
1668 2083 1980 2150 ecclesiae
2023 2082 2349 2148 unitatem

390 2181 754 2242 conservat.
845 2173 1144 2238 Dicimus
1198 2193 1336 2250 666,
1403 2173 1514 2254 (161
1577 2171 2028 2252 episcoporum
2084 2169 2351 2233 nomine

390 2262 585 2327 hodie
630 2257 1011 2344 praesident
1055 2257 1378 2334 ecelesiis,
1425 2256 1587 2322 adeo
1630 2276 1764 2321 non
1810 2275 1952 2321 esse
1995 2253 2161 2319 fidos
2203 2255 2350 2337 piae

387 2347 728 2414 doctrinae
784 2342 1086 2410 custodes
1143 2364 1219 2408 ac
1271 2343 1640 2420 ministros,
1709 2350 1788 2405 ut
1850 2340 2148 2406 acerrimi
2215 2341 2352 2405 sint

386 2435 607 2516 potius
651 2430 833 2495 illius
879 2430 1118 2494 hostes.
1191 2427 1492 2494 Dicimus
1535 2427 1662 2491 hoc
1703 2448 1912 2492 unum
1956 2446 2066 2491 eos
2109 2425 2347 2505 moliri,

384 2527 464 2585 ut
506 2516 773 2583 Christo
816 2536 969 2580 eum
1014 2514 1334 2597 evangelii
1374 2514 1477 2578 sui
1521 2513 1803 2578 veritate
1836 2513 2164 2578 exstincto
2205 2511 2349 2575 ido-

382 2602 747 2679 lolatriam,
803 2600 1234 2681 impietatem,
1278 2598 1595 2682 pessimos
1641 2608 1709 2662 et
1749 2597 2050 2663 exitiales
2095 2617 2349 2663 errores

385 2690 797 2754 confirment.
887 2686 1187 2751 Dicimus
1230 2705 1341 2750 666
1384 2688 1520 2749 666
1555 2684 1773 2750 verbis
1815 2683 2009 2748 modo
2052 2682 2349 2765 pertina-

385 2775 553 2841 citer
595 2792 823 2837 veram
878 2771 1146 2854 pietatis
1203 2770 1565 2836 doctrinam
1620 2771 2040 2854 impugnare,
2095 2768 2210 2833 sed
2246 2769 2346 2833 fu-

384 2861 557 2926 riose
613 2857 866 2923 saevire
919 2857 991 2920 in
1049 2877 1158 2920 eos
1211 2877 1468 2934 omnes,
1535 2856 1650 2939 qui
1697 2876 1844 2920 eam
1909 2876 1992 2920 ex
2057 2854 2348 2919 tenebris

384 2964 617 3012 eruere
669 2943 960 3027 cupiunt.
1050 2941 1394 3007 Adversus
1447 2948 1581 3020 tot,
1617 2941 1890 3024 quibus
1943 2940 2344 3018 renituntur,

383 3031 856 3114 impedimenta
929 3027 1268 3093 studemus
1343 3049 1610 3111 operam
1674 3037 1968 3093 nostram
2034 3026 2347 3093 ecclesiae

383 3114 781 3198 impendere.
856 3113 961 3179 Ob
1005 3112 1178 3180 hanc
1222 3134 1490 3180 causam
1524 3114 1864 3179 nobiscum
1907 3113 2343 3195 expostulant,

384 3202 554 3286 quod
591 3200 837 3265 illicitis
872 3199 1085 3264 modis
1118 3201 1189 3264 16
1225 3221 1450 3264 661616
1487 3201 1961 3281 possessionem
1995 3199 2344 3264 irruamus.

551 3285 751 3368 Quod
787 3284 870 3351 ad
893 3287 1171 3349 formam
1194 3291 1309 3350 aut
1331 3286 1805 3350 caeremoniam
1843 3284 2106 3347 attinet:
2145 3282 2347 3365 digna

380 3394 490 3440 res
533 3373 795 3450 scilicet,
842 3369 924 3435 de
966 3390 1097 3453 qua
1137 3369 1325 3436 nobis
1368 3371 1506 3436 sint
1545 3368 1821 3442 molesti.
1913 3367 2090 3449 Quia
2131 3388 2345 3433 sacer-

383 3460 616 3526 dotum
671 3455 847 3541 apud
900 3477 1023 3521 nos
1071 3478 1311 3522 manus
1363 3477 1496 3521 non
1551 3462 1927 3538 unguntur,
1994 3454 2150 3537 quia
2209 3474 2343 3518 non

381 3551 531 3627 [pag.
578 3549 690 3624 68]
741 3544 977 3608 flamus
1019 3543 1088 3607 in
1135 3562 1361 3608 eorum
1417 3541 1677 3615 faciem,
1734 3541 1887 3622 quia
1929 3538 2078 3604 alba
2124 3560 2233 3605 eos
2279 3546 2345 3603 et

382 3633 636 3714 reliquo
692 3630 831 3694 eius
890 3631 1153 3713 generis
1210 3635 1447 3693 ornatu
1491 3648 1623 3691 non
1665 3625 2031 3691 induimus:
2058 3629 2105 3708 ¹)
2166 3625 2340 3690 ordi·

378 3719 721 3784 nationem
755 3715 883 3780 rite
917 3736 958 3781 a
1000 3716 1187 3781 nobis
1220 3715 1366 3779 fieri
1400 3734 1537 3779 non
1572 3711 1870 3780 credunt.
1941 3712 2152 3794 Atqui
2193 3711 2344 3776 nul-

377 3805 517 3870 lam
560 3802 719 3867 olim
774 3802 1252 3867 caeremoniam
1305 3806 1571 3884 praeter
1625 3819 1939 3863 manuum
1981 3798 2343 3881 impositio-

379 3909 572 3965 nem,
639 3888 711 3950 in
768 3907 897 3950 usu
948 3888 1151 3952 fuisse
1204 3886 1503 3970 legimus.
1593 3886 1918 3952 Recentia
1980 3893 2138 3948 sunt
2193 3885 2342 3962 ista,

378 3996 506 4042 nec
550 3971 818 4038 aliunde
860 3970 1216 4054 quidquam
1258 3971 1505 4037 habent
1546 3969 2159 4048 commendationis,
2214 3970 2344 4035 nisi

381 4059 558 4146 quod
601 4079 780 4123 nunc
813 4055 1015 4140 vulgo
1071 4065 1256 4122 tanta
1306 4058 1624 4143 religione
1667 4058 2117 4123 observantur.
2206 4054 2342 4122 Sed

382 4146 541 4231 quid
607 4144 732 4210 hoc
800 4142 883 4207 ad
943 4143 1128 4208 rem?
1218 4143 1389 4208 Nam
1455 4144 1529 4209 in
1592 4143 1792 4209 rebus
1859 4142 2069 4207 tantis
2132 4143 2343 4207 maior

384 4254 583 4317 quam
639 4229 982 4296 hominum
1036 4230 1351 4295 autoritas
1404 4230 1755 4311 quaeritur.
1845 4227 2135 4294 Proinde
2179 4247 2343 4310 quae

384 4320 467 4385 ab
501 4314 877 4384 hominibus
910 4315 1185 4381 inventa
1219 4324 1391 4393 sunt,
1429 4314 1675 4399 absque
1703 4314 2044 4399 religione,
2090 4314 2342 4397 quoties

383 4406 477 4470 ita
518 4402 809 4488 postulat
850 4408 1225 4484 temporum
1269 4400 1585 4476 conditio,
1639 4409 1901 4467 mutare
1943 4400 2130 4465 licet:
2175 4421 2342 4481 quae

383 4511 540 4557 vero
582 4510 723 4555 non
774 4488 872 4553 ita
917 4485 1174 4571 pridem
1214 4488 1646 4563 exstiterunt,
1699 4486 1910 4551 multo
1951 4486 2178 4552 minus
2221 4485 2342 4550 ha-

383 4576 542 4642 bent
591 4574 929 4640 momenti.
1020 4572 1308 4639 Calicem
1371 4579 1713 4655 praeterea
1764 4578 1834 4636 et
1894 4581 2203 4655 patenam
2269 4572 2339 4636 in

385 4683 655 4727 manum
712 4659 886 4743 porri
982 4665 1061 4723 nt
1114 4659 1279 4738 suis,
1337 4678 1497 4741 quos
1555 4664 1808 4735 creant,
1875 4656 2338 4723 sacerdotibus.

386 4745 762 4829 Quorsum?
920 4755 947 4810 t
1012 4765 1123 4810 666
1190 4744 1274 4810 ad
1349 4741 1854 4810 sacrificandum
1915 4742 2077 4808 1666
2171 4748 2337 4807 rent.

385 4831 522 4900 Sed
565 4853 694 4916 quo
747 4830 1102 4897 mandato?
1191 4830 1420 4913 Neque
1464 4830 1640 4894 661111
1699 4836 1817 4893 aut
1857 4764 2171 4910 apostoffi
2214 4848 2340 4892 un-

384 4939 580 5002 quam
633 4917 808 4984 hanc
858 4918 1263 4984 functionem
1317 4915 1628 4982 Christus
1685 4913 1977 4979 iniunxit
1992 4964 2008 4994 ‚
2077 4921 2194 4978 aut
2257 4912 2340 4979 ab

525 5207 583 5274 1)
617 5206 697 5261 Et
728 5221 833 5275 que
866 5222 1008 5261 nous
1054 5222 1125 5262 ne
1168 5205 1251 5263 le's
1285 5189 1508 5262 vestons
1559 5207 1715 5275 point
1761 5203 1984 5259 d’aubes
2021 5210 2077 5259 et
2112 5203 2179 5259 de
2217 5203 2340 5259 che·

391 5275 575 5333 nubles
612 5284 669 5332 et
701 5275 770 5329 de
805 5275 884 5329 tel
918 5274 1143 5343 bagage.
1219 5274 1286 5329 G.

1746 351 2474 421 REFORMANDAE
2519 349 3066 419 ECCLESIAE.

4295 364 4424 427 494

2461 561 2690 606 eorum
2768 540 3249 607 successoribus
3326 542 3575 625 suscipi
3649 544 3873 608 voluit.
3963 544 4184 629 Inepti
4265 568 4423 633 ergo

2459 634 2635 703 sunt,
2680 648 2885 710 quum
2921 625 3004 691 de
3027 626 3375 692 ordinandi
3409 629 3621 693 ferma
3643 630 3831 696 nobis
3866 631 4200 697 facessunt
4220 653 4421 717 nego·

2458 713 2658 777 tium:
2704 713 2774 778 in
2819 721 2963 794 qua*
2990 711 3159 776 nihil
3203 735 3243 778 a
3286 712 3540 779 Christi
3583 715 3833 799 regula,
3876 724 3945 780 et
3979 719 4423 799 apostolorum

2459 820 2619 877 usu,
2662 820 2703 863 a
2745 800 2986 864 veteris
3032 799 3344 864 ecclesiae
3387 801 3861 866 consuetudine
3905 803 4254 868 minimum
4298 805 4420 870 dif-

2458 885 2762 951 ferimus:
2816 906 3021 968 quum
3077 904 3264 950 suam
3319 884 3536 964 illam,
3597 886 3677 951 de
3720 888 3908 953 cuius
3950 889 4257 973 neglectu
4299 914 4419 958 nos

2458 978 2795 1049 accusant,
2857 991 3069 1052 neque
3124 971 3255 1036 Dei
3313 972 3545 1049 verbe,
3614 992 3828 1056 neque
3886 975 4081 1039 firma
4142 976 4419 1055 ratione,

2458 1076 2670 1138 neque
2714 1056 3119 1138 antiquitatis
3159 1058 3431 1121 obtentu
3477 1059 3733 1141 possint
3775 1057 4141 1125 defendere.

2631 1140 2715 1205 In
2757 1152 2946 1224 parte
2998 1143 3338 1225 regiminis
3394 1142 3814 1210 ecclesiastici
3870 1155 4027 1211 sunt
4068 1147 4281 1231 leges:
4336 1170 4421 1214 ex

2456 1226 2692 1309 quibus
2732 1247 2844 1291 eas
2886 1226 3172 1292 libenter
3209 1228 3577 1310 recipimus,
3623 1250 3791 1311 quae
3835 1253 3957 1296 nec
3992 1234 4419 1300 conscientia·

2455 1325 2605 1377 rum
2630 1319 2786 1377 sunt
2805 1312 3042 1392 laquei,
3081 1320 3150 1377 et
3185 1312 3267 1376 ad
3303 1314 3552 1379 ordinis
3578 1316 3819 1396 publici
3856 1319 4416 1384 conservationem

2453 1399 2731 1463 faciunt:
2759 1418 2928 1479 quae
2961 1405 3181 1463 autem
3205 1399 3310 1463 vel
3333 1420 3450 1481 per
3476 1400 3897 1483 tyrannidem
3934 1402 4017 1466 ad
4041 1405 4419 1486 opprimen-

2454 1484 2573 1550 das
2595 1484 2913 1549 servituto
2933 1485 3363 1549 conscientias
3386 1485 3730 1567 impositae
3752 1489 4031 1566 fuerant,
4055 1491 4164 1553 vel
4190 1512 4419 1573 super-

2453 1570 2703 1635 stitioni
2729 1573 2878 1648 [pag.
2917 1575 3026 1648 69]
3060 1570 3438 1634 serviebant
3459 1573 3691 1655 magis,
3727 1594 3923 1655 quam
3962 1574 4416 1656 aedificationi,

2454 1677 2566 1721 eas
2589 1655 2903 1737 abrogare
2930 1655 3137 1719 coacti
3161 1655 3426 1721 fuimus.
3499 1657 3646 1722 Hoc
3679 1657 3819 1724 loco
3845 1660 4086 1724 fastidii
4130 1663 4418 1744 primum

2456 1750 2523 1806 et
2543 1739 3063 1823 importunitatis
3086 1761 3209 1805 nos
3248 1741 3639 1832 insimulant
3659 1742 3883 1810 hostes
3907 1747 4140 1811 nostri:
4181 1745 4415 1813 deinde

2456 1826 2674 1893 carnis
2695 1825 3031 1890 licentiam
3054 1846 3369 1907 quaerere
3395 1848 3513 1892 nos
3538 1830 4003 1895 criminantur:
4041 1839 4119 1896 ut
4139 1855 4414 1900 excusso

2456 1911 2843 1995 disciplinae
2877 1911 3048 1993 iugo,
3094 1910 3517 1977 lasciviamus
3559 1925 3754 1995 prout
3788 1915 4068 1981 libuerit.
4139 1917 4415 1997 Verum,

2455 1998 2628 2063 sicut
2671 1995 2828 2072 dixi,
2873 1995 3033 2078 quin
3077 2008 3455 2061 reverenter
3498 2000 3948 2066 custodiantur
3992 2024 4419 2088 quaecunque

2453 2084 2523 2148 in
2571 2083 2747 2147 116116
2790 2089 3051 2146 tantum
3094 2083 3294 2147 finem
3340 2083 3706 2165 respiciunt
3745 2086 3955 2170 leges,
4001 2096 4076 2152 ut
4109 2089 4420 2156 decenter

2457 2177 2526 2235 et
2568 2168 2796 2233 ordine
2841 2175 3156 2251 gerantur
3199 2169 3372 2231 inter
3413 2168 3640 2235 fideles
3686 2174 3934 2249 omnia,
3991 2174 4265 2241 minime
4310 2197 4416 2242 re-

2455 2275 2848 2338 pugnamus.
2938 2252 3169 2334 Neque
3223 2273 3382 2318 vero
3439 2254 3519 2319 de
3565 2257 3875 2339 singulis,
3932 2279 4098 2339 quas
4143 2261 4417 2345 abroga—

2453 2340 2707 2416 vimus,
2791 2359 3173 2405 recusamus
3246 2360 3513 2405 eausam
3593 2340 3837 2418 dicere,
3917 2364 4037 2408 eur
4103 2346 4197 2408 ita
4272 2348 4417 2412 fieri

2450 2425 2829 2509 oportuerit.
2890 2423 3088 2489 Certe
3127 2424 3456 2490 laborasse
3480 2434 3742 2508 praeter
3773 2425 4042 2492 modum
4078 2430 4414 2496 ecclesiam

2453 2512 2579 2577 sub
2615 2510 3046 2575 traditionum
3081 2510 3526 2576 humanarum
3571 2534 3787 2591 onere,
3832 2520 3900 2577 et
3942 2513 4416 2582 sublevandam

2452 2596 2823 2662 necessario
2860 2596 3078 2673 fuisse,
3125 2597 3180 2661 si
3218 2597 3590 2662 consultum
3628 2597 3724 2661 illi
3759 2599 4098 2679 vellemne,
4136 2601 4416 2684 probatu

2452 2681 2720 2749 difficile
2771 2701 2906 2746 non
2966 2691 3083 2746 est.
3171 2682 3347 2747 Nota
3403 2693 3505 2748 est
3558 2685 3919 2767 Augustini
3982 2689 4411 2767 querimonia,

2451 2790 2582 2853 qua
2652 2789 2811 2835 suae
2889 2767 3125 2833 aetatis
3203 2768 3645 2835 calamitatem
3727 2772 4021 2854 graviter
4095 2771 4412 2856 deplorat,

2451 2853 2626 2938 quod
2670 2853 2976 2933 ecclesia,
3035 2874 3233 2937 quam
3275 2855 3407 2920 Dei
3462 2855 3911 2921 misericordia
3953 2857 4225 2923 liberam
4272 2880 4416 2926 esse

2449 2941 2694 3018 voluit,
2771 2942 2866 3006 sic
2921 2941 3053 3005 iam
3126 2947 3273 3004 tum
3342 2941 3792 3023 premebatur,
3873 2949 3951 3007 ut
4012 2944 4417 3011 tolerabilior

2449 3028 2683 3093 fuisset
2760 3026 3155 3091 Iudaeorum
3249 3027 3548 3092 conditio.
3580 3031 3626 3108 ¹)
3741 3030 3851 3093 Ex
3944 3049 4020 3093 eo
4118 3038 4416 3114 tempore

2451 3134 2801 3177 numerum
2839 3113 2977 3177 fere
3018 3114 3089 3176 in
3134 3111 3486 3195 decuplum
3530 3115 3849 3192 crevisse,
3896 3117 4253 3182 verisimile
4294 3126 4414 3184 est.

2450 3198 2667 3264 Multo
2725 3219 2885 3263 vero
2947 3198 3095 3280 plus
3165 3198 3375 3263 crevit
3441 3200 3749 3282 exigendi
3818 3201 4016 3283 rigor.
4108 3200 4291 3282 Quid
4357 3205 4416 3269 si

2451 3285 2656 3368 igitur
2695 3304 2875 3348 nunc
2919 3291 3296 3366 resurgeret
3339 3299 3605 3351 sanctus
3647 3286 3762 3350 ille
3797 3286 3918 3363 vir,
3965 3309 4041 3353 ac
4084 3288 4415 3353 infinitam

2448 3370 2645 3434 istam
2696 3368 2918 3452 legum
2974 3368 3467 3435 multitudinem
3519 3372 3901 3454 inspiceret,
3960 3373 4080 3438 sub
4126 3393 4255 3454 qua
4300 3372 4412 3438 de-

2449 3476 2706 3520 mersae
2748 3462 3023 3537 gemunt
3064 3455 3344 3519 miserae
3387 3456 3864 3522 conscientiae?
3945 3455 4125 3537 Quid
4164 3459 4219 3523 si
4264 3480 4413 3524 rur-

2450 3562 2594 3606 sum
2634 3546 2956 3616 cerneret,
3003 3560 3131 3622 qua
3175 3543 3524 3606 severitate
3570 3544 3875 3626 exigatur
3918 3563 4146 3608 carum
4189 3545 4411 3610 obser-

2449 3624 2672 3692 vatio?
2762 3626 3120 3708 Excipient
3173 3626 3394 3691 forsan
3438 3626 3947 3711 reprehensores
3987 3632 4198 3696 nostri
4216 3683 4232 3710 ,
4286 3653 4407 3697 nos

2448 3732 2602 3777 cum
2647 3712 3023 3795 Augustino
3061 3711 3301 3776 deflere
3343 3715 3652 3795 potuisse,
3700 3714 3757 3780 si
3803 3713 3960 3797 quid
4005 3715 4406 3799 displiceret:

2449 3797 2835 3864 correctioni
2857 3818 3015 3862 vero
3044 3818 3319 3863 manum
3361 3820 3498 3865 non
3520 3800 3720 3866 fuisse
3745 3800 4203 3866 adhibendam.
4274 3802 4407 3866 Cu-

2447 3884 2552 3949 ius
2599 3882 2979 3949 obiectionis
3044 3883 3255 3950 facilis
3310 3892 3413 3950 est
3459 3886 3713 3952 solutio.
3802 3887 3975 3952 Nam
4029 3908 4235 3971 quum
4288 3909 4408 3969 pu-

2409 3987 2414 3992 ·
2446 3977 2751 4035 tarentur
2791 3970 3146 4035 observatu
3186 3974 3590 4038 necessariae
3632 3993 3777 4038 esse
3819 3972 4162 4037 hominum
4204 3972 4407 4055 leges,

2447 4055 2688 4139 corrigi
2732 4054 2960 4121 debuit
3001 4055 3409 4138 perniciosus
3453 4063 3599 4137 [pag.
3639 4063 3746 4137 70]
3793 4058 3898 4123 hic
3941 4077 4143 4122 error.
4218 4057 4408 4137 Quae

2448 4149 2763 4206 externae
2809 4142 3076 4224 politiae
3145 4163 3345 4208 causa
3387 4144 3694 4210 feruntur
3750 4144 3959 4227 leges,
4030 4142 4408 4208 obedienter

2448 4226 2810 4293 servandas
2852 4248 2996 4294 6666
3040 4229 3213 4295 sicut
3256 4228 3414 4309 dixi,
3458 4251 3593 4295 non
3634 4251 3975 4313 negamus,
4019 4228 4129 4293 Ad
4172 4250 4406 4312 regen-

2447 4311 2567 4379 das
2612 4314 3042 4380 conscientias
3098 4335 3232 4380 non
3278 4315 3417 4380 nisi.
3456 4337 3631 4381 unus
3674 4316 3860 4380 Deus
3904 4322 4007 4379 est
4047 4314 4404 4398 legislator.

2445 4400 2738 4465 Maneat
2775 4420 2932 4483 ergo
2988 4421 3192 4483 penes
3243 4399 3463 4482 ipsum
3519 4401 3731 4466 solum
3789 4400 3981 4478 haec,
4039 4420 4237 4482 quam
4283 4400 4407 4466 6161

2445 4484 2677 4551 multis
2721 4485 3087 4570 scripturae
3130 4485 3293 4550 locis
3335 4484 3645 4564 vindicat,
3684 4486 4023 4551 autoritas.
4084 4485 4169 4550 In
4211 4508 4290 4551 ea
4332 4506 4406 4550 re

2445 4571 2731 4653 primum
2777 4572 2906 4637 Dei
2952 4572 3192 4649 honor,
3250 4591 3444 4654 quem
3489 4571 3671 4636 nullo
3726 4570 3919 4636 modo
3960 4571 4265 4637 imminui
4306 4572 4406 4638 fas

2446 4663 2574 4736 est,
2636 4654 2874 4722 deinde
2929 4655 3289 4738 spiritualis
3344 4657 3900 4723 conscientiarum
3942 4656 4211 4723 libertas
4253 4678 4404 4724 ver-

2446 4742 2639 4819 titur,
2695 4761 2894 4824 quam
2938 4742 3195 4807 Paulus
3240 4742 3587 4808 hominum
3631 4741 3901 4808 arbitrio
3946 4743 4180 4809 subiici
4223 4764 4402 4808 sum-

2445 4846 2716 4910 mopere
2776 4834 2977 4892 vetat.
3070 4824 3267 4906 Quod
3320 4828 3546 4910 itaque
3611 4829 3808 4894 officii
3861 4830 4073 4895 nostri
4128 4837 4271 4894 erat
4326 4837 4405 4892 ut

2444 4911 2740 4977 fidelium
2793 4911 3238 4978 'conscientias
3299 4911 3577 4998 indigna
3641 4916 3992 4995 servitute,
4065 4936 4196 4998 qna
4250 4935 4403 4978 con-

2446 4998 2715 5064 strictae
2757 4998 3179 5078 tenebantur,
3240 4999 3681 5067 eximeremus
3698 5051 3715 5080 ,
3760 5023 3873 5067 eas
3923 5002 4005 5066 ab
4060 4999 4402 5065 hominum

2587 5271 2648 5338 1)
2684 5271 2861 5341 Epist.
2892 5269 2943 5326 2.
2979 5271 3050 5326 ad
3085 5271 3407 5328 Ianuarium.
