4967 5992
380 321 498 383 261

377 506 597 575 Habet
651 505 830 572 enim
889 529 972 573 ex
1027 506 1388 574 Clementis
1441 508 2044 593 Recognitionibus.
2135 511 2340 576 Prae-

377 595 627 662 clarum
670 612 829 660 vero
873 600 1201 673 autorem,
1256 615 1341 658 ex
1384 614 1512 676 quo
1557 593 1640 659 de
1683 597 1887 660 tantis
1931 595 2126 661 rebus
2170 594 2339 661 iudi-

377 681 550 746 cium
606 681 738 745 fiat.
831 678 1110 744 Constat
1163 680 1342 744 enim
1399 679 1631 745 deliria
1674 701 1815 746 esse
1871 681 2077 764 inepti
2118 682 2336 747 cuius-

372 768 552 850 piam
603 763 940 844 monachi,
1000 785 1165 848 quae
1221 766 1343 830 sub
1407 763 1772 832 Clementis
1827 769 2092 832 nomine
2146 766 2339 832 malis

375 852 680 936 auspiciis
736 849 915 914 edita
967 855 1137 915 sunt.
1226 850 1457 933 Neque
1502 871 1658 917 vero
1711 854 1972 936 magnis
2016 860 2082 916 et
2124 852 2337 936 longis

371 937 734 1003 rationibus
777 956 941 1020 opus
984 943 1103 1001 est.
1192 933 1535 1019 Siquidem
1587 942 1691 1003 est
1742 939 1810 1002 in
1863 937 2173 1003 manibus
2216 938 2337 1003 ho-

372 1023 629 1089 minum
674 1021 858 1100 liber,
951 1020 1019 1086 ui
1061 1021 1203 1086 sine
1243 1020 1460 1088 indice
1497 1042 1681 1087 suam
1717 1023 2155 1089 insulsitatem
2189 1023 2337 1107 plus

373 1110 534 1175 satis
578 1107 814 1190 prodit.
971 1126 1092 1171 uae
1135 1106 1258 1172 sub
1302 1107 1488 1174 Petri
1543 1129 1824 1191 persona
1863 1109 1999 1174 illic
2041 1110 2335 1175 referun-

375 1201 510 1273 tur,
578 1192 885 1276 spiritum
965 1191 1398 1275 apostolicum
1472 1193 1680 1259 nihilo
1742 1195 1956 1279 magis
2014 1195 2332 1269 redolent,

372 1300 569 1363 quam
614 1278 991 1344 Aristotelis
1033 1276 1106 1340 τὰ
1160 1277 1309 1356 μετὰ
1352 1279 1601 1361 φυσικά.
1703 1279 1887 1361 Quin
1930 1281 2128 1345 etiam
2169 1281 2334 1345 mihi

371 1365 599 1432 videor
653 1363 994 1429 Aristoteli
1048 1365 1263 1430 facere
1313 1365 1653 1445 iniuriam,
1711 1365 1867 1431 dum
1922 1365 2078 1431 huic
2165 1365 2332 1430 hilo-

370 1449 717 1534 sophastro
758 1450 976 1533 ipsum
1020 1470 1341 1533 comparo.
1409 1450 1643 1534 Itaque
1677 1451 1846 1516 nihil
1881 1450 2065 1517 aliud
2147 1451 2330 1530 'cam,

368 1537 500 1603 nisi
563 1535 736 1620 quod
798 1537 934 1601 iam
997 1534 1164 1614 dixi,
1221 1536 1421 1602 fuisse
1484 1536 1786 1620 ineptum
1848 1536 2331 1620 3110110111,ωο-

367 1622 680 1701 nachum,
725 1622 835 1704 qui
878 1620 1189 1706 nugando
1230 1620 1459 1687 fallere
1492 1623 1606 1687 otii
1642 1623 1743 1688 8111
1784 1622 2076 1689 taedium
2100 1622 2332 1688 volue-

366 1710 475 1774 rit.
565 1707 732 1773 Inde
766 1713 986 1772 autem
1023 1706 1305 1789 sumpsit
1334 1707 1662 1786 fiduciam,
1699 1714 1779 1773 ut
1816 1707 2178 1775 Clementis
2212 1729 2332 1773 no-

303 1791 310 1798 ’
366 1795 548 1859 mine
599 1792 1009 1872 abuteretur,
1075 1794 1233 1875 quia
1285 1792 1451 1858 illud
1511 1794 1715 1877 vulgo
1772 1802 2110 1877 receptum
2167 1801 2328 1873 erat,

365 1879 785 1946 Clementem
826 1877 1284 1963 disputationis
1337 1879 1511 1943 inter
1549 1880 1825 1943 Petrum
1880 1887 1948 1944 et
1990 1877 2332 1946 Simonem

364 1963 633 2030 habitae
683 1965 1185 2029 commentarios
1236 1965 1574 2048 scripsisse
1587 2015 1604 2044 ,
1657 1985 1817 2047 quos
1871 1966 2073 2030 etiam
2113 1966 2330 2030 Ruffi-

363 2071 498 2116 nus
541 2050 724 2116 citat:
766 2051 813 2133 ¹)
862 2049 1058 2133 idque
1101 2071 1234 2114 non
1280 2049 1526 2133 absque
1569 2051 1836 2116 sinistro
1878 2051 2108 2135 elogio,
2154 2051 2330 2134 quod

361 2135 617 2202 multas
671 2136 870 2201 falsas
930 2143 1000 2199 et
1046 2135 1282 2219 impias
1337 2136 1696 2201 sententias
1740 2135 2124 2201 contineant
2134 2158 2151 2215 3
2214 2136 2329 2201 ad·

360 2222 506 2288 dita
563 2227 785 2286 tamen
841 2219 1205 2287 Clementis
1271 2221 1721 2300 excusatione,
1786 2221 1957 2304 quod
2014 2221 2331 2287 adulteri-

359 2329 492 2373 nae
529 2327 673 2372 esse
706 2307 977 2390 possint,
1020 2313 1087 2370 et
1121 2305 1202 2371 ab
1238 2305 1584 2372 haereticis
1629 2328 1747 2392 ner
1780 2306 2005 2372 dolum
2048 2311 2195 2386 [pag.
2220 2313 2326 2385 40]

358 2393 760 2477 suppositae.
850 2390 1249 2475 Quanquam
1297 2399 1375 2456 ut
1427 2398 1639 2457 totum
1692 2392 1936 2458 librum
1979 2395 2328 2477 suppositi-

357 2480 532 2544 tium
575 2478 779 2543 fuisse
814 2477 1097 2556 credam,
1134 2484 1200 2543 et
1243 2476 1602 2544 Clementis
1635 2478 1904 2543 titulum
1935 2478 2100 2543 falso
2137 2499 2328 2561 prae-

357 2564 613 2643 tulisse,
659 2571 960 2628 veterum
1000 2563 1138 2628 fere
1171 2565 1465 2629 omnium
1500 2564 1852 2630 autoritate
1886 2565 2097 2648 magis
2130 2586 2328 2648 quam

357 2651 564 2715 11111118
609 2648 867 2713 Ruffini
907 2649 1213 2732 opinione
1254 2668 1543 2715 moveor.
1631 2649 1808 2715 Nam
1858 2650 1912 2716 si
1956 2649 2109 2716 talis
2152 2651 2327 2733 quis·

356 2736 542 2818 piam
596 2734 764 2800 liber
814 2734 1078 2800 Irenaei
1129 2741 1199 2800 et
1242 2734 1634 2799 Tertulliani
1691 2744 1905 2801 aetate
1946 2735 2328 2816 exstitisset,

357 2822 473 2903 qui
519 2819 783 2885 habitus
822 2820 1052 2886 fuisset
1094 2819 1476 2898 Clementis,
1522 2841 1656 2886 non
1692 2821 2146 2905 neglexissent
2176 2843 2326 2906 pro-

357 2906 534 2972 fecto
599 2906 730 2971 tale
797 2927 873 2972 ac
938 2913 1073 2970 tam
1137 2903 1554 2971 commodum
1609 2905 1990 2973 subsidium.
2095 2909 2201 2973 De
2248 2930 2328 2974 ea

357 2991 508 3074 ipsa
549 2992 948 3074 quaestione,
993 3012 1163 3074 quae
1204 2992 1339 3056 illio
1383 2993 1700 3075 agitatur,
1746 2999 2082 3059 certamen
2124 2994 2325 3059 habe-

355 3076 540 3157 bant,
587 3076 698 3143 ille
742 3099 892 3144 cum
935 3078 1314 3156 Valentino,
1360 3077 1469 3144 hic
1512 3099 1660 3142 cum
1705 3078 2062 3144 Marcione.
2139 3078 2327 3144 Nihil

358 3164 580 3247 magis
621 3162 1020 3242 laborabant,
1065 3183 1261 3245 quam
1304 3168 1382 3227 ut
1422 3162 1808 3246 probarent,
1854 3185 1989 3229 non
2031 3163 2212 3229 aliud
2253 3185 2326 3231 se

360 3246 598 3313 docere
615 3300 632 3327 ,
690 3249 818 3313 nisi
862 3249 1035 3332 quod
1078 3247 1357 3331 apostoli
1397 3247 1898 3330 praedicassent.
1989 3248 2166 3330 Quid
2210 3271 2324 3318 va-

357 3332 564 3399 lidius
608 3341 724 3400 aut
763 3335 1019 3400 firmius
1054 3341 1215 3413 erat,
1260 3354 1460 3416 quam
1493 3333 1879 3416 simpliciter
1912 3334 2093 3399 hunc
2127 3336 2327 3401 citare

357 3427 640 3498 testem,
707 3424 819 3502 qui
883 3441 1057 3485 unus
1123 3426 1380 3503 poterat
1439 3426 1644 3484 totam
1718 3419 1904 3484 litem
1969 3420 2323 3486 dirimere?

357 3504 568 3570 Nullo
620 3513 824 3585 certe,
879 3525 1002 3572 nec
1052 3504 1372 3584 faciliore,
1437 3526 1560 3571 nec
1613 3504 1882 3571 meliore
1936 3516 2326 3590 argumento

356 3591 669 3656 convinci
724 3591 987 3676 utrique
1039 3596 1370 3674 poterant,
1439 3597 1577 3655 tam
1641 3591 2075 3656 Marcionitae
2126 3614 2324 3675 quam

355 3675 836 3742 Valentiniani.
903 3677 1173 3743 Fuisset
1215 3677 1393 3741 enim
1435 3696 1572 3741 non
1614 3675 1850 3742 dubiae
1892 3676 2048 3742 fidei
2089 3699 2325 3743 monu-

354 3771 682 3841 100011110,
729 3761 907 3846 011οᾶ
949 3783 990 3827 3
1035 3762 1219 3828 Petri
1262 3762 1580 3844 discipulo
1623 3760 1991 3845 prodiisset.
2079 3763 2323 3828 Protu-

356 3846 599 3913 lissent
661 3850 865 3932 igitur
929 3849 1380 3933 consignatam
1443 3854 1622 3914 certo
1699 3847 2075 3914 testimonio
2138 3848 2326 3914 Petri

353 3932 580 3998 fidem.
670 3933 907 3999 Nonne
959 3935 1084 4000 1100
1135 3942 1280 4018 erat
1329 3954 1522 3998 omne
1574 3933 2055 4018 subterfugium
2110 3934 2322 4000 occlu-

356 4017 518 4084 dere
583 4019 928 4086 hostibus?
1040 4019 1248 4103 Atqui
1319 4018 1611 4103 longiore
1679 4020 1957 4086 circuitu
2021 4027 2319 4087 utuntur.

355 4102 691 4170 Referunt
754 4126 984 4171 omnes
1046 4125 1347 4171 romanos
1421 4106 1758 4188 episcopos
1835 4107 1946 4188 qui
2010 4106 2322 4188 apostolis

354 4198 846 4272 successerant,
913 4190 998 4257 ad
1053 4212 1245 4257 suum
1310 4212 1516 4274 usque
1575 4197 1866 4274 tempus,
1912 4191 2076 4273 quin
2120 4192 2322 4256 otiam

351 4274 540 4342 inter
594 4277 759 4342 alios
811 4277 1155 4343 nominant
1197 4276 1632 4342 Clementem:
1691 4283 2025 4342 testantur
2079 4298 2150 4342 se
2206 4277 2320 4342 do-

350 4383 528 4442 cere,
585 4362 757 4445 quod
812 4363 897 4429 ab
947 4363 1078 4428 illis
1130 4384 1253 4447 per
1304 4384 1539 4428 manus
1582 4362 1706 4428 sibi
1748 4361 2063 4427 traditum
2102 4363 2316 4428 fuerit.

353 4445 543 4528 Quid
608 4448 1000 4516 coniecturis
1064 4469 1228 4532 opus
1283 4455 1427 4513 erat
1476 4448 1550 4512 in
1603 4468 1675 4512 re
1727 4454 1864 4512 tam
1928 4448 2318 4532 perspicua?

350 4531 504 4598 Cur
543 4533 787 4601 librum
841 4543 1091 4613 tacent,
1145 4536 1220 4600 in
1274 4555 1403 4617 quo
1459 4538 1638 4597 totus
1680 4533 2080 4616 quaestionis
2121 4533 2319 4600 cardo

347 4618 788 4685 vertebatur?
888 4622 1244 4686 Praeterea
1298 4641 1416 4686 cur
1466 4618 1603 4684 suis
1660 4618 1954 4685 hostibus
1996 4619 2318 4685 invidiam

348 4724 442 4770 ex
491 4707 760 4772 nomine
811 4726 945 4771 non
1002 4703 1295 4772 faciunt?
1396 4706 1585 4769 Tunc
1639 4703 1818 4768 enim
1861 4702 2154 4771 Simonis
2195 4725 2316 4769 no-

343 4809 519 4856 men
560 4812 788 4858 omnes
828 4790 1391 4857 abominabantur.
1479 4788 1703 4870 Quare
1756 4790 1882 4854 hoc
1921 4811 2055 4855 uno
2096 4790 2315 4869 verbo,

344 4876 529 4941 citra
567 4877 931 4962 longiorem
973 4877 1481 4955 contentionem,
1527 4872 1837 4959 expedire
1878 4897 1948 4941 se
1981 4881 2315 4958 poterant:

343 4959 544 5043 Quid
585 4962 795 5042 nobis,
819 4962 1180 5029 Valentino
1222 4969 1291 5029 et
1331 4961 1652 5040 Marcion,
1697 4982 1782 5026 ex
1824 4961 2053 5027 inferis
2096 4960 2314 5027 Simo-

585 5125 772 5134 ---———

501 5234 558 5303 1)
593 5238 658 5293 In
692 5236 966 5307 Apologia
998 5253 1100 5305 pro
1134 5234 1382 5305 Origene.

1860 323 1988 388 DE
2032 320 2389 389 LIBERO
2434 321 2913 389 ARBI'I'RIO.

4278 333 4407 396 262

2444 531 2599 575 nem
2662 510 3007 577 excitatis?
3115 511 3271 578 Non
3346 512 3790 595 disputatione
3854 514 4241 582 certandum
4307 527 4409 588 est

2446 596 2811 676 vobiscum,
2868 596 2983 663 sed
3039 596 3463 666 anathemate
3516 598 3864 682 agendum.
3952 601 4181 685 Neque
4225 604 4407 670 enim

2441 702 2755 747 revocare
2807 683 2879 747 in
2924 682 3195 748 dubium
3235 684 3335 749 fas
3378 693 3507 762 est,
3565 682 3646 750 de
3691 706 3820 770 quo
3863 686 4068 752 semel
4107 708 4405 770 pronun-

2443 767 2647 832 ciavit
2712 767 3062 851 apostolus.
3172 768 3328 835 Huc
3383 767 3662 849 accedit,
3740 771 3913 853 quod
3980 773 4325 854 Eusebius,
4350 775 4402 859 ¹)

2442 872 2649 935 quum
2698 852 2779 919 de
2834 851 3177 920 Clemente
3223 854 3546 938 loquitur,
3602 878 3804 921 unam
3858 859 4200 940 epistolam
4248 860 4403 925 reli-

2442 937 2661 1021 quisse
2715 960 2865 1003 eum
2919 948 3175 1005 narrat:
3231 938 3312 1005 de
3366 941 3575 1006 altera
3629 941 3797 1006 nihil
3851 943 4049 1009 audet
4091 964 4399 1024 asserere,

2440 1024 2596 1105 quia
2653 1044 2786 1089 non
2839 1024 3108 1105 viderit;
3180 1024 3417 1091 deinde
3474 1027 3785 1093 continuo
3841 1030 4204 1115 subiungit:
4265 1029 4403 1097 Sed

2441 1115 2511 1172 et
2566 1107 2696 1173 alia
2752 1110 2892 1174 eius
2943 1111 3257 1193 opuscula
3314 1118 3462 1190 {pag
3503 1117 3613 1192 41]
3675 1134 3714 1177 a
3768 1115 4107 1180 nonnullis
4171 1116 4400 1183 haberi

2438 1193 2900 1276 perhibentur,
2966 1196 3149 1261 velut
3205 1196 3393 1261 Petri
3471 1204 3540 1261 et
3611 1198 3936 1280 Appionis
4012 1200 4398 1285 disputatio:

2437 1300 2605 1362 quae
2647 1280 2719 1344 in
2764 1301 2891 1345 usu
2934 1300 2975 1344 a
3031 1281 3361 1348 veteribus
3413 1282 3640 1347 habita
3688 1284 3963 1350 minime
4012 1287 4399 1370 reperimus,

2437 1366 2591 1447 quia
2647 1387 2769 1432 nec
2823 1386 2993 1449 pura
3043 1367 3117 1431 in
3170 1368 3295 1446 eis,
3349 1388 3471 1435 1100
3515 1368 3896 1452 incorrupta
3937 1370 4094 1437 fidei
4139 1379 4398 1456 aposto-

2436 1449 2602 1516 licae
2665 1451 2961 1517 doctrina
3012 1454 3334 1518 mansisse
3400 1453 3932 1537 deprehenditur.
4044 1460 4267 1541 Atque
4321 1466 4400 1524 ut

2435 1536 2602 1601 citra
2658 1535 2968 1620 ambages
3025 1537 3239 1603 dicam
3291 1537 3464 1621 quod
3519 1560 3629 1605 res
3683 1540 3912 1620 habet,
3978 1544 4269 1625 quisquis
4325 1546 4398 1608 in

2433 1621 2701 1686 illorum
2768 1630 3136 1706 temporum
3210 1624 3502 1690 historiis
3567 1624 3735 1690 bene
3801 1629 4193 1694 exercitatus
4254 1649 4395 1694 rem

2434 1708 2704 1790 propius
2748 1707 3095 1792 expendet,
3141 1715 3258 1775 aut
3288 1709 3472 1775 Petri
3514 1731 3665 1776 011111
3701 1709 3973 1778 Simone
4006 1714 4206 1798 Mago
4240 1735 4395 1781 con-

2436 1792 2863 1858 certationem
2918 1795 3261 1861 confictam
3315 1797 3516 1861 fuisse
3572 1804 3640 1861 et
3694 1794 4058 1863 fabulosam
4100 1798 4397 1865 animad-

2436 1885 2681 1943 vertet:
2741 1884 2857 1944 aut
2905 1879 3092 1945 velut
3156 1878 3421 1946 dubiam
3481 1889 3549 1946 et
3605 1882 4007 1966 incognitam
4072 1883 4401 1967 relinquet

2431 1963 2507 2027 in
2547 1964 2778 2029 medio.
2866 1964 3039 2030 Nam
3093 1973 3162 2030 et
3202 1966 3622 2049 Augustinus
3673 1967 3928 2032 Romae
3979 1990 4235 2052 quoque
4279 1992 4401 2036 sua

2436 2056 2652 2115 aetate
2707 2050 2909 2134 vulgo
2957 2050 3162 2117 fuisse
3220 2051 3303 2116 de
3356 2071 3434 2116 ea
3485 2072 3785 2117 rumores
3857 2055 4102 2133 scribit,
4121 2056 4180 2140 ²)
4244 2055 4399 2139 quia

2433 2135 2756 2201 Romanis
2796 2136 2958 2218 ipsis
3000 2156 3120 2218 pro
3162 2136 3345 2203 falsis
3385 2136 3816 2203 habebantur.
3902 2138 4090 2205 Haec
4133 2140 4399 2225 longius

2432 2227 2758 2303 repetere,
2837 2229 2904 2286 et
2964 2221 3176 2288 fusius
3241 2223 3544 2305 persequi
3609 2222 3832 2300 libuit,
3898 2231 3976 2288 ut
4027 2231 4398 2292 statuerent

2433 2306 2738 2385 lectores,
2795 2314 3115 2389 quantum
3156 2308 3245 2372 sit
3287 2307 3713 2373 deferendum
3759 2309 4180 2388 testimoniis,
4226 2332 4394 2393 quae

2431 2392 2627 2475 paulo
2667 2401 2818 2476 post
2859 2412 2943 2457 ex
2987 2393 3433 2458 commentitio
3476 2393 3589 2458 illo
3635 2392 3999 2460 Clementis
4041 2393 4231 2475 libro,
4276 2417 4392 2461 ve-

2431 2478 2537 2542 lut
2588 2479 2785 2562 ignea
2827 2477 2988 2556 tela,
3044 2479 3117 2542 in
3172 2499 3291 2544 nos
3332 2478 3612 2563 Pighius
3657 2479 3890 2545 vibrat.
3980 2478 4236 2545 Verum
4278 2480 4392 2546 de-

2431 2585 2584 2629 mus
2625 2564 2871 2630 librum
2913 2563 3201 2647 aliquem
3235 2565 3435 2630 fuisse
3478 2586 3519 2629 a
3553 2563 3894 2631 Clemente
3933 2566 4391 2649 conscriptum,

2431 2650 2545 2732 0111
2587 2649 3081 2733 inscriptionem
3125 2649 3297 2717 hanc
3340 2649 3670 2730 habuerit,
3717 2649 3872 2734 quid
3917 2650 4041 2716 hoc
4083 2651 4166 2716 ad
4206 2652 4393 2736 frigi-

2431 2735 2569 2815 das,
2606 2736 2722 2803 'vel
2761 2737 2979 2820 potius
3030 2735 3245 2802 fatuas
3294 2737 3458 2802 istas
3515 2735 3943 2820 rhapsodias?
4002 2757 4168 2820 quae
4210 2737 4394 2803 nullo

2430 2821 2729 2906 ingenio,
2788 2821 2967 2887 nullo
3020 2820 3260 2887 iudicio
3314 2822 3586 2887 fuerunt
3640 2820 3723 2887 ab
3767 2821 4024 2888 indocto
4067 2823 4392 2888 monacho

2430 2908 2941 2974 consarcinatae.
3029 2908 3139 2972 En
3172 2908 3503 2990 specimen
3539 2908 3971 2991 ingenuitatis
4003 2907 4392 2993 Pighianae.

2602 2994 2821 3059 Venio
2875 2993 2960 3058 ad
3015 2992 3177 3058 alios
3242 2993 3636 3059 haereticos:
3703 3014 3982 3076 quorum
4046 3015 4168 3059 nos
4234 2996 4394 3061 facit

2431 3077 2799 3161 discipulos.
2890 3079 3180 3144 Tametsi
3231 3086 3454 3144 autem
3510 3078 3813 3144 nonnihil
3868 3080 4046 3144 inter
4087 3102 4157 3145 se
4201 3079 4390 3146 diffe-

2429 3172 2619 3229 runt:
2657 3164 2965 3248 quoniam
2999 3170 3223 3229 tamen
3260 3186 3429 3230 unus
3464 3172 3564 3229 est
3599 3164 3865 3230 demum
3894 3166 4189 3230 omnium
4213 3185 4388 3230 com-

2430 3251 2651 3316 munis
2694 3270 2895 3328 error,
2940 3270 3050 3314 eos
3085 3248 3286 3314 simul
3322 3271 3472 3329 uno,
3518 3257 3594 3314 ut
3626 3250 3831 3329 aiunt,
3873 3249 4177 3316 fasciculo
4212 3270 4387 3315 com-

2428 3335 2694 3418 plectar,
2731 3355 2807 3399 ac
2841 3335 3132 3400 breviter
3166 3335 3464 3413 referam,
3507 3334 3665 3417 quid
3700 3335 3800 3398 illi
3834 3334 4191 3413 docuerint,
4228 3332 4388 3417 quid

2430 3442 2550 3486 nos
2595 3420 2970 3486 doceamus:
3018 3429 3092 3484 ut
3135 3439 3219 3484 ex
3254 3420 3735 3503 comparatione
3768 3418 4059 3485 iudicent
4089 3419 4386 3498 lectores,

2428 3504 2588 3590 quid
2627 3506 2963 3572 nobiscum
3007 3504 3140 3569 illis
3183 3504 3271 3570 sit
3313 3525 3678 3571 commune.
3767 3505 3869 3570 Ac
3911 3503 4076 3570 illud
4120 3503 4384 3587 quidem

2427 3592 2774 3657 Valentini
2824 3589 3280 3656 inextricabile
3336 3588 3532 3657 chaos
3585 3589 3666 3655 de
3721 3589 3957 3653 αἰώνων
3999 3590 4387 3674 genealogia

2426 3679 2750 3755 omittam,
2795 3678 2952 3760 quia
2984 3696 3220 3761 parum
3254 3675 3340 3742 ad
3372 3676 3753 3741 institutum
3786 3675 4003 3754 faciat,
4046 3676 4177 3742 nisi
4210 3673 4386 3759 quod

2427 3785 2511 3829 ex
2568 3764 2900 3830 tricesimo
2953 3782 3159 3828 aeone
3224 3760 3556 3827 diabolum
3620 3761 3919 3846 genitum
3981 3762 4075 3826 fin
4126 3762 4204 3842 't,
4268 3761 4384 3843 qui

2427 3849 2589 3915 alios
2632 3855 2858 3931 postea
2899 3849 3232 3933 genuerit,
3288 3868 3329 3912 a
3371 3846 3605 3930 quibus
3646 3854 3904 3911 creatus
3924 3846 4144 3911 'hient
4184 3867 4383 3910 mun-

2428 3934 2572 4000 dus.
2661 3936 2882 4017 Atque
2922 3932 3077 3999 inde
3121 3942 3250 4013 est,
3307 3932 3482 4016 quod
3536 3932 3858 3997 malitiam
3910 3953 4045 3997 non
4089 3930 4379 4008 arbitrio,

2426 4020 2544 4085 sed
2587 4027 2863 4086 naturae
2902 4018 3152 4098 mundi,
3196 4018 3321 4086 1100
3354 4024 3473 4097 est,
3520 4017 3747 4103 generi
3782 4016 4096 4083 diabolico
4131 4015 4380 4081 tribuit.

2426 4104 2844 4184 Cerdoniani,
2889 4105 3325 4171 Marcionitae
3367 4112 3434 4169 et
3467 4104 3844 4170 Manichaei
3887 4102 4245 4186 simplicius
4278 4102 4381 4167 in-

2425 4191 2729 4257 saniunt:
2798 4192 3211 4257 constituunt
3267 4191 3444 4256 enim
3498 4190 3626 4255 duo
3688 4188 4015 4272 principia
4076 4190 4254 4252 inter
4308 4206 4381 4252 80

2427 4275 2718 4358 diversa,
2782 4278 2971 4360 quasi
3027 4274 3190 4342 duos
3252 4274 3430 4342 deos:
3498 4296 3707 4339 unum
3760 4276 4033 4352 bonum,
4098 4272 4380 4338 alterum

2425 4363 2707 4443 malum,
2766 4368 2915 4443 [pag.
2955 4368 3064 4443 42]
3116 4362 3273 4426 hino
3325 4361 3527 4438 mala,
3583 4359 3740 4424 inde
3780 4360 3953 4424 bona
3994 4367 4214 4424 ortum
4258 4357 4380 4423 113-

2421 4449 2580 4514 11010
2624 4455 2692 4514 et
2730 4449 3068 4533 originem.
3140 4447 3351 4513 Plura
3393 4444 3629 4510 deinde
3671 4452 3738 4510 et
3777 4446 3990 4529 magis
4033 4442 4249 4510 adhuc
4288 4444 4379 4508 ri·

2424 4534 2642 4601 (1101113
2703 4535 3290 4600 comminiscuntur
3342 4530 3741 4610 Manichaei,
3805 4530 3886 4595 de
3939 4531 4259 4595 bonorum
4313 4536 4382 4594 et

2423 4619 2750 4684 malorum
2792 4618 3283 4696 commixtione,
3328 4617 3564 4699 quibus
3607 4615 4019 4699 supersedeo.
4106 4613 4379 4681 Priscil-

2419 4705 2725 4770 lianistae
2763 4704 2959 4789 paulo
3001 4703 3192 4770 aliter
3233 4702 3316 4768 de
3359 4702 3694 4767 humanae
3735 4701 4083 4785 pravitatis
4126 4701 4379 4800 origine

2421 4790 2989 4874 philosophantur.
3078 4788 3226 4853 Non
3287 4787 3463 4852 enim
3513 4808 3597 4852 ex
3647 4787 3826 4852 mala
3876 4785 4148 4853 traduce
4357 4784 4371 4799 ‘

2420 4876 2674 4941 animas
2716 4880 2986 4960 putant,
3044 4872 3160 4939 sed
3217 4870 3611 4939 descendere
3666 4873 3747 4939 de
3804 4873 3983 4939 coelo
4027 4893 4113 4939 ex
4155 4869 4378 4940 dlvina

2561 5163 2619 5229 1)
2656 5163 2802 5219 Libr.
2837 5163 2887 5217 3.
2922 5164 3324 5222 ecclesiasticae
3357 5163 3632 5220 Historiae
3669 5179 3787 5232 cap.
3826 5160 3905 5215 16.

2556 5231 2620 5301 2)
2654 5233 2829 5303 Epist.
2862 5232 2948 5288 86.
3862 5310 3962 5364 17*
