4967 5992
588 310 719 374 275
1898 295 2428 367 RESPONSIO
2475 297 2856 365 CONTRA
2896 295 3316 365 PIGHIUM
4499 295 4622 357 276

585 497 866 563 Irenaeo
927 512 1079 559 cum
1141 490 1644 575 improbissimis
1716 487 2095 567 haereticis,
2163 488 2276 569 qui
2339 485 2551 551 nihilo

586 582 740 667 plus
784 578 1144 661 scripturae
1187 578 1539 642 autoritate
1572 580 2014 653 moverentur,
2052 594 2251 656 quam
2286 572 2554 644 univer-

589 687 702 733 sae
765 664 1076 733 ecclesiae
1138 683 1482 729 consensu.
1580 661 1813 743 Itaque
1879 659 2329 743 conqueritur,
2385 656 2556 722 nihil

675 771 782 817 sse
823 749 1101 834 proferri
1119 799 1136 828 ,
1191 746 1365 832 quod
1401 768 1536 813 non
1580 746 1865 812 eludant.
1953 745 2186 828 Neque
2230 743 2407 809 enim
2451 742 2554 807 lu-

587 771 789 903 fficis
846 833 1495 918 tergiversationibus
1549 831 1721 898 elabi
1773 830 2133 915 quidquam
2183 828 2314 894 illis
2358 848 2558 894 curae

592 929 752 1002 erat,
799 919 915 987 sed
958 917 1375 1003 impudenter
1414 919 1839 1002 respuebant,
1884 914 2202 1001 quidquid
2243 913 2554 981 obiicere-

592 1015 722 1073 tur.
824 1005 901 1072 Si
965 1005 1510 1077 convincerentur
1568 1003 1910 1087 scripturis
1927 1054 1944 1083 ,
2000 1000 2393 1084 sapientiam
2436 999 2559 1064 ha-

590 1093 749 1159 bere
790 1113 862 1158 se
905 1091 1209 1157 dicebant
1250 1089 1561 1173 apostolis
1607 1093 1756 1170 [pag.
1803 1093 1910 1169 59]
1955 1086 2256 1152 altiorem
2299 1091 2366 1150 et
2406 1104 2559 1169 per-

591 1178 945 1245 fectiorem.
1036 1173 1114 1243 Si
1157 1174 1243 1240 ad
1285 1175 1593 1242 ecclesiae
1636 1194 2028 1241 consensum
2076 1177 2558 1250 revocarentur,

592 1262 900 1329 dicebant
942 1281 1079 1326 non
1121 1262 1364 1326 mirum
1408 1281 1572 1340 esse,
1620 1259 1678 1325 si
1721 1258 1994 1326 ecclesia
2035 1277 2274 1342 puram
2316 1255 2560 1322 doctri-

592 1369 750 1414 nam
794 1367 929 1413 non
975 1354 1307 1426 servaret,
1353 1366 1518 1429 quae
1564 1350 1941 1429 corruptam
1984 1349 2052 1409 et
2093 1343 2416 1408 fermento
2461 1340 2562 1408 vi-

591 1434 827 1499 tiatam
871 1453 1006 1498 non
1051 1438 1313 1497 tantum
1357 1451 1397 1495 a
1444 1430 1797 1514 discipulis,
1843 1428 1960 1496 sed
1999 1448 2039 1495 a
2078 1427 2364 1493 Domino
2402 1447 2563 1510 quo-

594 1540 723 1603 que
789 1529 1147 1601 acceperat.
1240 1513 1421 1597 Quid
1486 1515 1570 1581 ad
1625 1516 1789 1581 haec
1850 1512 2214 1580 Irenaeus?
2251 1514 2301 1599 ¹)
2410 1512 2474 1577 N
2476 1532 2564 1576 on

592 1625 716 1688 per
756 1603 937 1685 alios,
981 1602 1213 1685 inquit,
1258 1601 1576 1668 habemus
1611 1601 1846 1666 salutis
1888 1606 2153 1666 nostrae
2197 1597 2564 1681 dispositio-

597 1709 783 1768 nem,
840 1707 1040 1771 quam
1091 1708 1214 1770 per
1256 1687 1613 1771 apostolos:
1672 1687 1809 1770 qui,
1856 1684 2025 1769 quod
2070 1706 2230 1752 voce
2273 1682 2565 1767 promul-

595 1781 865 1859 garunt,
910 1779 1136 1856 postea
1177 1774 1419 1856 scripto
1460 1773 1648 1838 nobis
1691 1770 2130 1849 tradiderunt,
2175 1768 2568 1835 fundamen-

596 1868 745 1923 tum
798 1865 867 1923 et
926 1857 1297 1923 columnam
1352 1857 1507 1924 fidei
1578 1865 1840 1924 nostrae
1905 1858 2220 1922 futurum.
2321 1854 2568 1920 Postea

599 1941 775 2008 hanc
818 1963 1073 2027 quoque
1117 1943 1389 2009 alteram
1435 1951 1694 2029 partem
1733 1950 1957 2028 urget,
2003 1942 2177 2025 quod
2219 1940 2376 2007 fidei
2416 1940 2566 2005 uni·

601 2032 807 2093 tatem
823 2080 840 2108 ,
907 2029 979 2093 in
1044 2029 1388 2113 scripturis
1452 2029 1823 2108 fundatam,
1902 2027 2193 2094 colerent
2254 2024 2567 2093 ecclesiae

602 2134 848 2194 omnes,
893 2114 973 2179 ab
1020 2114 1328 2197 apostolis
1367 2113 1633 2182 edoctae
1676 2122 1742 2180 et
1784 2114 2141 2180 institutae.
2220 2110 2357 2177 Sed
2399 2108 2569 2175 illud

605 2219 865 2281 semper
904 2198 1331 2266 nihilominus
1372 2201 1618 2266 retinet
1634 2251 1651 2279 ,
1694 2200 2090 2284 scripturam
2132 2198 2460 2282 perfectae
2502 2201 2570 2261 et

604 2282 938 2350 absolutae
996 2286 1352 2369 sapientiae
1398 2286 1691 2353 scholam
1743 2307 1901 2352 esse.
1993 2283 2440 2349 Tertullianus
2485 2281 2568 2347 de

601 2370 1112 2455 praescriptione
1186 2372 1491 2437 veritatis
1567 2369 1795 2437 scribit
1868 2376 2097 2437 contra
2171 2367 2566 2434 haereticos:

602 2456 756 2540 quia
818 2461 885 2521 et
947 2457 1237 2539 ipsorum
1304 2456 1740 2541 petulantiam
1805 2453 2070 2522 videbat
2121 2454 2304 2520 nullo
2372 2452 2566 2518 modo

598 2560 788 2623 posse
831 2542 1147 2621 coerceri,
1198 2542 1360 2624 quin
1404 2543 1647 2607 centies
1689 2541 1881 2622 victi,
1937 2540 2154 2606 adhuc
2193 2539 2564 2623 litigarent:

600 2633 668 2691 et
711 2625 834 2692 hoc
886 2627 1208 2709 optimum
1258 2647 1400 2692 esse
1456 2626 1926 2693 adminiculum
1979 2624 2289 2691 censebat
2329 2624 2566 2689 confir-

597 2709 878 2776 mandae
917 2712 1212 2791 veritati,
1269 2711 1328 2775 si
1371 2731 1516 2776 eam
1559 2717 1887 2777 constaret
1928 2710 2011 2777 ab
2050 2709 2215 2794 ipsis
2257 2708 2568 2794 apostolis

597 2796 897 2861 fluxisse:
955 2803 1186 2860 eontra
1245 2816 1401 2861 vero
1450 2796 1688 2861 fortem
1742 2804 1809 2862 et
1847 2795 2140 2862 validam
2191 2794 2568 2861 machinam

593 2878 680 2944 ad
723 2879 1045 2944 diruenda
1086 2881 1569 2948 haereticorum
1611 2879 1987 2963 mendacia,
2044 2881 2103 2948 si
2140 2879 2567 2946 ostenderen-

597 2972 711 3030 tur
749 2964 996 3047 aliquid
1039 2966 1110 3030 in
1154 2966 1597 3049 apostolorum
1641 2966 1940 3034 doctrina
1981 2987 2244 3034 novare.
2335 2964 2565 3046 Quan-

596 3069 796 3132 quam
850 3057 1072 3116 autem
1124 3052 1196 3116 in
1260 3052 1583 3137 probabili
1625 3053 1783 3120 alias
1827 3061 1895 3119 et
1936 3053 2110 3119 iusta
2152 3071 2376 3130 causa,
2432 3051 2565 3116 fer·

597 3154 756 3202 vore
800 3133 1263 3219 disputationis
1316 3139 1499 3204 ultra
1548 3140 1755 3205 iustas
1811 3146 2021 3205 metas
2063 3137 2367 3203 nonnihil
2409 3156 2565 3221 pro-

597 3219 894 3300 vehitur,
954 3243 1092 3287 non
1147 3231 1368 3289 tamen
1412 3223 1591 3289 aliud
1635 3224 1980 3290 consilium
2033 3223 2269 3304 habet,
2314 3223 2443 3288 nisi
2488 3227 2568 3286 ut

596 3304 962 3373 doctrinam
1006 3315 1183 3374 certo
1225 3309 1570 3393 scripturis
1613 3309 1936 3394 proditam
1950 3362 1967 3390 ,
2014 3306 2190 3392 apud
2233 3308 2564 3392 simplices

596 3397 665 3457 et
720 3393 1017 3459 infirmos
1073 3394 1196 3461 hac
1255 3415 1508 3479 quoque
1562 3405 1720 3462 nota
1762 3397 2137 3474 confirmet,
2199 3392 2371 3479 quod
2417 3414 2565 3459 eam

595 3478 1640 3649 ffoeffssfflvssffivofflffi
1664 3479 2561 3652 Ῑΐέςὲᾚὲηξῗῶῗὶῗῗῖῗέἕ·

602 3655 719 3714 aut
773 3648 1052 3730 incerta,
1122 3658 1237 3716 aut
1287 3672 1527 3735 parum
1581 3658 1760 3718 certa
1816 3653 1905 3718 sit
1962 3652 2251 3719 victoria.
2268 3651 2324 3733 2)
2426 3648 2563 3717 Sed

601 3731 757 3816 quid
800 3732 941 3817 ipse
983 3741 1079 3800 tot
1115 3736 1300 3804 libris
1343 3736 1543 3805 facit?
1643 3736 1899 3819 Quibus
1944 3738 2146 3802 armis
2189 3736 2402 3801 utitur
2446 3734 2562 3800 ad-

598 3839 836 3886 versus
877 3820 1300 3902 Marcionem,
1343 3823 1694 3904 Praxeam,
1735 3824 2227 3909 Hermogenem
2271 3828 2338 3887 et
2380 3820 2561 3901 alios,

600 3904 732 3970 nisi
774 3903 1056 4004 simplici
1100 3908 1298 3974 verbo
1341 3907 1472 3973 Dei
1487 3908 1520 3972 Ῥ
1611 3908 1790 3990 Quid
1833 3908 2082 3993 igitur?
2172 3908 2280 3972 An
2324 3927 2561 3991 parum

589 3987 759 4056 bene
801 3988 926 4055 sib1
970 3993 1274 4058 constat?
1376 3992 1513 4060 Sed
1561 3995 1697 4059 iam
1738 3996 2057 4062 citaverat
2108 3994 2326 4059 locum
2369 4013 2558 4075 apos-

590 4075 740 4155 toli,
797 4076 912 4142 ubi
965 4084 1151 4143 vetat
1208 4100 1358 4145 cum
1411 4078 1742 4144 haeretico
1794 4080 2094 4159 homine,
2149 4084 2301 4162 post
2349 4098 2559 4142 unam

591 4168 708 4227 aut
749 4160 1026 4227 alteram
1071 4162 1613 4244 admonitionem,
1659 4165 1941 4249 amplius
1985 4165 2351 4248 disceptare
2395 4163 2556 4249 (Tit.

593 4250 651 4327 3,
694 4246 823 4332 10).
927 4247 1079 4313 Non
1145 4247 1418 4315 dubium
1480 4249 1718 4335 igitur,
1784 4250 1943 4334 quin
2005 4250 2164 4316 illuc
2228 4249 2555 4332 respiciat,

590 4352 796 4416 quum
838 4338 1040 4418 negat
1081 4335 1426 4420 agitandas
1462 4334 1542 4401 de
1585 4334 1716 4402 fide
1752 4336 2201 4402 contentiones
2236 4356 2318 4400 ex
2355 4335 2559 4417 scrip-

592 4418 779 4483 turis.
867 4418 1102 4500 Nobis,
1162 4424 1310 4501 [pag.
1350 4426 1459 4502 60]
1505 4422 1744 4506 inquit,
1800 4422 2176 4488 curiositate
2219 4441 2383 4504 opus
2425 4440 2560 4485 non

595 4506 729 4579 est,
792 4510 944 4584 post
999 4503 1345 4572 Christum
1399 4507 1651 4587 Iesum,
1719 4528 1842 4573 nec
1894 4507 2345 4591 inquisitione,
2409 4510 2561 4589 post

596 4585 1034 4668 evangelium.
1134 4590 1219 4656 In
1273 4613 1558 4673 summa,
1618 4599 1880 4659 tantum
1933 4593 2078 4660 vult
2131 4591 2557 4659 concertatio-

594 4669 790 4735 nibus
832 4672 1033 4736 finem
1074 4674 1345 4759 imponi,
1389 4699 1554 4762 quae
1597 4685 1665 4745 et
1702 4681 2013 4746 astutiam
2047 4684 2287 4745 acuant
2325 4677 2560 4743 haere-

596 4755 878 4857 ticorum
900 4806 917 4835 ,
977 4765 1055 4821 ut
1108 4761 1240 4825 sint
1285 4762 1367 4827 ad
1425 4785 1717 4848 pugnam
1760 4766 2244 4843 instructiores,
2298 4769 2366 4829 et
2408 4784 2557 4846 per-

591 4861 911 4909 vicaciam
952 4853 1251 4928 augeant,
1297 4855 1364 4912 et
1405 4849 1702 4917 infirmas
1736 4853 2164 4918 conscientias
2200 4849 2558 4935 exagitent,

738 5127 796 5197 1)
833 5129 978 5185 Libr.
1011 5130 1062 5186 8.
1099 5133 1220 5189 adv.
1255 5135 1512 5191 haereses
1549 5151 1666 5205 cap.
1699 5137 1751 5190 1.

734 5197 798 5265 2)
837 5197 1062 5256 Tertull.
1099 5201 1167 5256 de
1200 5204 1522 5274 praescript.
1558 5221 1601 5259 c.
1641 5204 1710 5259 14
1745 5222 1893 5274 seqq.

2657 484 2801 551 sine
2844 484 2983 551 ullo
3022 485 3260 549 fructu.
3347 481 3481 548 Ubi
3530 493 3753 548 autem
3794 501 3902 546 res
3943 480 4255 564 postulat,
4298 500 4434 545 non
4479 500 4629 547 ver-

2655 571 2759 637 bis
2803 570 3017 649 modo,
3063 567 3179 635 sed
3221 567 3524 651 exemplo
3559 564 3984 646 demonstrat,
4031 587 4166 632 non
4200 565 4396 631 aliter
4431 587 4631 650 quam

2659 678 2743 722 ex
2799 655 2942 740 ipso
2993 654 3127 721 Dei
3182 654 3384 722 verbo
3441 652 3523 717 de
3577 651 3706 718 fide
3763 660 3832 719 et
3885 650 4356 735 disputandum
4396 658 4465 716 et
4516 649 4629 717 de-

2657 741 3039 808 finiendum.
3130 739 3362 822 Neque
3406 737 3603 804 aliam
3648 738 3909 821 sequuti
3953 744 4112 802 sunt
4156 738 4485 804 rationem
4527 758 4631 803 or-

2658 826 2937 893 thodoxi
2979 846 3238 905 omues,
3298 846 3503 908 quum
3557 830 3804 890 rectam
3857 844 4227 907 puramque
4266 821 4468 889 fidem
4514 821 4629 888 ad-

2660 934 2893 980 versus
2937 911 3302 978 haereticos
3344 908 3786 976 defenderent.
3886 908 4120 975 Refert
4169 907 4631 989 Theodoritus,

2661 1020 2865 1082 quum
2909 996 3235 1083 synodum
3268 996 3591 1063 Nicenam
3617 994 4096 1063 Constantinus
4140 995 4484 1080 coegisset,
4526 993 4633 1061 his

2662 1083 2879 1152 verbis
2923 1083 3335 1167 alloquutum
3375 1082 3577 1146 fuisse
3619 1080 3980 1164 episcopos:
4034 1081 4330 1146 Exstant
4371 1087 4635 1163 aposto-

2662 1170 2773 1234 lici
2812 1169 2966 1235 libri
3019 1175 3086 1233 et
3141 1187 3262 1251 pro
3307 1168 3614 1232 betarum
3661 1167 4063 1246 sanctiones,
4108 1186 4273 1249 quae
4317 1186 4437 1231 nos
4480 1186 4635 1231 eru-

2665 1255 2858 1320 diunt
2889 1254 3046 1338 quid
3091 1251 3172 1318 de
3206 1274 3279 1319 re
3327 1275 3405 1319 us
3444 1252 3649 1319 sacris
3683 1253 3929 1319 sentire
3963 1251 4335 1319 debeamus.
4401 1251 4635 1317 Posito

2664 1340 2872 1425 igitur
2913 1339 3136 1405 hostili
3190 1339 3579 1418 certamine,
3635 1359 3721 1404 ex
3762 1338 4022 1420 seriptis
4066 1337 4383 1405 divinitus
4425 1337 4635 1420 inspi-

2665 1426 2829 1492 ratis
2873 1426 3327 1510 quaestionum
3368 1444 3760 1508 quaeramus
3813 1424 4223 1490 solutionem.
4313 1422 4459 1489 Cur
4500 1444 4636 1489 non

2667 1512 3057 1578 restiterunt
3098 1519 3348 1595 patres,
3394 1511 3450 1575 si
3496 1510 3658 1576 haec
3702 1531 3835 1575 non
3880 1515 4025 1575 erat
4064 1509 4365 1593 legitima
4408 1508 4635 1591 dispu-

2669 1597 2938 1663 tationis
2997 1595 3240 1662 serics?
3340 1595 3487 1660 Imo
3544 1616 3662 1662 cur
3726 1594 4010 1662 libenter
4064 1596 4631 1679 obtemperarunt,

2669 1684 2841 1750 sicut
2888 1689 3037 1749 acta
3092 1681 3353 1749 concilii
3424 1681 3798 1747 testantur?
3901 1680 4084 1762 Quin
4140 1683 4342 1747 etiam
4398 1687 4634 1763 sponte

2667 1770 2869 1834 fuisse
2911 1768 3225 1847 facturos,
3270 1764 3444 1851 quod
3487 1765 4042 1846 admonebantur,
4086 1765 4243 1832 inde
4282 1767 4635 1832 aestimare

2666 1860 3045 1938 promptum
3108 1860 3238 1932 est,
3298 1852 3472 1935 quod
3527 1853 3871 1936 scripturis
3924 1852 4009 1918 ad
4068 1853 4191 1919 hoc
4255 1854 4479 1935 ipsum
4536 1851 4637 1917 in·

2669 1940 2905 2006 structi
2944 1946 3012 2004 et
3053 1939 3409 2022 comparati
3453 1945 3784 2005 venerant.
3854 1936 3993 2004 Our
4027 1959 4160 2003 non
4197 1959 4431 2004 eorum
4468 1936 4637 2002 stul-

2669 2025 2880 2090 titiam
2924 2023 3178 2090 deridet
3218 2024 3301 2090 Pi
3347 2024 3498 2090 hius
3513 2076 3530 2104 ,
3576 2025 3777 2107 quod,
3822 2023 4055 2089 relicta
4096 2023 4211 2088 illa
4254 2029 4439 2090 certa
4478 2022 4636 2088 fidei

2669 2110 2927 2195 regula,
2985 2111 3056 2175 in
3114 2131 3247 2193 qua
3288 2046 3494 2195 {gere
3583 2111 3772 2176 edem
3815 2116 3961 2174 tuto
4005 2115 4343 2194 poterant,
4398 2109 4473 2173 in
4520 2129 4635 2175 va-

2764 2217 2834 2260 m
2885 2196 3072 2261 illum
3128 2195 3494 2278 scripturae
3574 2195 4008 2281 abyrinthum
4061 2195 4272 2277 abripi
4329 2216 4400 2260 se
4454 2193 4633 2277 passi

2742 2280 2960 2347 erint?
3062 2281 3209 2346 Imo
3263 2302 3383 2346 cur
3435 2302 3570 2346 non
3613 2280 4064 2366 Augustinum
4116 2280 4484 2364 capitaliter
4526 2300 4635 2346 ac-

2673 2375 2877 2448 cusat,
2922 2367 3029 2431 cui
3072 2389 3275 2451 quum
3316 2368 3447 2433 ista
3488 2366 3772 2432 conditio
3817 2366 4174 2446 diceretur,
4214 2373 4292 2432 ut
4335 2364 4633 2444 eandem,

2717 2473 2843 2519 uae
2906 2453 3082 2519 inter
3138 2474 3259 2519 nos
3322 2453 3645 2537 agitatur,
3713 2453 4161 2536 quaestionem
4216 2452 4635 2535 superiorum

2672 2474 3012 2605 doctorum
3066 2538 3322 2622 scriptis
3365 2539 3615 2617 finiret,
3658 2539 4071 2621 acquiescere
4114 2537 4369 2604 noluit?
4459 2537 4635 2602 Nam

2667 2624 2791 2690 etsi
2834 2645 3062 2689 eorum
3103 2624 3494 2690 testimoniis
3549 2624 3760 2688 utitur
3776 2675 3792 2703 ‚
3850 2630 3917 2690 et
3957 2624 4083 2690 sibi
4117 2645 4253 2688 non
4287 2644 4433 2689 esse
4476 2642 4635 2689 eon·

2668 2710 2908 2775 trarios
2947 2709 3263 2789 ostendit,
3321 2709 3835 2776 controversiam
3890 2717 4114 2775 tamen
4159 2706 4309 2774 inde
4351 2707 4636 2774 iudicari

2670 2816 2806 2860 non
2827 2825 2830 2829 *
2849 2794 3127 2878 patitur,
3185 2793 3302 2861 sed
3355 2795 3440 2859 ad
3494 2795 3891 2878 scripturam
3944 2801 4277 2880 provocat.
4365 2794 4634 2873 Patent,

2667 2881 2900 2963 inquit,
2944 2880 3095 2946 libri
3138 2881 3294 2946 Dei:
3342 2901 3475 2946 non
3519 2889 3897 2948 avertamus
3945 2888 4302 2965 aspectum.
4369 2878 4639 2946 Clamat

2669 2966 3020 3049 scriptura:
3067 2964 3497 3032 adhibeamus
3536 2965 3852 3032 auditum.
3941 2965 4134 3046 Item,
4181 2964 4262 3032 de
4302 2965 4476 3032 libro
4520 2985 4638 3032 suo

2667 3052 2972 3135 loquens:
3029 3052 3126 3118 Ut
3180 3051 3364 3119 vobis
3418 3052 3506 3117 sit
3558 3052 4144 3133 fructuosissimus,
4196 3073 4328 3117 non
4371 3072 4496 3118 vos
4538 3051 4639 3135 pi·

2668 3144 2823 3222 geat
2863 3139 3122 3221 saepius
3167 3137 3458 3221 relegere
3473 3189 3490 3217 ,
3546 3145 3626 3203 ut
3681 3137 3904 3204 sciatis
3946 3137 4183 3222 quibus
4223 3145 4290 3202 et
4330 3137 4639 3220 qualibus

2668 3223 3156 3308 quaestionibus
3198 3223 3529 3289 solvendis
3563 3233 3760 3307 atque
3801 3223 4113 3290 sanandis
4158 3229 4306 3304 [pag.
4345 3226 4459 3303 61]
4506 3222 4641 3289 illie

2669 3330 2803 3374 non
2846 3309 3156 3387 humana,
3201 3309 3317 3374 sed
3361 3308 3586 3376 divina
3626 3310 3848 3376 valeat
3890 3311 4225 3389 autoritas,
4271 3330 4312 3373 a
4353 3329 4492 3392 qua
4534 3329 4638 3373 re-

2669 3393 2897 3460 cedere
2936 3415 3070 3460 non
3114 3392 3444 3474 debemus,
3491 3395 3548 3460 si
3590 3393 3896 3461 volumus
3932 3396 4277 3479 pervenire
4311 3414 4445 3477 quo
4491 3402 4637 3459 ten-

2669 3479 2902 3546 dimus.
2989 3479 3213 3546 Habet
3265 3501 3444 3547 nunc
3485 3480 3768 3566 Pighius
3821 3501 4101 3564 quocum
4146 3486 4378 3546 certet:
4439 3500 4639 3564 quem

2666 3566 2780 3631 ubi
2825 3563 3266 3647 debellaverit,
3310 3566 3393 3630 ad
3432 3588 3552 3633 nos
3596 3568 3821 3633 veniat
3861 3566 4029 3632 licet.

2841 3650 3246 3734 Quanquam
3309 3672 3446 3717 non
3509 3653 3581 3716 in
3639 3672 3786 3718 eam
3849 3658 4107 3736 partem
4159 3651 4363 3735 accipi
4435 3652 4642 3718 velim

2711 3757 2833 3802 uae
2877 3736 3051 3816 dice,
3110 3757 3186 3802 ac
3241 3737 3297 3803 si
3355 3737 3778 3803 ecclesiarum
3834 3738 4184 3804 consensui
4239 3735 4511 3802 nullum
4570 3739 4641 3801 in

2666 3758 3057 3888 definiendis
3120 3820 3271 3887 fidei
3343 3823 3829 3906 quaestionibus
3893 3824 4106 3889 locum
4168 3822 4640 3905 relinquerem.

2665 3905 2805 3973 Sed
2859 3908 3036 3973 hunc
3088 3909 3453 3991 scripturae
3512 3908 3827 3975 honorem
3883 3909 4084 3975 tribui
4141 3908 4353 3987 decet,
4414 3919 4497 3974 ut
4558 3908 4645 3974 ad

2663 3994 2804 4058 eius
2847 4013 3126 4059 examen
3170 3993 3524 4078 exigantur
3565 3995 3801 4060 omnia.
3887 3993 4223 4078 Quidquid
4257 3994 4406 4060 eius
4449 4001 4648 4060 auto-

2663 4079 2858 4144 ritate
2901 4078 3378 4162 comprobatur,
3423 4101 3557 4144 non
3594 4088 3865 4147 vocetur
3898 4080 4180 4163 amplius
4214 4081 4282 4144 in
4318 4076 4642 4146 dubium:

2662 4186 2924 4230 rursum
2968 4165 3157 4244 nihil,
3202 4165 3329 4231 nisi
3373 4163 3547 4248 quod
3590 4188 3741 4232 cum
3776 4186 3855 4231 ea
3873 4167 4197 4245 convenit,
4240 4166 4644 4249 recipiatur3

2663 4249 2981 4333 quidquid
3039 4250 3371 4317 divorsum
3421 4257 3547 4331 est,
3607 4252 3695 4317 sit
3745 4274 3864 4336 pro
3908 4250 4249 4331 damnato,
4305 4257 4383 4314 ut
4427 4251 4519 4318 ab
4564 4272 4647 4317 ea

2662 4335 2803 4401 sola
2835 4335 3167 4418 pendeant
3209 4343 3276 4401 et
3318 4337 3387 4401 in
3430 4356 3509 4402 ea
3543 4338 3903 4403 consistant
3936 4338 4282 4403 universae
4314 4335 4483 4402 fidei
4528 4335 4648 4402 de-

2659 4421 3006 4487 finitiones.
3092 4422 3271 4488 Huic
3306 4420 3464 4487 dum
3506 4421 3755 4489 accedit
3797 4423 4215 4489 ecclesiarum
4250 4442 4646 4502 consensus,

2661 4527 2794 4572 non
2836 4527 3070 4590 parum
3115 4509 3431 4573 momenti
3474 4507 3675 4573 habet
3718 4509 3802 4574 ad
3845 4508 4438 4576 confirmationem.
4501 4508 4647 4573 Ve-

2662 4613 2810 4657 rum
2857 4592 2979 4659 hoc
3037 4592 3388 4677 diligenter
3440 4594 3920 4661 observandum
3965 4601 4067 4662 est
4116 4616 4202 4660 ne
4245 4592 4329 4660 ab
4375 4615 4461 4659 ea
4509 4594 4650 4660 dis—

2663 4679 2994 4763 iungatur.
3094 4678 3203 4744 Ita
3269 4679 3393 4745 hoc
3451 4679 3639 4745 nobis
3697 4681 4048 4765 singularis
4115 4681 4485 4746 testimonii
4541 4682 4649 4746 in·

2664 4772 2802 4829 star
2844 4770 2963 4844 est,
3010 4764 3093 4829 ad
3136 4763 3612 4849 ‘obsignandum
3647 4766 3800 4832 fidei
3843 4773 4107 4832 nostrae
4141 4765 4649 4846 certitudinem,

2664 4848 2837 4933 quod
2881 4850 3052 4916 hanc
3096 4850 3309 4934 ipsam
3352 4871 3494 4916 esse
3540 4851 3809 4932 scimus,
3855 4872 4055 4935 quam
4097 4850 4356 4935 pridem
4400 4873 4649 4918 omnes

2664 4955 2750 4999 ex
2793 4942 2930 5000 toto
2975 4937 3131 5001 orbe
3174 4938 3390 5002 sancti
3430 4937 3718 5020 amplexi
3759 4944 3945 5018 sunt,
3992 4937 4065 5001 in
4108 4957 4238 5021 qua
4278 4939 4652 5004 unanimes

2661 5022 3095 5103 perstiterunt
3149 5043 3358 5106 usque
3415 5022 3500 5086 ad
3553 5031 3863 5103 mortem,
3917 5044 4039 5106 pro
4092 5043 4220 5107 qua
4271 5022 4489 5088 etiam
4548 5031 4653 5089 tot

2666 5125 2749 5170 ex
2793 5106 2954 5188 ipsis
2998 5105 3294 5184 vincula,
3341 5107 3602 5187 exsilia,
3661 5107 4145 5192 deportationes
4160 5160 4175 5188 ,
4220 5107 4650 5192 lapicidinas,

2664 5191 3056 5274 ignominias
3100 5194 3396 5275 perpessi
3439 5201 3621 5275 sunt,
3680 5195 4074 5279 sanguinem
4118 5193 4397 5278 denique
4448 5195 4653 5263 fude-
