4967 5992
587 350 667 411 55
1904 344 2028 409 LE
2073 339 2673 409 OATEGHISME
2707 341 2837 409 DE
2876 343 3275 409 GENEVE.
4512 345 4584 407 56

1426 531 1695 585 n’nurm.
2539 566 2550 577 .

759 603 862 668 Tu
903 622 989 667 ne
1032 606 1100 664 te
1142 600 1315 667 feras
1355 601 1572 684 image
1616 600 1852 681 taillee,
1897 621 1982 667 66
2017 599 2386 666 semblanoe
2422 620 2538 663 au-

587 707 751 753 cune
796 686 910 753 des
951 686 1181 753 ehose‘s
1225 686 1339 770 qui
1391 693 1544 752 sont
1586 706 1673 751 au
1715 686 1839 753 ciel
1881 687 1951 752 la
1992 707 2104 753 sus
2120 737 2134 764 ,
2195 706 2280 751 ou
2335 705 2417 751 66
2473 684 2541 750 16

584 780 759 838 terre
803 794 886 858 cy
928 772 1080 851 bas,
1126 792 1213 838 66
1252 781 1323 838 es
1365 792 1561 838 eaues
1606 772 1718 856 qui
1772 779 1923 839 sont
1977 773 2173 839 soubz
2229 770 2296 834 la
2347 777 2541 836 terre.

587 860 690 925 Tu
733 880 820 924 66
863 857 962 925 168
1005 858 1410 925 honnoreras
1451 859 1655 943 point.

760 1029 1023 1097 Veut-il
1057 1027 1150 1094 du
1183 1035 1328 1094 tout
1349 979 1764 1096 dlgi’e'ffdssende
1798 1029 1960 1097 faire
1995 1050 2245 1097 aucune
2279 1028 2537 1115 image?

757 1286 823 1352 N
823 1306 938 1351 on:
984 1287 1151 1352 mais
1184 1286 1233 1350 il
1276 1216 1843 1351 defessffiffkaire
1887 1305 2138 1353 aucune
2172 1287 2407 1373 image,
2453 1307 2541 1351 ou

584 1373 770 1456 pour·
794 1373 1043 1457 figurer
1084 1372 1276 1451 Dieu,
1322 1392 1408 1437 ou
1447 1392 1613 1456 pour
1651 1371 1901 1437 adorer.
2329 1412 2333 1416 >

706 1608 711 1615 .
1378 1579 1446 1613 m
1480 1576 1741 1613 mmm·

758 1629 1116 1714 Pourquoy
1160 1635 1298 1695 est·
1315 1647 1388 1694 66
1432 1627 1591 1711 qu’il
1645 1626 1810 1694 n'est
1864 1628 2051 1714 point
2092 1628 2267 1695 licite
2311 1629 2392 1696 de
2436 1651 2540 1695 re-

587 1720 929 1798 presenter
969 1713 1149 1779 Dieu
1193 1713 1654 1781 visiblement?

1429 1816 1697 1871 a'nururr.

758 1885 1014 1951 Pource
1057 1883 1218 1968 qu’il
1259 1889 1370 1969 n’y
1417 1905 1457 1949 a
1498 1885 1680 1951 nulle
1734 1905 2149 1953 eonvenance
2194 1891 2382 1952 entre
2425 1885 2542 1971 luy

586 1971 700 2055 qui
741 1976 844 2035 est
879 1970 1109 2054 Esprit
1161 1971 1438 2052 eternel,
1491 1971 2152 2055 incomprehensible:
2180 1971 2234 2057 ¹)
2290 1980 2359 2037 et
2409 1993 2542 2037 une

587 2057 862 2123 matiere
885 2056 1261 2140 eorporelle,
1297 2064 1526 2137 morte,
1550 2058 1946 2140 corruptible
1968 2066 2036 2124 et
2055 2058 2288 2126 visible
2310 2058 2538 2142 (Deut.

590 2148 651 2223 4,
693 2146 804 2222 153
838 2141 966 2211 Ios.
1002 2147 1107 2224 41,
1147 2148 1215 2224 73
1251 2143 1397 2209 Aet.
1442 2147 1539 2221 17,
1578 2147 1691 2225 243
1725 2144 1917 2210 Rom.
1962 2150 2016 2225 1,
2055 2143 2187 2229 23).

1378 2265 1444 2300 m
1478 2265 1737 2301 mm

761 2314 865 2379 'I'u
918 2320 1153 2402 entens
1213 2313 1382 2381 done
1427 2337 1549 2399 666
1604 2320 1764 2382 c’est
1814 2315 1980 2382 faire
2037 2316 2456 2383 deshonneur
2501 2320 2565 2382 a‘

588 2419 663 2466 sa
705 2400 1007 2480 Maieste,
1054 2398 1135 2465 de
1178 2400 1245 2466 la
1286 2401 1539 2468 vouloir
1580 2410 1997 2485 representer
2041 2403 2208 2470 ainsi
2222 2401 2255 2467 ⁶?

1432 2504 1699 2558 L’mmmr.

760 2570 984 2637 Voire.

1378 2692 1447 2726 uz
1479 2692 1739 2728 mmm.

761 2740 1001 2823 Quelle
1042 2741 1249 2806 forme
1294 2739 1693 2809 d’adoration
1737 2749 1839 2810 est
1879 2745 1987 2829 icy
2032 2743 2473 2811 condamnee?

1429 2843 1698 2903 n’nurmr.

763 2911 938 2979 O’est
972 2912 1053 2977 de
1087 2932 1158 2977 se
1193 2920 1530 2995 presenter
1562 2912 1806 2980 devant
1839 2936 1969 2981 une
2002 2917 2236 3001 image,
2286 2920 2538 2997 [f01.27]

588 3019 757 3082 pour
799 2998 961 3064 faire
1006 3019 1123 3064 son
1168 2997 1453 3064 oraison:
1500 2997 1582 3065 de
1625 3000 1858 3066 flechir
1891 3001 1955 3067 le
1991 3001 2257 3088 genouil
2290 3001 2540 3068 devant

589 3083 809 3163 icelle,
866 3103 952 3149 ou
997 3084 1160 3149 faire
1214 3084 1493 3169 quelque
1546 3094 1733 3153 autre
1792 3087 1978 3173 signe
2029 3087 2109 3157 de
2164 3109 2537 3170 reverence,

588 3191 840 3237 comme
879 3171 939 3236 si
978 3170 1154 3236 Dieu
1189 3191 1261 3237 se
1303 3170 1736 3239 demonstroit
1775 3173 1843 3239 la
1884 3181 1926 3240 a
1969 3195 2153 3241 nous.

1378 3293 1447 3327 m
1481 3293 1739 3330 mmm-

759 3341 822 3408 11
874 3362 961 3407 ne
1017 3342 1158 3407 faut
1207 3362 1327 3425 pas
1382 3342 1551 3411 donc
1606 3344 1922 3411 entendre
1947 3413 1950 3416 ,
1975 3367 2102 3429 666
2154 3354 2336 3414 toute
2391 3347 2543 3414 tail-

586 3427 769 3494 leure
809 3449 893 3494 ou
932 3429 1277 3511 paincture
1331 3430 1459 3495 soit
1502 3430 1848 3497 deffendue
1892 3452 1973 3498 en
2017 3431 2317 3517 general:
2372 3433 2540 3500 mais

588 3512 956 3579 seulement
1020 3520 1237 3580 tontes
1302 3515 1549 3601 images
1604 3516 1719 3601 qui
1782 3540 1853 3585 se
1917 3520 2061 3585 font
2112 3541 2279 3604 pour
2329 3520 2542 3586 servir

586 3599 783 3680 Dieu,
828 3621 913 3664 ou
944 3598 1325 3667 l'honnorer
1357 3624 1442 3667 en
1475 3603 1702 3669 choses
1736 3604 2019 3687 visibles,
2066 3626 2151 3671 ou
2186 3605 2357 3672 bien⁴
2369 3626 2542 3690 pour

589 3705 674 3752 en
716 3685 953 3752 abuser
997 3694 1039 3751 6
1078 3685 1398 3768 idolatrie,
1446 3710 1529 3753 66
1571 3688 1850 3774 quelque
1893 3697 2068 3758 sorte
2111 3713 2236 3776 que
2278 3714 2353 3759 ce
2396 3692 2538 3758 soit.

1432 3964 1700 4018 ὕεια-ΑΜ.

760 4030 826 4098 Π
868 4038 971 4098 est
1013 4032 1197 4098 ainsi.

1380 4153 1447 4189 m
1481 4152 1739 4188 mmm.

759 4207 825 4272 A
859 4204 1075 4288 quelle
1116 4205 1210 4271 fin
1243 4203 1586 4270 reduirons
1620 4225 1784 4269 nous
1817 4225 1893 4271 66
1926 4205 2494 4272 commandement
2508 4204 2539 4268 ⁶?

1433 4307 1699 4361 n'nurm.

764 4374 1038 4465 Qomme
1081 4396 1165 4442 66
1203 4377 1509 4461 premier,
1553 4377 1731 4442 Dieu
1765 4397 1805 4441 a
1839 4374 2119 4443 deelaire
2152 4377 2305 4461 qu’il
2350 4378 2544 4443 estoit

592 4460 763 4540 seul,
809 4483 962 4527 sans
1005 4468 1222 4542 autre,
1281 4468 1476 4546 qu’on
1529 4461 1666 4528 doit
1719 4461 1976 4528 adorer:
2033 4464 2209 4528 aussi
2263 4465 2541 4529 mainta-

591 4553 761 4611 nant
799 4546 851 4610 il
893 4569 1059 4614 nous
1103 4549 1478 4616 demonstro
1520 4548 1735 4633 quelle
1777 4556 1877 4616 est
1917 4549 1984 4613 16
2028 4549 2271 4616 droiete
2312 4551 2539 4630 forme,

593 4633 728 4696 afin
772 4630 853 4696 de
896 4652 1062 4699 nous
1105 4636 1340 4699 retirer
1383 4635 1463 4701 de
1506 4643 1724 4702 toutes
1783 4636 2268 4720 superstitione,
2326 4643 2394 4701 et
2444 4636 2540 4702 fa-

595 4736 749 4799 6668
793 4715 1174 4784 chamelles.
2374 4736 2383 4745 ⁴

1349 4842 1416 4878 u
1450 4843 1706 4880 mmm.
1719 4825 1770 4893 ²)

763 4890 1053 4955 Passons
1096 4897 1301 4977 outre.

906 5148 963 5211 1)
1003 5156 1059 5201 et
1091 5106 1612 5216 incomprehensible
1648 5146 1799 5203 1561.

593 5215 717 5271 fans
753 5218 785 5272 a
822 5232 981 5271 cause
1020 5216 1117 5272 des
1151 5230 1328 5286 peres,
1365 5245 1431 5253 —
1466 5216 1817 5273 Misericorde
1854 5236 1921 5273 en
1956 5219 2098 5276 mille
2172 5223 2495 5277 eberations.

901 5284 962 5337 3»
1008 5284 1289 5339 Gall-:sius
1322 5291 1375 5340 et
1404 5284 1586 5340 Bm.-
1619 5300 1684 5341 ac
1716 5287 2146 5356 incomprehensi
2183 5290 2287 5345 ilis.

3545 549 3698 585 runt.

2813 600 2879 666 N
2881 622 2966 666 on
3011 601 3267 684 sculpes
3308 599 3430 665 tibi
3475 599 3930 679 simulacrum,
3983 618 4197 683 66666
4238 596 4586 683 imaginem

2642 684 2848 751 ullam
2884 687 3156 772 effinges
3192 707 3417 752 eorum
3453 706 3618 769 quae
3653 691 3766 750 aut
3800 685 3873 749 in
3907 685 4084 752 coelo
4119 691 4276 749 sunt
4310 705 4587 766 sursum,

2644 779 2761 837 aut
2802 771 3110 839 deorsum
3152 773 3223 837 in
3269 779 3461 851 terra,
3509 779 3625 838 aut
3663 772 3736 836 in
3779 771 3967 854 aquis
4011 769 4131 837 sub
4175 777 4372 837 terra.
4444 770 4588 837 Non

2644 857 2947 931 adorabis
2992 878 3070 925 ea
3113 878 3324 943 neque
3368 858 3555 925 coles.

3497 978 3757 1015 misna.
4133 1022 4139 1029 ⁸

2821 1033 2938 1109 [fol.
2988 1034 3094 1109 84]
3138 1028 3544 1095 Prohibetne
3598 1029 3669 1093 in
3724 1033 3934 1093 totum
3948 1077 3966 1107 ,
4025 1049 4110 1093 ne
4153 1026 4408 1111 aliquae
4448 1027 4592 1112 pin·

2647 1122 2891 1199 gantur
2934 1121 3052 1181 aut
3094 1114 3474 1199 sculpantur
3514 1112 3880 1199 imagines?

2816 1285 2882 1351 N
2884 1308 2968 1351 on
2983 1339 2999 1366 ‚
3044 1286 3158 1353 sed
3195 1283 3324 1351 duo
3367 1236 3779 1352 tantulitnmhie
3820 1292 4017 1365 vetat,
4062 1307 4147 1350 ne
4192 1305 4356 1369 quas
4398 1284 4593 1351 facia-

2642 1393 2792 1437 mus
2857 1372 3210 1458 imagines,
3274 1371 3386 1438 vel
3448 1373 3578 1438 Dei
3645 1370 4033 1457 effingendi‚
4104 1369 4211 1437 vel
4276 1369 4590 1436 adorandi

2643 1478 2856 1525 eausa.
3137 1486 3146 1495 ⁸

2818 1627 2959 1695 Gur
3000 1630 3223 1695 Deum
3265 1650 3399 1696 non
3443 1579 3893 1697 lilgtmgsibili
3927 1631 4143 1714 figura
4184 1627 4593 1712 exprimere?

2819 1885 2997 1969 Quia
3017 1886 3188 1952 nihil
3225 1887 3401 1953 inter
3434 1836 3764 1970 eummffi'ui
3798 1887 4069 1972 spiritus
4108 1890 4228 1967 est,
4266 1893 4595 1964 aeternus,

2644 1972 3323 2057 incomprehensibilis
3339 1973 3398 2059 8)
3468 1978 3537 2037 et
3600 1993 3976 2057 corpoream
3992 2025 4010 2053 ,
4084 1972 4593 2057 corruptibilem,

2644 2066 3101 2142 mortuamque
3143 2060 3426 2144 figuram
3470 2057 3682 2125 simile
3725 2067 3842 2126 est.

3492 2266 3750 2301 mmm

2811 2316 3138 2382 Iniuriam
3181 2336 3337 2401 ergo
3379 2316 3522 2381 fieri
3562 2337 3790 2382 censes
3824 2318 3966 2384 eius
4005 2317 4351 2398 maiestati,
4396 2337 4600 2402 quum

2641 2404 2712 2468 in
2755 2402 2933 2469 hune
2971 2400 3241 2468 modum
3286 2402 3859 2486 repraesentatur?

3543 2524 3693 2560 Pum-

2819 2571 2932 2641 Sic
2977 2572 3207 2639 sentin.

2892 2716 2908 2732 .
3495 2696 3752 2731 nmmum.

2819 2745 3165 2828 Quaenam
3211 2745 3318 2812 hie
3362 2745 3765 2812 adorationis
3809 2747 4057 2831 species
4101 2747 4500 2815 damnatur?

3546 2868 3697 2903 rm.

2819 2916 3048 2999 Quum
3089 2915 3175 2981 ad
3217 2922 3502 2983 statuam
3556 2918 3665 2985 vel
3704 2919 4064 3002 imaginem
4091 2930 4228 2987 'nos
4271 2925 4600 2988 converti-

2641 3024 2791 3069 mus
2834 3003 3180 3086 precaturi,
3227 3023 3445 3068 coram
3478 3025 3558 3070 ea
3590 3024 3711 3070 nos
3745 3005 4253 3086 prosternimus,
4308 3030 4603 3092 genuum

2643 3090 2959 3168 flexione,
3017 3098 3133 3154 aut
3187 3090 3332 3155 aliis
3403 3091 3458 3155 si
3555 3090 3611 3155 i's
3667 3088 4053 3157 exhib'emus
4105 3092 4206 3157 illi
4258 3091 4599 3178 honorem,

2645 3196 2722 3243 ac
2766 3177 2824 3242 si
2862 3177 3052 3242 Deus
3095 3174 3230 3242 11116
3272 3197 3344 3242 86
3387 3197 3472 3241 66
3518 3176 3576 3242 18
3617 3184 4160 3260 repraesentaret.

3495 3298 3754 3334 umam.

2816 3347 2882 3413 N
2883 3369 2966 3413 on
3020 3369 3093 3412 er
3243 3348 3601 3432 quamlibet
3664 3348 4046 3432 simpliciter
4108 3352 4434 3435 picturam
4490 3353 4599 3421 vel

2645 3434 3050 3517 sculpturam
3153 3434 3210 3498 18
3262 3434 3482 3501 verbis
3546 3433 3842 3500 damnari
3899 3434 4404 3521 intelligendum
4464 3447 4596 3504 est:

2643 3518 2760 3586 sed
2782 3526 3044 3586 tantum
3065 3520 3385 3605 imagines
3407 3520 3832 3603 prohibemur
3852 3522 4065 3588 facere
4085 3523 4154 3587 in
4177 3523 4354 3589 hune
4373 3525 4598 3606 finem,

2645 3612 2721 3671 ut
2762 3606 2835 3671 in
2876 3606 3008 3670 illis
3051 3606 3273 3671 Deum
3313 3606 3422 3675 vel
3463 3627 3872 3691 quaeramus,
3917 3608 4023 3675 vel
4068 3607 4387 3675 colamus:
4435 3611 4595 3692 sive,

2646 3691 2820 3777 quod
2875 3691 3050 3757 idem
3103 3699 3233 3771 est,
3288 3713 3397 3759 eas
3440 3693 3727 3760 colamus
3780 3694 3852 3757 16
3895 3694 4026 3759 Ι)61
4078 3693 4424 3761 honorem:
4482 3702 4600 3763 aut

2648 3799 2902 3929 qgoquo
2944 3776 3137 3844 modo
3179 3778 3311 3846 11118
3353 3777 3436 3844 6(1
3479 3779 4004 3864 superstitionem
4031 3788 4116 3846 *et
4155 3779 4598 3849 idololatriam

2647 3885 2686 3929 a
2733 3872 3014 3929 utamur.

3542 3986 3694 4022 rum.

2819 4036 3091 4102 Verum.

3491 4158 3750 4193 mmmm.

2816 4211 3012 4276 Nunc
3053 4209 3124 4272 16
3167 4228 3360 4292 quem
3397 4208 3599 4274 finem
3642 4216 3834 4294 caput
3876 4209 4000 4275 hoc
4042 4210 4439 4276 referemus?

3543 4329 3693 4365 rum.

2815 4378 3387 4462 Quemadmodum
3423 4381 3758 4462 superiore
3802 4403 4007 4447 unum
4050 4402 4121 4448 se
4157 4403 4299 4448 6886
4339 4383 4598 4449 (16666-

2645 4467 2846 4533 ciavit
2877 4488 3072 4551 quem
3105 4468 3228 4533 coli
3258 4473 3556 4550 oporteat
3591 4472 3708 4548 [fol.
3736 4473 3842 4548 35]
3880 4475 3946 4534 et
3967 4466 4250 4533 adorari:
4288 4468 4382 4535 ita
4415 4491 4600 4536 nunc

2646 4573 2811 4636 quae
2865 4561 3047 4620 recta
3087 4555 3177 4619 sit
3232 4552 3632 4619 adorationis
3683 4554 3894 4620 forma
3936 4553 4247 4636 ostendit,
4304 4577 4430 4638 quo
4475 4576 4598 4622 nos

2645 4639 2726 4706 ab
2770 4641 2945 4704 omni
2984 4641 3465 4723 superstitione,
3510 4640 3785 4724 aliisque
3823 4641 4071 4709 vitiosis
4114 4649 4182 4706 et
4221 4642 4597 4710 carnalibus

2641 4727 2973 4810 figmentis
3015 4734 3292 4793 revocet.

3490 4848 3748 4883 mulsum.

2815 4899 3197 4983 Pergamus.

2109 5150 2170 5219 2)
2221 5153 2298 5208 Le
2335 5152 2421 5208 24.
2456 5153 2752 5210 dimanche.
2789 5180 2855 5191 —
2901 5152 3217 5207 Paillardise
3254 5152 3566 5221 spirituelle.
3604 5182 3670 5191 —
3706 5152 3986 5209 Commeat
4018 5155 4156 5211 Dieu
4190 5157 4345 5225 punit
4378 5157 4460 5214 les
4496 5172 4596 5212 en·
