4967 5992
370 384 488 445 501
1719 380 2442 492 REFORmDAE
2486 381 3033 449 ECCLESIAE.
4265 394 4390 458 502

363 567 625 652 impleri
668 568 1053 635 vaticinium
1097 567 1266 634 illud
1309 568 1615 652 oportuit,
1661 575 1738 633 ut
1773 569 2146 635 domesticis
2186 569 2322 635 suis

365 662 539 720 esset
593 653 900 732 Christus
955 654 1121 739 lapis
1189 654 1567 720 offensionis
1631 660 1700 719 et
1755 663 1942 738 petra
1996 654 2318 720 scandali:

366 741 460 805 ita
500 738 668 804 nihil
712 741 985 818 mirum,
1037 741 1095 806 si
1150 747 1378 804 nostro
1435 761 1692 824 quoque
1749 749 2042 825 tempore
2089 761 2321 807 verum

365 828 469 892 sit.
558 826 687 890 Est
721 825 986 908 quidem
1027 825 1154 891 hoc
1195 825 1574 892 habendum
1617 825 1901 910 prodigii
1942 826 2101 904 loce,
2148 824 2320 908 quod

363 910 669 995 lapidem,
713 912 826 993 qui
869 912 940 975 in
984 911 1414 977 fundamento
1455 912 1899 995 principatum
1934 920 2163 977 tenere
2207 910 2320 975 de-

365 997 534 1075 beat,
580 997 885 1062 reiiciant
916 998 1285 1063 architecti:
1329 997 1445 1063 sed
1491 997 1644 1080 quia
1680 997 1805 1063 hoc
1843 998 1923 1063 ab
1958 997 2146 1062 initio
2188 998 2321 1062 fac-

364 1089 508 1148 tum
553 1083 682 1148 fuit
721 1083 794 1146 in
839 1082 1126 1164 Christo,
1175 1104 1260 1148 ne
1303 1084 1639 1162 miremur,
1684 1104 1889 1165 quum
1930 1081 2126 1148 hodie
2161 1102 2321 1165 quo-

365 1189 493 1251 que
538 1189 664 1234 usu
708 1168 905 1235 venit.
972 1169 1104 1234 Hic
1147 1175 1327 1234 tuam
1373 1169 1783 1235 maiestatem
1829 1168 2106 1252 appelle,
2154 1169 2320 1233 Cae-

366 1275 493 1332 sar,
538 1262 958 1336 vestramque
1001 1253 1522 1338 amplitudinem,
1569 1254 1935 1336 Principes,
1979 1275 2181 1337 quum
2216 1255 2321 1318 in-

364 1340 584 1405 fausta
617 1339 778 1405 haec
812 1340 1123 1406 ecclesiae
1160 1340 1519 1423 dissipatio,
1557 1339 1811 1422 aliaque
1830 1340 2093 1405 infinita
2128 1340 2317 1417 mala,

363 1446 532 1507 quae
587 1447 671 1491 ex
728 1424 1130 1491 dissensione
1188 1433 1333 1490 orta
1376 1433 1560 1504 sunt,
1618 1425 1728 1492 vel
1770 1433 2123 1491 occurrunt
2177 1426 2318 1490 ani-

364 1512 491 1575 mis
537 1511 802 1587 vestris,
870 1510 979 1577 vel
1036 1531 1338 1576 sermone
1395 1516 1543 1590 [pag.
1582 1516 1692 1590 82]
1746 1510 2091 1577 hominum
2144 1532 2317 1577 com-

363 1604 852 1674 memorantur,
906 1598 1098 1662 facite
1154 1606 1231 1662 ut
1274 1596 1468 1662 simul
1516 1598 1589 1661 in
1641 1605 1931 1662 mentem
1977 1598 2161 1663 vobis
2209 1619 2319 1662 ve-

363 1682 523 1759 niat,
568 1682 641 1745 iu
688 1701 960 1764 scopum
1015 1681 1548 1748 contradictionis
1603 1684 1888 1765 positum
1933 1704 2076 1748 esse
2120 1682 2317 1748 Chri-

362 1775 573 1832 stum:
635 1776 711 1830 ut
753 1768 1003 1849 quoties
1057 1767 1473 1851 praedicatur
1516 1768 1656 1833 eius
1702 1769 2146 1853 evangelium,
2193 1769 2318 1832 im-

361 1853 625 1935 piorum
688 1852 939 1917 rabiem
996 1853 1313 1919 accendat
1356 1854 1575 1919 statim
1645 1853 1728 1918 ad
1794 1854 2317 1938 repugnandum.

362 1939 509 2004 Iam
577 1959 661 2002 ex
721 1939 1031 2005 conflictu
1103 1942 1249 2004 fieri
1313 1941 1801 2006 concussionem
1866 1961 2132 2006 necesse
2197 1948 2315 2004 est.

361 2023 550 2089 Haec
589 2024 794 2107 igitur
828 2033 1151 2108 perpetua
1184 2025 1324 2104 fuit,
1359 2046 1564 2108 usque
1599 2045 1639 2089 a
1661 2026 1873 2108 primo
1908 2047 2026 2090 suo
2062 2033 2317 2104 exortu,

364 2115 434 2176 et
474 2130 735 2191 semper
778 2110 937 2189 erit,
998 2133 1204 2193 usque
1247 2112 1316 2175 in
1362 2112 1590 2188 finem,
1635 2110 1959 2195 evangelii
2004 2110 2316 2175 conditio:

363 2203 443 2261 ut
484 2194 623 2261 eius
667 2195 1215 2278 praedicationem
1265 2196 1525 2280 magnis
1568 2197 2094 2262 contentionibus
2140 2196 2318 2262 exci-

362 2281 503 2365 piat
555 2280 863 2346 mundus.
966 2281 1104 2348 Sed
1158 2281 1583 2364 prudentium
1631 2288 1732 2347 est
1778 2281 2319 2361 animadvertere,

362 2366 541 2432 unde
585 2374 897 2433 nascatur
938 2367 1140 2432 huius
1183 2366 1340 2431 mali
1384 2388 1597 2433 causa.
1686 2367 1834 2433 Hoc
1877 2368 2171 2450 quisquis
2216 2389 2320 2433 re-

362 2453 624 2535 spiciet,
689 2452 879 2517 facile
925 2473 1048 2518 nos
1116 2452 1298 2517 omni
1363 2452 1556 2535 culpa
1612 2452 1931 2518 liberabit.
2034 2453 2320 2517 Veritati

361 2545 542 2603 certe
586 2538 1035 2603 testimonium
1076 2536 1378 2617 reddere,
1437 2538 1634 2604 sicuti
1697 2539 1968 2605 fecimus
2012 2540 2318 2622 oportuit.

359 2623 510 2688 Vae
552 2622 820 2701 mundo,
865 2626 924 2689 si
965 2623 1308 2690 Christum
1356 2623 1614 2690 mavult
1664 2624 1747 2689 ad
1791 2631 2125 2690 certamen
2166 2645 2321 2709 pro-

357 2729 617 2786 vocare,
659 2729 855 2792 quam
899 2710 1185 2775 oblatam
1222 2707 1303 2773 ab
1338 2730 1414 2774 eo
1449 2731 1678 2793 pacem
1714 2711 2037 2793 amplecti.
2102 2711 2318 2776 Fran-

359 2801 558 2878 getur
618 2795 802 2945 {nim
864 2796 1091 2878 procul
1148 2794 1374 2873 dubio,
1441 2795 1552 2878 qui
1609 2797 1689 2860 ab
1747 2817 1823 2861 eo
1880 2797 2121 2880 corrigi
2185 2817 2318 2861 non

359 2880 616 2946 sustine
660 2880 730 2944 it.

535 2966 629 3030 At
682 2965 790 3031 hic
846 2966 1033 3031 nobis
1076 2987 1344 3031 rursum
1388 2967 1721 3046 obiicitur,
1767 2989 1904 3032 non
1946 2969 2168 3033 omnia
2211 2989 2316 3034 ec-

359 3051 598 3118 clesiae
639 3051 805 3116 vitia
857 3058 997 3116 tam
1052 3054 1301 3135 asperis
1358 3051 1665 3118 remediis
1722 3053 2109 3138 corrigenda
2152 3075 2315 3132 esse,

359 3157 484 3203 nec
551 3135 637 3201 ad
695 3137 917 3204 vivum
987 3138 1369 3216 resecanda,
1430 3158 1506 3204 ac
1560 3161 1644 3204 ne
1697 3138 1998 3205 omnibus
2054 3140 2316 3222 quidem

358 3223 764 3288 afferendam
801 3244 944 3289 esse
978 3222 1401 3289 medicinam:
1440 3225 1557 3290 sed
1591 3224 1721 3290 alia
1755 3224 2140 3307 castiganda
2173 3245 2317 3291 esse

356 3307 616 3387 leniter,
664 3308 794 3373 alia
836 3328 979 3374 esse
1021 3309 1392 3388 toleranda,
1446 3310 1504 3375 si
1549 3309 1705 3393 quid
1749 3309 2153 3376 difficultatis
2198 3311 2316 3375 ha-

355 3394 516 3460 beat
569 3393 958 3460 emendatio.
1060 3394 1483 3478 Respondeo,
1544 3416 1679 3460 non
1734 3402 1940 3478 usqne
1985 3393 2146 3461 adeo
2188 3395 2313 3460 im-

353 3479 604 3563 peritos
657 3501 802 3547 esse
856 3501 978 3545 nos
1053 3481 1420 3545 communis
1472 3481 1680 3558 vitae,
1749 3482 1910 3563 quin
1975 3482 2317 3548 ecclesiam

355 3566 743 3631 noverimus
786 3585 1047 3649 semper
1099 3567 1304 3633 fuisse
1349 3565 1700 3631 obnoxiam
1746 3565 2073 3650 aliquibus
2115 3567 2313 3647 vitiis,

355 3671 751 3734 semperque
802 3653 972 3718 fore:
1028 3672 1195 3734 quae
1238 3652 1365 3735 piis
1411 3650 1844 3736 improbanda
1877 3652 2160 3736 quidem,
2202 3673 2315 3735 po-

355 3738 495 3803 tius
538 3744 763 3802 tamen
813 3737 1084 3803 ferenda
1136 3740 1299 3817 sint,
1355 3758 1553 3821 quam
1599 3758 1829 3803 eorum
1871 3758 2072 3804 causa
2112 3737 2316 3803 hosti-

355 3822 517 3887 liter
570 3820 1032 3889 dimicandum.
1132 3824 1517 3902 Caeterum,
1592 3824 1906 3889 iniuriam
1970 3823 2163 3888 nobis
2218 3824 2314 3888 fa-

355 3909 550 3975 ciunt
592 3906 950 3973 adversarii
963 3959 979 3986 ,
1034 3908 1191 3974 dum
1245 3910 1487 3975 nimiae
1527 3909 1925 3975 morositatis
1970 3931 2090 3976 nos
2124 3930 2318 3975 accu-

355 4000 534 4071 sant,
580 3994 784 4075 quasi,
830 3993 910 4058 ob
953 3995 1229 4077 exiguos
1269 3995 1582 4079 levesque
1631 4016 1902 4073 errores,
1948 3995 2315 4061 molestiam

356 4078 676 4146 ecclesiae
729 4077 1240 4146 exhibuerimus.
1344 4086 1492 4159 [pag.
1532 4086 1641 4161 83]
1697 4081 1764 4146 N
1765 4102 1873 4146 am
1929 4081 2099 4146 hauc
2156 4102 2315 4164 quo-

357 4186 490 4249 quo
533 4164 930 4229 calumniam
965 4164 1048 4229 ad
1092 4165 1253 4230 alias
1288 4164 1682 4250 adiungunt,
1729 4166 1904 4249 quod
1938 4173 2317 4244 extenuant,

358 4272 492 4334 quo
537 4259 818 4334 possunt
859 4251 1167 4328 artificio,
1222 4271 1333 4316 eas
1388 4274 1494 4318 res
1538 4252 1618 4317 de
1662 4251 1895 4335 quibus
1937 4260 2320 4319 controver-

361 4338 532 4403 siam
587 4336 947 4402 movimus:
999 4344 1078 4401 ut
1141 4335 1401 4401 rixandi
1450 4338 1667 4422 magis
1717 4337 1991 4405 libidine
2048 4336 2320 4420 impulsi

358 4421 739 4500 videamur,
803 4442 999 4503 quam
1077 4423 1254 4486 iusta
1317 4442 1515 4488 causa
1581 4424 1845 4490 adducti
1911 4425 2042 4490 huc
2094 4424 2316 4490 fuisse.

357 4507 595 4591 Neque
647 4508 825 4574 enim
866 4505 935 4571 id
979 4508 1228 4574 faciunt
1282 4507 1685 4591 ignorantia,
1743 4510 1859 4575 sed
1902 4517 2119 4576 astuto
2163 4530 2319 4576 con-

357 4593 538 4660 silio:
586 4593 742 4676 quia
783 4592 1032 4659 scilicet
1075 4599 1405 4659 noverunt
1439 4595 1760 4660 eiusmodi
1803 4597 2316 4679 importunitate,

357 4679 627 4764 qualem
668 4678 857 4745 nobis
891 4680 1239 4764 affingunt,
1276 4679 1443 4745 nihil
1480 4701 1624 4745 esse
1658 4680 1962 4746 odiosius.
2030 4681 2319 4746 Tametsi

357 4787 556 4832 suam
609 4784 868 4848 quoque
923 4766 1333 4850 impietatem
1390 4767 1465 4830 in
1518 4786 1595 4830 eo
1649 4766 1969 4850 produnt,
2024 4765 2195 4849 quod
2239 4764 2320 4830 de

357 4852 562 4918 rebus
606 4852 903 4916 omnium
957 4852 1267 4918 maximis
1323 4852 1420 4917 ita
1462 4852 1888 4935 contemptim
1941 4852 2318 4934 loquuntur.

359 4938 560 5004 Itane
593 4937 794 5002 vero?
836 4944 914 5001 ut
954 4958 1161 5020 quum
1194 4938 1616 5021 profanatum
1641 4938 1771 5002 Dei
1812 4937 2079 5015 cultum,
2117 4957 2320 5019 quum

359 5023 686 5089 honorem
738 5023 879 5088 eius
933 5045 1202 5108 prorsus
1259 5023 1712 5103 imminutum,
1767 5044 1971 5107 quum
2026 5021 2319 5105 implica-

359 5116 510 5176 tam
549 5108 779 5172 multis
830 5108 1217 5191 perniciosis
1272 5109 1602 5176 erroribus
1659 5110 1890 5175 salutis
1933 5107 2322 5186 doctrinam,

360 5215 570 5279 quum
601 5193 924 5276 sepultam
971 5215 1117 5260 esse
1137 5193 1388 5261 Christi
1421 5197 1763 5276 virtutem,
1807 5215 1996 5262 sacra
2038 5193 2321 5276 denique

362 5279 596 5346 omnia
638 5278 999 5363 sacrilegiis
1053 5278 1307 5362 polluta
1344 5282 1839 5365 conquerimur,
1903 5288 1978 5348 ut
2021 5286 2322 5347 nostram

2429 568 2782 635 stultitiam
2826 569 3183 652 derideant,
3221 572 3411 654 quasi
3447 571 3527 639 de
3561 573 3863 639 leviculis
3900 576 4388 657 quaestionibus

2429 654 2825 737 disputando
2860 677 2980 722 nos
3017 666 3085 721 et
3119 666 3330 722 totum
3365 658 3688 724 mundum
3710 661 3959 728 frustra
3982 662 4384 746 fatigemus?

2604 741 2855 806 Verum
2871 793 2886 819 ,
2937 744 3093 825 quia
3135 741 3297 809 haec
3340 746 3585 810 cursim
3627 746 3988 831 perstringi
4033 760 4382 831 nequeunt,

2424 825 2610 891 locus
2655 827 2967 909 postulat,
3008 836 3085 893 ut
3128 850 3352 894 earum
3398 852 3649 906 rerum,
3711 830 3791 896 de
3835 831 4069 916 quibus
4113 842 4385 900 conten-

2426 910 2675 991 dimuS,
2730 912 3121 996 dignitatem
3175 923 3241 979 et
3294 915 3554 997 pondus
3612 915 3993 1000 diligentius
4037 919 4224 985 vobis
4267 943 4383 986 ex-

2427 1016 2701 1081 ponam:
2755 1008 2830 1062 ut
2883 1007 3220 1082 appareat,
3291 1022 3426 1066 non
3483 1002 3675 1066 modo
3728 1023 3866 1066 non
3911 1004 4115 1070 fuisse
4169 1008 4380 1091 negliu

2427 1081 2705 1165 gendas,
2764 1083 2880 1149 sed
2933 1085 3115 1150 nullo
3172 1086 3362 1151 modo
3418 1087 3709 1170 potuisse
3753 1108 3793 1151 a
3844 1088 4033 1154 nobis
4086 1101 4379 1173 praeter-

2425 1168 2624 1244 mitti,
2670 1169 2830 1250 quin
2866 1172 3156 1235 maximo
3196 1172 3438 1237 scelere
3475 1182 3543 1237 et
3575 1174 3781 1256 impia
3815 1174 4131 1242 adversus
4154 1176 4372 1243 Deum

2425 1253 2701 1335 perfidia
2744 1276 2863 1318 nos
2907 1253 3482 1340 obstringeremus.
3574 1257 3770 1340 Quod
3815 1259 3895 1325 de
3943 1261 4156 1328 tribus
4201 1266 4376 1347 capi-

2425 1338 2635 1417 tibus,
2691 1338 2772 1403 de
2815 1340 3055 1422 quibus
3099 1342 3285 1407 initio
3330 1343 3664 1409 dicturum
3707 1365 3814 1410 me
3859 1349 4187 1429 proposui,
4233 1357 4377 1413 erat

2423 1425 2495 1489 in
2531 1424 2763 1489 ordine
2798 1426 3090 1491 tortium.
3149 1428 3486 1511 Principio
3531 1431 3698 1495 scire
3734 1430 3949 1510 velim,
3997 1453 4124 1514 qua
4157 1434 4377 1499 fronte

2426 1509 2838 1576 Christianos
2882 1533 2952 1577 se
2987 1513 3331 1578 nominare
3373 1515 3613 1594 ausint,
3658 1517 3767 1597 qui
3813 1538 3933 1582 nos
3970 1520 4051 1583 ob
4096 1519 4373 1584 nimium

2425 1595 2604 1661 leves
2658 1618 2889 1662 causas
2947 1596 3286 1665 discordiis
3354 1607 3598 1665 temere
3676 1601 3974 1668 turbasse
4033 1604 4372 1670 ecclesiam

2422 1681 2825 1747 insimulant.
2914 1683 3087 1748 Nam
3130 1685 3186 1749 si
3233 1685 3401 1749 tanti
3452 1685 3839 1769 religionem
3891 1689 4183 1754 facerent
4224 1712 4375 1756 nos

2422 1773 2625 1844 tram,
2686 1772 2835 1846 [pag.
2873 1774 2982 1847 84]
3026 1770 3250 1851 quanti
3310 1792 3462 1836 suas
3518 1773 3815 1837 fecerunt
3865 1781 4120 1839 veteres
4173 1776 4375 1842 idolo-

2421 1852 2662 1932 latrae,
2722 1853 2864 1925 eius
2911 1856 3398 1921 conservandae
3454 1857 3776 1937 studium,
3848 1859 4021 1941 quod
4074 1860 4174 1924 illi
4229 1862 4376 1927 aliis

2423 1938 2727 2004 omnibus
2771 1938 2947 2005 curis
2999 1959 3075 2004 ac
3128 1942 3411 2024 negotiis
3464 1943 3967 2024 praeferendum
4025 1945 4374 2012 duxerunt.

2421 2045 2557 2090 non
2600 2025 2693 2090 ita
2736 2031 3257 2092 contemnerent.
3343 2026 3452 2091 Illi
3502 2030 3676 2092 enim
3720 2050 3925 2110 quum
3968 2051 4090 2112 pro
4135 2032 4267 2097 aris
4311 2044 4381 2097 et

2423 2110 2585 2176 focis
2631 2110 2944 2177 dimicare
2988 2133 3058 2177 se
3103 2112 3321 2191 aiunt,
3380 2133 3649 2177 causam
3693 2113 3819 2179 sibi
3861 2115 4177 2183 videntur
4220 2118 4379 2183 alle-

2423 2215 2581 2279 gare
2626 2198 2923 2260 omnium
2959 2198 3277 2279 optimam
3321 2207 3388 2261 et
3423 2198 3710 2262 maxime
3745 2200 4191 2268 favorabilem.
4249 2203 4379 2269 His

2425 2280 2692 2346 videtur
2746 2302 2887 2347 esse
2945 2303 3151 2366 paene
3195 2303 3604 2366 supervacua
3647 2286 3995 2364 contentio,
4051 2308 4215 2368 quae
4259 2309 4377 2370 pro

2427 2366 2559 2431 Dei
2581 2367 2789 2451 gloria
2823 2375 2892 2432 et
2933 2366 3276 2434 hominum
3313 2368 3524 2433 salute
3568 2369 3944 2452 suscipitur.
4011 2371 4168 2435 Non
4202 2374 4379 2438 enim

2428 2451 2509 2516 de
2566 2451 2802 2517 umbra
2868 2454 3066 2532 asini,
3123 2455 3293 2519 sicut
3335 2454 3583 2519 dictum
3638 2463 3767 2533 est,
3829 2455 4200 2539 litigamus:
4262 2458 4377 2524 sed

2427 2544 2566 2603 tota
2641 2538 2977 2622 religionis
3052 2538 3451 2606 christianae
3522 2562 3782 2605 summa
3845 2542 3919 2605 in
4000 2544 4376 2625 quaestione

2423 2625 2725 2690 vertitur.
2828 2622 2905 2690 Si
2962 2624 3132 2689 nihil
3185 2625 3364 2691 aliud
3418 2627 3681 2691 veniret
3741 2626 3815 2690 in
3868 2628 4221 2706 rationem,
4289 2649 4375 2693 an

2423 2709 2680 2775 tantulo
2738 2711 2807 2774 in
2860 2711 3072 2793 pretio
3127 2711 3317 2776 nobis
3379 2721 3482 2777 est
3546 2719 3817 2776 aeterna
3869 2720 3936 2777 et
3984 2713 4377 2780 inviolabilis

2422 2793 2555 2859 Dei
2600 2797 2866 2876 veritas,
2909 2816 3108 2879 quam
3140 2803 3241 2861 tot
3283 2796 3652 2862 illustribus
3694 2798 4087 2863 testimoniis
4130 2807 4375 2865 certam

2423 2881 2728 2961 reddidit,
2774 2903 2892 2965 pro
2936 2902 3066 2964 qua
3107 2883 3559 2948 confirmanda
3602 2891 3699 2948 tot
3741 2882 3952 2948 sancti
3995 2884 4372 2967 prophetae,

2421 2974 2520 3031 tot
2561 2975 2893 3051 martyres
2936 2975 3217 3033 mortem
3252 2969 3582 3034 obierunt:
3630 2969 3816 3035 cuius
3859 2970 3999 3052 ipse
4024 2969 4154 3035 Dei
4198 2971 4375 3036 filius

2420 3073 2656 3136 praeco
2708 3064 2777 3118 et
2828 3054 3017 3118 testis
3069 3055 3226 3132 fuit,
3284 3076 3482 3137 quam
3542 3054 3820 3137 donique
3874 3076 3992 3120 suo
4052 3056 4376 3141 sanguiue

2420 3137 2820 3222 obsignavit:
2880 3146 2957 3203 ut
3012 3139 3200 3205 nobis
3245 3138 3621 3205 videntibus
3677 3149 3746 3205 et
3801 3140 4168 3207 tacentibus
4220 3163 4372 3208 con-

2418 3224 2664 3290 culcari
2708 3223 2980 3289 debeat?

2591 3308 2729 3375 Sed
2781 3308 3103 3374 descendo
3148 3309 3233 3375 ad
3278 3309 3545 3391 species.
3634 3308 3897 3375 Scimus
3940 3330 4136 3392 quam
4184 3332 4371 3376 exse-

2417 3394 2681 3461 crabilis
2725 3395 2868 3460 Deo
2925 3415 3031 3460 res
3088 3395 3175 3459 sit
3224 3394 3621 3459 idololatria:
3680 3404 3747 3459 et
3786 3415 3983 3478 quam
4027 3393 4373 3464 horrendis

2418 3481 2647 3564 poenis
2687 3501 2832 3545 eam
2877 3479 3054 3545 ultus
3097 3480 3187 3544 sit
3228 3487 3371 3544 tum
3414 3480 3487 3543 in
3531 3480 3769 3563 populo
3810 3479 4177 3560 israelitico,
4227 3488 4372 3546 tum

2417 3568 2490 3631 in
2533 3565 2684 3630 aliis
2725 3566 3060 3649 gentibus,
3113 3565 3356 3648 passim
3408 3572 3687 3631 narrant
3738 3565 4069 3630 historiae.
4160 3567 4363 3632 Audi

2418 3674 2568 3717 mus
2613 3651 2890 3716 eandem
2927 3651 3291 3718 vindictam
3335 3650 3477 3717 eius
3521 3672 3632 3716 ore
3687 3650 4072 3717 denunciari
4114 3653 4188 3715 in
4230 3673 4371 3716 om-

2418 3758 2537 3803 nes
2580 3743 2849 3803 aetates.
2913 3736 3119 3804 Nobis
3152 3738 3329 3802 enim
3370 3737 3923 3820 loquitur,quum
3957 3757 4076 3819 per
4109 3759 4373 3803 sacrum

2420 3843 2618 3889 suum
2671 3844 2910 3888 nomen
2967 3824 3168 3902 iurat,
3228 3844 3360 3888 non
3401 3837 3750 3905 passurum
3795 3843 3893 3900 se,
3953 3831 4029 3886 ut
4072 3822 4156 3887 ad
4197 3822 4373 3887 idola

2420 3909 2631 3994 gloria
2715 3930 2839 3974 sua
2901 3909 3368 3975 transferatur:
3440 3929 3643 3992 quum
3724 3916 4003 3973 testatur
4070 3929 4140 3973 se
4203 3908 4374 3973 zelo-

2420 4006 2659 4079 typum
2717 4016 2891 4072 esse,
2948 3995 3059 4078 qui
3114 3995 3188 4058 in
3231 3995 3495 4060 tertiam
3540 4002 3606 4059 et
3647 4005 3950 4077 quartam
4002 3994 4374 4076 generatio-

2420 4102 2575 4145 nem
2617 4078 3068 4146 vindicaturus
3124 4081 3239 4157 sit,
3299 4101 3501 4163 quum
3547 4078 3676 4144 alia
3720 4086 4011 4161 peccata,
4059 4087 4205 4142 tum
4251 4078 4374 4144 hoc

2420 4167 2637 4248 ipsum
2691 4186 2848 4248 prae
2903 4164 3065 4230 aliis.
3164 4165 3314 4240 Hoc
3357 4173 3698 4249 peccatum
3752 4167 3913 4242 ests
3948 4164 4135 4229 cuius
4178 4183 4376 4229 causa

2422 4253 2722 4336 Moyses,
2783 4257 2921 4315 tam
2961 4259 3307 4317 mansueto
3352 4251 3595 4333 alioqui
3637 4249 3909 4332 ingenio
3952 4249 4088 4326 vir,
4134 4249 4374 4331 spiritu

2421 4339 2553 4403 Dei
2606 4357 2947 4416 accensuS,
3025 4336 3301 4402 Levitae
3353 4336 3720 4402 discurrere
3773 4356 3890 4418 per
3942 4346 4158 4400 castra
4224 4339 4372 4412 [pag.

2425 4428 2535 4502 85]
2579 4423 2786 4500 iussit,
2832 4429 2901 4486 et
2942 4443 3180 4488 manus
3222 4423 3501 4487 fratrum
3544 4442 3814 4487 suorum
3857 4419 4178 4504 sanguine
4221 4441 4376 4485 con-

2422 4527 2680 4574 secrare
2714 4506 2955 4593 (Exod.
2995 4511 3095 4586 32,
3136 4507 3279 4592 27):
3338 4508 3520 4572 cuius
3575 4527 3773 4571 causa
3824 4504 4141 4588 populum
4184 4525 4379 4570 suum

2423 4594 2617 4659 toties
2661 4600 3097 4677 persequutus
3141 4599 3245 4657 est
3285 4590 3491 4672 Deus,
3539 4612 3615 4657 ac
3657 4598 3858 4674 peste,
3905 4592 4095 4670 same,
4142 4590 4382 4675 gladio,

2424 4680 2605 4744 omni
2673 4678 2955 4760 denique
3012 4677 3462 4743 calamitatum
3540 4698 3781 4761 genere
3846 4675 4112 4740 afflixit:
4199 4677 4385 4742 cuius

2422 4784 2622 4832 causa
2661 4763 3082 4847 potissimum
3125 4762 3409 4828 concidit
3447 4783 3731 4847 regnum
3764 4761 4036 4827 Israelis
4069 4761 4382 4845 primum,

2423 4848 2661 4916 deinde
2694 4848 2890 4928 Iuda:
2949 4848 3171 4915 excisa
3213 4847 3579 4914 Ierusalem
3619 4848 3854 4913 civitas
3902 4856 4162 4928 sancta,
4213 4853 4382 4911 tem-

2423 4935 2608 5019 plum
2642 4934 2791 5015 Dei,
2821 4932 2995 5018 quod
3028 4934 3289 4999 unicum
3328 4941 3470 4999 erat
3493 4941 3654 4999 tunc
3686 4932 3758 4997 in
3798 4933 4015 5012 terris,
4052 4933 4344 4997 dirutum
4357 4955 4381 5011 3-

2423 5021 2706 5105 populus
2759 5019 2899 5099 ille,
2958 5019 3071 5103 qui
3123 5040 3207 5084 ex
3262 5019 3566 5085 omnibus
3621 5018 4040 5103 peculiariter
4093 5017 4376 5083 selectus

2426 5114 2599 5186 erat,
2665 5106 2773 5173 cui
2829 5126 2901 5172 se
2958 5106 3145 5171 Deus
3198 5105 3458 5171 foedere
3512 5106 3970 5189 coniungeret,
4027 5104 4144 5185 qui
4199 5102 4376 5168 solus

2423 5192 2629 5258 ferret
2667 5192 2798 5258 Dei
2839 5191 3148 5275 insignia,
3192 5198 3260 5256 et
3301 5192 3421 5258 sub
3458 5192 3599 5257 eius
3636 5188 3843 5255 tutela
3878 5189 4376 5271 principatuque

2423 5279 2698 5358 viveret,
2745 5298 2828 5342 ex
2869 5297 2998 5360 quo
3034 5275 3314 5361 denique
3367 5285 3746 5344 nasceretur
3786 5274 4122 5350 Christus,
4169 5272 4374 5337 afflic-
