4967 5992
440 362 589 451 ΧΠ
1626 380 2189 455 moravos·
2221 378 2810 455 moneam
2850 380 3296 450 mouns,
3373 472 3382 479 ⁶

306 572 353 661 ’ὁ
436 574 651 641 huius
700 571 972 640 unicum
1015 568 1354 656 exemplar
1402 572 1593 639 nobis
1646 571 1732 638 ad
1785 576 2045 655 tempus
2098 570 2422 638 concessit
2472 569 2604 637 Vir
2653 570 3171 661 humanissimus
3227 572 3308 637 A.
3371 569 3686 661 Rattier„
3721 566 4132 653 Delphines,
4176 569 4283 636 cui
4331 573 4464 639 iam

441 684 525 751 ob
544 708 553 717 ·
569 681 750 750 aliud
792 682 1180 767 opusculum
1213 682 1659 763 rarissimum,
1716 681 1799 749 de
1848 702 1977 766 quo
2032 700 2235 766 supra
2277 680 2593 762 diximus,
2652 689 2845 767 grato
2901 684 3121 750 animo
3179 680 3477 749 obstricti
3532 701 3780 748 sumus.
3867 680 3972 746 Eo
4014 679 4281 747 maioris
4323 703 4464 749 mo-

440 796 652 861 menti
704 792 891 860 nobis
941 793 1059 859 illa
1112 794 1269 873 fuit,
1329 793 1515 879 quod
1556 794 1876 878 plurimas
1928 793 2239 861 lectiones
2281 795 2619 861 variantes
2669 795 2884 878 prima
2949 793 3130 861 dedit
3180 813 3344 878 quas
3397 798 3627 877 postea
3679 793 4075 859 recentiores
4124 793 4466 860 manuales

440 905 649 974 libelli
691 909 1059 973 servarunt.

755 1018 1019 1101 Agmen
1071 1014 1262 1081 nobis
1314 1012 1624 1081 claudent
1685 1014 2006 1083 editiones
2071 1016 2241 1084 duae
2309 1014 2712 1084 rarissimae
2754 1015 3176 1083 Psalmorum
3227 1014 3618 1101 gallicorum
3675 1013 4039 1081 clementis
4094 1014 4340 1081 Maroti
4397 1022 4466 1082 et

444 1084 775 1199 Theodori
814 1128 1060 1206 Besae,
1120 1126 1615 1193 catechismum
1673 1133 1741 1192 et
1780 1127 2162 1213 Liturgiam
2220 1128 2422 1195 simul
2475 1128 2860 1212 complexae
2901 1134 2970 1193 et
3024 1125 3109 1191 ad
3162 1132 3456 1192 nostram
3509 1124 3982 1210 supellectilem
4038 1125 4460 1209 pertinentes.

443 1238 747 1305 Alteram
793 1237 1108 1305 Genevae
1151 1237 1514 1304 excudebat
1555 1238 1952 1305 Franciscus
1994 1239 2207 1326 Iaquy
2252 1262 2309 1306 a.
2362 1244 2392 1303 1
2404 1243 2526 1303 562
2572 1239 2646 1304 in
2686 1239 2902 1304 forma
2941 1236 3278 1304 octonaria
3318 1236 3565 1302 maiori.
3632 1236 3891 1302 Nomen
3933 1237 4171 1303 urbis
4152 1257 4225 1302 ιιι
4268 1236 4462 1302 titulo

447 1355 739 1429 tacetur3
785 1347 1050 1417 additur
1092 1354 1319 1414 tamen
1362 1367 1605 1413 nomen
1658 1344 2046 1434 bibliopolae
2098 1349 2559 1436 lugdunensis:
2608 1350 2830 1416 Pour
2873 1349 3232 1415 Antoine
3274 1346 3632 1414 Vincent
3671 1367 3875 1414 avec
3915 1340 4318 1434 privilege
4363 1348 4464 1415 du

441 1461 613 1547 Roy
655 1480 862 1544 pour
903 1458 1041 1525 dix
1083 1480 1182 1524 an
1197 1481 1248 1526 s.
1334 1458 1556 1525 Huius
1615 1458 1918 1527 editionis
1976 1459 2385 1545 possidemus
2428 1461 2614 1527 aliud
2667 1461 2869 1527 etiam
2924 1459 3267 1544 exemplar
3317 1481 3468 1527 cum
3513 1459 3714 1526 ⁸Novo
3758 1459 4182 1526 Testamento
4225 1459 4462 1545 gallico

442 1570 739 1639 eiusdem
787 1572 947 1637 anni
990 1578 1058 1636 et
1100 1569 1400 1635 officinae
1438 1570 1734 1654 ligatum,
1775 1572 1848 1637 in
1892 1573 2076 1639 cuius
2119 1573 2434 1657 primario
2475 1571 2675 1637 titulo
2717 1591 2962 1637 nomen
3005 1571 3322 1639 Genevae
3335 1621 3350 1647 .
3409 1590 3543 1636 non
3585 1591 3743 1637 vero
3784 1569 4130 1637 Vincentii
4168 1579 4460 1655 apparet,

440 1689 509 1750 et
566 1682 886 1752 hactenus
951 1700 1207 1765 quoque
1271 1702 1312 1746 a
1366 1679 1781 1765 praecedenti
1845 1682 2180 1750 diversum
2232 1683 2409 1769 quod
2474 1683 2674 1750 etiam
2738 1682 3146 1768 precationes
3203 1680 3591 1748 domesticas
3644 1680 3914 1748 exhibet
3967 1687 4036 1748 et
4089 1682 4460 1749 catechesin

438 1794 644 1874 illam,
690 1792 772 1859 de
814 1808 946 1877 qua
987 1812 1191 1876 supra
1232 1791 1435 1859 verba
1475 1794 1770 1874 fecimus,
1815 1791 2303 1862 catechumenis
2345 1793 2748 1861 destinatam
2787 1795 2901 1879 qui
2944 1815 3211 1861 mensae
3253 1792 3619 1860 dominicae
3674 1792 3893 1876 prima
3934 1793 4079 1860 vice
4123 1791 4458 1873 accedunt,

434 1914 505 1971 et
547 1906 721 1971 hanc
762 1904 1027 1988 quidem
1068 1903 1171 1971 bis
1209 1923 1611 1987 expressam,
1658 1925 1743 1971 ex
1786 1904 2047 1989 duplice
2089 1907 2488 1984 recensione,
2532 1905 2828 1991 longiore
2872 1904 3102 1982 altera,
3146 1925 3316 1989 quae
3359 1903 3448 1971 ad
3488 1903 3742 1971 calcem
3784 1903 4081 1988 psalterii
4134 1902 4460 1988 descripta

404 2015 701 2102 degitur,
746 2015 956 2082 altera
997 2016 1301 2082 breviore
1342 2015 1427 2080 ad
1469 2015 1716 2083 calcem
1758 2016 1962 2082 totius
2004 2017 2376 2083 voluminis

749 2128 949 2193 Anno
993 2127 1314 2211 sequenti,
1365 2130 1552 2207 1563,
1610 2146 1854 2193 novam
1897 2126 2209 2195 Psalterii
2253 2127 2610 2196 editionem
2623 2179 2641 2208 ,
2696 2126 2931 2194 iisdem
2975 2125 3441 2194 additamentis
3496 2133 3786 2206 anetam,
3840 2147 4115 2210 eamque
4166 2125 4458 2193 omnium

436 2235 1035 2322 splendidissimam
1092 2238 1351 2305 curavit
1404 2237 1510 2304 vir
1571 2237 2038 2305 celeberrimus
2091 2239 2379 2307 Ioannes
2421 2240 2505 2306 de
2548 2241 2875 2320 Tournes,
2931 2238 3387 2326 typographus
3428 2236 3886 2323 lugdunensis,
3942 2238 4156 2303 forma
4197 2244 4458 2322 quater-

434 2350 624 2416 naria
664 2349 896 2415 maiori
940 2346 1410 2416 excudendam.
1842 2334 1853 2343 ’
3153 2416 3158 2422 ,

743 2460 833 2526 Ιιι
890 2481 1159 2544 corpore
1214 2461 1641 2526 'tractatuum
1700 2461 1946 2527 bezano
1989 2460 2224 2546 gallice
2267 2460 2444 2527 edito
2493 2483 2550 2527 a.
2604 2464 2787 2528 1566.
2832 2461 3293 2529 catechismus
3346 2459 3698 2527 exhibetur
3748 2479 3897 2545 pag.
3936 2462 4330 2539 200--2483
4383 2460 4456 2525 in

436 2570 799 2655 exemplari
842 2570 1173 2637 stocriano
1215 2592 1362 2655 pag.
1404 2573 1792 2636 225-277.

740 2794 930 2861 Haec
974 2799 1132 2859 sunt
1171 2811 1339 2877 quae
1382 2813 1500 2875 pro
1544 2799 1836 2876 tempore
1879 2789 1961 2858 de
2014 2791 2491 2877 antiquioribus
2533 2792 2932 2859 catechismi
2986 2791 3206 2878 gallici
3249 2791 3648 2858 editionibus
3690 2789 3775 2856 ad
3816 2812 3937 2858 nos
3990 2800 4456 2876 pervenerunt.

436 2905 790 2974 Sufficient
841 2924 1002 2970 sane
1056 2903 1142 2970 ad
1196 2909 1459 2969 textum
1513 2902 1990 2983 authenticum,
2047 2910 2368 2988 apparatu
2412 2924 2531 2970 suo
2577 2905 2799 2971 critico
2853 2904 3285 2983 illustratum,
3343 2903 3631 2969 fideliter
3670 2910 3740 2968 et
3782 2923 4011 2969 secure
4052 2903 4457 2971 constituen-

436 3016 610 3083 dum.
713 3014 994 3082 Minime
1049 3035 1208 3083 vero
1250 3015 1597 3085 affirmare
1650 3014 1945 3081 ausimus
2000 3015 2221 3082 nullas
2265 3015 2428 3081 alias
2472 3015 2632 3081 olim
2687 3016 3046 3096 exstitisse,
3106 3015 3213 3083 vel
3253 3016 3455 3082 etiam
3509 3036 3687 3082 nunc
3729 3034 3768 3080 e
3815 3013 3955 3079 suis
3997 3013 4267 3080 latebris
4310 3014 4458 3082 elici

430 3147 642 3212 posse.
727 3127 907 3194 Usus
947 3125 1153 3194 libelli
1193 3127 1331 3191 fere
1371 3126 1793 3209 quotidianus
1835 3132 1996 3205 erat,
2039 3132 2118 3192 ut
2159 3133 2229 3194 et
2269 3127 2532 3210 saepius
2576 3147 2896 3197 excusum
2945 3128 3168 3209 fuisse,
3214 3133 3284 3193 et
3324 3126 3521 3194 citius
3564 3125 3842 3192 subinde
3883 3126 4061 3191 inter
4101 3145 4457 3210 puerorum

412 3259 674 3305 -manus
715 3238 990 3323 periisse
1028 3236 1219 3304 facile
1262 3236 1631 3320 suspiceris.

740 3349 1128 3416 'hausimus
1184 3345 1270 3416 ad
1310 3348 1681 3414 versionem
1732 3348 2025 3414 latinam.
2115 3347 2326 3414 cuius
2370 3349 2763 3433 praeffitioni
2821 3368 3025 3433 supra
3080 3349 3213 3415 iam
3267 3354 3670 3414 memoratae
3711 3347 4031 3415 calvinus
4074 3349 4458 3432 subscripsit

435 3460 753 3529 Genevae
794 3481 853 3527 a.
894 3457 954 3525 d.
1000 3458 1123 3525 IV.
1169 3459 1500 3526 calendas
1542 3459 1930 3527 Decembris
1980 3463 2166 3526 1545.
2245 3459 2391 3524 Iam
2432 3479 2642 3544 quum
2685 3459 2886 3526 editio
2920 3482 3121 3545 quam
3163 3482 3288 3527 nos
3318 3460 3842 3544 antiquissimam
3874 3459 4195 3526 habemus
4228 3458 4458 3525 eodem

433 3593 608 3639 anno
664 3573 1097 3656 Argentorati
1147 3591 1185 3636 e
1240 3571 1424 3655 prelo
1464 3570 1823 3637 Riheliano
1875 3569 2220 3655 prodierit,
2278 3570 2471 3636 facile
2529 3571 2765 3655 aliquis
2809 3572 3160 3640 coniecerit
3206 3572 3381 3638 hanc
3429 3571 3644 3656 ipsam
3686 3570 4054 3656 principem
4107 3571 4338 3653 fuisse,
4391 3575 4459 3636 et

430 3705 553 3751 nos
595 3682 860 3767 quidem
903 3702 1231 3766 nusquam
1277 3682 1477 3748 aliam
1524 3679 1818 3749 eiusdem
1861 3684 2020 3748 anni
2064 3689 2327 3748 exstare
2371 3682 2825 3766 comperimus.
2912 3683 3063 3750 Hac
3114 3684 3258 3767 ipsa
3310 3684 3569 3749 ratione
3611 3704 3774 3748 usus
3816 3689 3922 3748 est
3959 3682 4043 3745 V.
4090 3681 4175 3747 D.
4221 3680 4456 3747 Barth.

428 3794 755 3863 Riederer
769 3845 787 3874 ,
845 3794 1376 3860 accuratissimus
1430 3813 1654 3858 rerum
1707 3792 1888 3859 illius
1940 3792 2185 3860 saeculi
2239 3792 2588 3878 indagator
2643 3793 2919 3879 (Nachr.
2957 3787 3086 3861 111.
3123 3796 3208 3859 47
3212 3794 3301 3879 9).
3402 3795 3720 3860 Attamen
3790 3797 3893 3858 est
3945 3790 4121 3875 quod
4176 3792 4455 3869 mireris,

428 3906 808 3986 calvinum,
852 3906 965 3990 qui
1006 3912 1167 3972 tunc
1213 3903 1527 3987 temporis
1568 3903 1885 3970 Genevae
1928 3905 2193 3999 agebat,
2249 3903 2493 3969 librum
2551 3924 2749 3971 suum
2803 3910 3031 3972 extero
3086 3902 3303 3990 potius
3346 3903 3607 3971 cuidam
3649 3902 4066 3988 typographo
4109 3898 4456 3969 tradidisse

433 4040 632 4104 qnam
674 4018 748 4084 in
804 4038 926 4084 sua
978 4016 1144 4081 urbe
1158 4066 1175 4094 ,
1234 4013 1349 4080 ubi
1394 4012 1681 4098 quotidie
1723 4015 1890 4094 fere,
1950 4021 2025 4081 ut
2064 4016 2159 4081 ita
2202 4014 2496 4087 dicamus
2509 4066 2528 4096 ‚
2574 4016 2837 4101 scriptis
2881 4017 3020 4083 suis
3062 4016 3325 4101 prelum
3367 4013 3745 4095 exercebat,
3787 4013 4304 4099 imprimendum
4344 4034 4458 4080 cu·

432 4153 635 4198 rasse.
725 4127 1149 4197 Senebierius
1193 4124 1458 4211 quidem
1501 4126 1574 4191 in
1618 4147 1743 4192 sua
1786 4126 2068 4191 historia
2120 4126 2417 4193 literaria
2458 4135 2525 4193 et
2568 4128 2681 4211 qui
2723 4149 2876 4194 eum
2916 4136 3230 4213 sequutus
3270 4134 3372 4194 est
3411 4127 3488 4194 P.
3534 4126 3776 4211 Hem-y
3818 4146 4192 4211 genevense
4234 4144 4457 4190 exem-

432 4244 579 4330 plar
621 4265 678 4309 a.
726 4243 889 4307 1545
934 4239 1188 4307 editum
1229 4243 1770 4303 commemorant:
1817 4257 2052 4303 verum
2094 4244 2330 4304 neuter
2365 4238 2497 4304 tale
2534 4238 2779 4306 vidisse
2821 4239 3102 4319 videtur,
3144 4260 3349 4323 quum
3391 4257 3589 4322 quem
3632 4238 3924 4304 afferunt
3963 4237 4236 4304 titulum
4280 4257 4461 4303 erro-

437 4377 639 4422 neum
702 4374 845 4422 esse
910 4349 1347 4419 demonstrari
1400 4348 1623 4432 possit.
1720 4348 1794 4414 Is
1846 4349 1941 4416 sic
1994 4368 2066 4415 se
2124 4348 2368 4417 habere
2428 4349 2670 4417 dicitur
2729 4350 3001 4436 (Henry
3036 4348 3158 4417 m
3206 4349 3483 4434 append.
3530 4373 3593 4434 p.
3642 4348 3823 4434 191):
3883 4346 4460 4416 catechismus

445 4466 852 4534 ecclesiae
906 4461 1409 4549 genevensis
1462 4460 1710 4544 primo
1753 4460 2059 4545 gallice
2102 4461 2476 4544 scriptus
2529 4466 2760 4541 1536,
2820 4460 3116 4528 deinde
3175 4462 3266 4528 ab
3331 4462 3523 4546 ipso
3579 4470 3869 4528 autore
3914 4481 4005 4528 eo
4061 4460 4200 4543 qui
4254 4480 4461 4526 nunc

441 4583 725 4647 exstat
767 4575 1053 4642 ordine
1097 4580 1176 4638 et
1217 4569 1594 4639 methodo
1637 4571 1916 4638 editus
1954 4570 2250 4652 latine,
2307 4571 2634 4639 adiecta
2686 4572 3044 4639 formula
3086 4579 3253 4639 tum
3306 4595 3641 4657 precum
3693 4570 4241 4657 publicarum,
4293 4578 4461 4637 tum

446 4686 1217 4757 administrationis
1260 4690 1977 4751 sacramentorum.
2068 4681 2203 4765 Qui
2255 4683 2419 4750 haec
2471 4683 2633 4750 talia
2686 4684 2976 4768 scripsit,
3035 4706 3171 4752 non
3222 4682 3721 4772 bibliographus
3764 4705 3850 4750 ex
3907 4690 4251 4767 praesente
4292 4681 4460 4747 libro

445 4800 746 4885 sumpsit,
790 4796 905 4864 sed
947 4796 1326 4874 historicus,
1370 4814 1593 4860 rerum
1637 4802 1976 4880 gestarum
2019 4794 2242 4863 minus
2283 4794 2451 4861 bene
2496 4816 2742 4879 gnarus
2757 4847 2772 4874 ‚
2815 4817 2900 4862 cx
2943 4817 3063 4863 suo
3105 4797 3374 4881 ingenio
3417 4795 3854 4863 concinnavit.
3943 4793 4247 4875 Namque
4287 4792 4464 4857 inter

446 4911 944 4981 catechismum
999 4906 1283 4972 latinum
1335 4906 1493 4970 anni
1542 4910 1704 4973 1545
1750 4913 1819 4973 et
1868 4906 2184 4990 gallicum
2235 4907 2394 4972 anni
2422 4910 2611 4972 ’1536
2668 4907 2926 4975 medius
2980 4909 3355 4974 intercessit
3409 4902 3685 4990 gallicus
3740 4902 4068 4971 secundus
4110 4902 4298 4969 cuius
4353 4902 4463 4970 hic

378 5058 391 5069 ·
447 5032 674 5092 noster
715 5041 885 5106 pura
926 5025 1093 5104 puta
1134 5015 1351 5084 versio
1394 5015 1538 5080 fuit.
1622 5015 1814 5084 Adde
1867 5018 2042 5102 quod
2093 5025 2252 5084 tunc
2294 5016 2651 5084 calvinum
2704 5021 2879 5085 inter
2921 5026 2991 5086 et
3027 5018 3372 5085 Rihelium
3429 5038 3640 5101 usque
3681 5013 4131 5082 intercedebat
4171 5015 4463 5100 negotio-

449 5158 603 5202 rum
646 5128 1067 5211 consuetudo,
1111 5135 1310 5212 atque
1353 5124 1652 5192 libellum
1694 5128 1977 5194 latinum
2020 5130 2341 5195 ministris
2385 5131 2781 5214 germanicis
2824 5130 3229 5199 destinatum
3246 5180 3261 5208 ,
3302 5129 3414 5214 qui
3461 5126 3968 5195 Genevensibus
4012 5125 4261 5194 nullius
4303 5147 4463 5193 usus

444 5251 713 5317 futurus
758 5251 917 5323 erat,
960 5262 1097 5311 non
1142 5238 1595 5323 imprudenter
1634 5239 1703 5304 in
1745 5240 1891 5322 ipsa
1935 5240 2301 5306 Germania
2342 5240 2606 5324 prodire
2648 5241 2933 5308 voluisse
2978 5247 3166 5306 autor
3205 5239 3490 5309 videtur.
3545 5240 3687 5307 Nos
3727 5239 3953 5324 itaque
3994 5235 4161 5305 illud
4204 5240 4463 5322 Argen-
