4967 5992
609 275 732 337 507

600 455 909 544 Loquendi
962 456 1351 523 necessitate
1394 453 1858 531 tacuissemus,
1917 471 2051 517 non
2107 448 2564 515 tantummodo

597 547 671 610 in
715 544 940 609 Deum
979 543 1223 626 ingrati
1267 547 1335 606 et
1375 537 1641 624 perfidi,
1699 538 1815 603 sed
1859 540 2056 604 etiam
2101 535 2450 601 inhumani
2492 537 2564 600 in

599 631 929 696 homines:
956 627 1192 712 quibus
1226 625 1565 693 videamus
1591 632 1934 689 aeternum
1958 620 2261 688 omnibus
2284 622 2562 686 exitium

599 716 964 793 imminere,
1010 715 1139 779 nisi
1182 714 1255 778 in
1298 712 1475 778 viam
1518 708 2006 776 reducerentur.

775 801 1010 877 Oanis,
1065 801 1123 866 si
1175 808 1435 863 tantam
1490 797 1800 861 iniuriam
1843 795 2075 861 inferri
2132 793 2395 859 domino
2440 812 2561 857 suo

600 895 918 964 cerneret,
965 892 1212 970 quanta
1244 885 1390 949 Deo
1435 881 1832 949 contumelia
1868 883 2199 965 irrogatur
2231 880 2303 943 in
2347 899 2563 944 sacra-

602 975 866 1049 mentiS,
909 973 1186 1038 latraret
1217 970 1538 1053 protinuS,
1584 968 1920 1049 vitamque
1964 987 2153 1030 suam
2185 965 2405 1048 potius
2447 983 2563 1045 op-

603 1066 879 1143 poneret
939 1055 1258 1141 periculo,
1336 1076 1533 1137 quam
1601 1073 1672 1117 se
1737 1060 1998 1117 tacente
2065 1050 2408 1116 dominum
2471 1049 2565 1113 ita

602 1146 776 1211 male
820 1144 1087 1210 tractari
1132 1143 1397 1207 sineret.
1472 1140 1583 1204 An
1624 1159 1746 1203 nos
1786 1132 1931 1203 Deo
1975 1138 2195 1202 minus
2232 1141 2565 1219 praestare

603 1230 894 1313 obsequii
962 1228 1337 1304 debuimus,
1417 1245 1613 1308 quam
1679 1224 1931 1288 homini
1996 1231 2332 1305 praestare
2399 1220 2565 1286 solet

601 1316 855 1384 bestia?
944 1316 1156 1380 Taceo
1211 1310 1385 1396 quod
1439 1310 1765 1375 institutis
1814 1331 1853 1373 a
1897 1308 2165 1374 Christo
2210 1305 2560 1391 mysteriis,

603 1402 994 1484 coelestique
1063 1406 1211 1479 [pag.
1271 1402 1380 1476 93]
1447 1396 1587 1461 eius
1652 1395 2004 1460 autoritate
2069 1391 2561 1469 commendatio,

603 1486 782 1554 nuda
824 1487 1163 1552 hominum
1213 1484 1552 1548 voluntate
1609 1477 1901 1563 proditos
1942 1480 2113 1544 ritus
2159 1487 2559 1562 aequarunt:

604 1572 778 1658 quod
836 1582 1058 1637 tamen
1114 1572 1336 1654 ipsum
1405 1567 1644 1633 aeriter
1709 1564 2101 1649 reprehendi
2167 1563 2559 1629 merebatur.

604 1659 932 1745 Mysteria
991 1678 1146 1722 vero
1208 1656 1356 1739 ipsa
1409 1659 1510 1717 tot
1572 1651 2150 1734 superstitionibus
2210 1649 2562 1732 corrumpi,

604 1753 705 1810 tot
747 1745 1002 1828 pravis,
1049 1762 1210 1825 quas
1254 1739 1630 1813 retulimus,
1687 1736 2104 1820 opinionibus
2147 1734 2421 1811 foedari,
2478 1733 2563 1798 ad

603 1839 869 1913 turpem
911 1830 1350 1908 infamemque
1395 1831 1742 1907 quaestum
1785 1824 2028 1906 absque
2065 1821 2200 1886 ulla
2242 1841 2564 1887 verecun-

607 1914 719 1981 dia
795 1914 1132 1998 prostitui:
1209 1932 1296 1975 an
1369 1908 1862 1976 dissimulanter
1922 1909 2098 1973 ferre
2175 1905 2562 1973 debuimus?

605 1999 907 2085 Flagello
985 1997 1462 2063 nummularios
1525 1995 1787 2079 fugavit
1852 1993 2162 2059 Christus
2205 2014 2242 2057 e
2297 1991 2561 2075 templo,

607 2106 836 2152 eorum
896 2105 1160 2149 mensas
1224 2103 1431 2147 manu
1497 2081 1770 2158 evertit,
1848 2100 2100 2146 merces
2165 2078 2562 2144 exturbavit.

609 2173 759 2238 Non
798 2169 1132 2247 omnibuS,
1192 2169 1432 2246 fateor,
1487 2166 1828 2250 flagellum
1880 2166 1952 2230 in
1996 2185 2266 2230 manum
2302 2184 2566 2228 sumere

603 2258 778 2336 licet,
824 2276 1060 2322 verum
1103 2252 1239 2319 zelo
1280 2253 1413 2331 illo,
1461 2272 1592 2335 quo
1635 2252 1953 2318 incitatus
1977 2251 2104 2315 fuit
2126 2250 2437 2316 Christus
2481 2248 2566 2314 ad

605 2340 1068 2409 vindicandam
1109 2340 1321 2423 patris
1360 2338 1669 2424 gloriam,
1726 2339 2011 2422 flagrare
2053 2356 2283 2401 omnes
2326 2355 2566 2401 conve-

605 2430 706 2494 nit
748 2429 860 2512 qui
915 2449 986 2493 se
1030 2425 1283 2492 Christi
1338 2444 1483 2490 esse
1522 2424 1933 2507 profitentur.
2022 2421 2344 2500 Proinde,
2397 2440 2567 2503 quae

607 2516 732 2581 sibi
767 2522 1111 2596 tantopere
1154 2510 1499 2595 displicere
1553 2510 1784 2591 templi
1828 2508 2326 2591 inquinamenta
2369 2518 2566 2589 opere

606 2600 1021 2675 monstravit,
1067 2604 1372 2662 nostrum
1415 2594 1650 2661 saltem
1695 2602 1813 2673 est,
1858 2594 2066 2659 libera
2108 2593 2567 2676 constantique

605 2706 768 2752 voce
810 2685 1070 2750 fortiter
1111 2682 1458 2747 exsecrari.
1523 2678 1704 2761 Quis
1748 2681 2010 2763 ignorat
2050 2679 2313 2744 venalia
2354 2678 2567 2743 nihilo

605 2772 828 2837 minus
868 2789 1055 2835 sacra
1095 2769 1169 2831 in
1211 2766 1474 2850 templis
1521 2764 1909 2830 iamdudum
1951 2785 2114 2845 esse,
2158 2785 2355 2848 quam
2397 2785 2567 2847 quae

606 2856 826 2921 medio
879 2855 1020 2919 foro
1063 2858 1367 2935 prostant
1407 2851 1701 2916 merces?
1790 2851 1884 2915 Et
1928 2849 2060 2916 alia
2102 2848 2368 2933 quidem
2410 2872 2566 2916 con-

610 2942 784 3006 dicto
829 2940 1041 3022 pretio
1093 2945 1416 3016 veneunt,
1463 2937 1545 3002 de
1591 2936 1769 3015 aliis,
1828 2944 1977 3019 post
2029 2936 2311 3000 multam
2354 2936 2566 3001 licita-

607 3028 854 3091 tionem
899 3024 1337 3107 paciscuntur.
1429 3022 1565 3089 Sed
1609 3023 1920 3106 quoniam
1960 3022 2033 3087 in
2077 3042 2308 3100 coena,
2354 3022 2568 3106 magis

607 3133 809 3197 quam
865 3112 939 3175 in
993 3109 1291 3190 reliquis,
1353 3109 1616 3175 illustre
1672 3118 1778 3173 est
1832 3108 2211 3190 exemplum
2229 3159 2244 3186 ,
2300 3115 2367 3173 et
2418 3107 2568 3190 plus

606 3196 1018 3281 indignitatis
1059 3193 1275 3274 habet,
1316 3215 1458 3280 age,
1503 3213 1632 3277 qua
1665 3194 2065 3260 conscientia
2099 3194 2184 3259 ad
2218 3202 2358 3259 tam
2391 3193 2565 3258 mul·

607 3291 712 3349 tas
766 3292 1034 3364 tamque
1087 3281 1441 3366 sacrilegas
1494 3281 1634 3345 eius
1686 3279 2172 3363 profanationes
2215 3281 2568 3346 connivere

606 3367 988 3452 potuimus?
1061 3366 1173 3434 Ad
1214 3388 1378 3450 quas
1421 3366 1906 3449 exprimendas,
1950 3387 2155 3449 quum
2188 3365 2351 3430 mihi
2388 3386 2567 3430 nunc

609 3454 829 3520 desint
867 3452 1090 3531 verba,
1137 3475 1265 3537 quo
1307 3453 1453 3517 iure
1494 3451 1683 3517 nobis
1728 3452 1887 3517 vitio
1930 3452 2233 3529 vertitur,
2279 3449 2453 3534 quod
2495 3452 2567 3516 in

608 3560 722 3606 eas
780 3536 1155 3605 invehendo
1220 3539 1418 3603 nimis
1480 3538 1800 3603 fuerimus
1866 3536 2332 3603 vehementes?
2421 3537 2566 3602 Vos

609 3627 750 3705 hic,
807 3625 1236 3691 invictissime
1292 3623 1538 3690 Caesar
1596 3631 1664 3687 et
1715 3623 2147 3689 illustrissimi
2200 3623 2564 3706 Principes,

608 3733 728 3795 per
771 3732 1035 3777 sacrum
1077 3709 1331 3777 Christi
1373 3729 1641 3791 corpus,
1742 3707 1876 3774 uod
1917 3707 2397 3773 immolandum
2444 3728 2568 3791 pro

609 3797 801 3862 nobis
852 3797 1185 3879 exposuit,
1241 3817 1363 3879 per
1413 3816 1708 3860 veneran
1755 3816 1869 3860 um
1917 3794 2110 3859 illum
2154 3795 2566 3878 sanguinem,

611 3904 806 3967 quem
850 3903 969 3965 pro
1022 3890 1251 3945 nostra
1303 3879 1637 3946 ablutione
1691 3885 1840 3960 [pag.
1882 3886 1992 3961 94]
2038 3879 2303 3958 effudit,
2350 3881 2568 3945 obtes-

609 3978 731 4048 tor,
779 3976 859 4034 ut
901 3975 1210 4049 reputare
1255 3988 1406 4032 cum
1452 3968 1691 4032 animis
1748 3967 1987 4032 vestris
2031 3965 2277 4045 velitis,
2336 3966 2570 4049 quanti

610 4054 846 4121 debeat
890 4073 1035 4119 esse
1077 4054 1499 4138 mysterium,
1553 4052 1625 4116 in
1679 4073 1806 4134 quo
1860 4052 2050 4118 nobis
2106 4073 2344 4135 corpus
2402 4051 2568 4116 illud

611 4141 682 4205 in
728 4140 976 4218 cibum,
1042 4139 1317 4223 sanguis
1365 4137 1444 4201 in
1497 4145 1729 4221 potum
1781 4137 2161 4203 exhibetur:
2231 4158 2360 4221 qua
2417 4138 2569 4203 reli-

612 4226 825 4312 gione,
861 4246 991 4309 qua
1024 4246 1202 4305 cura,
1240 4223 1550 4290 custodiri
1584 4223 2007 4306 impollutum
2035 4222 2284 4289 debeat.
2357 4223 2569 4289 Cuius

612 4333 769 4396 ergo
810 4310 1307 4395 ingratitudinis
1362 4309 1523 4388 erit,
1574 4311 1630 4376 si
1673 4309 1820 4392 quis
1876 4308 2156 4374 coeleste
2210 4309 2334 4374 hoc
2387 4331 2569 4394 mys-

612 4399 884 4477 terium,
945 4396 1119 4480 quod
1173 4398 1385 4463 instar
1433 4395 1946 4478 pretiosissimae
1997 4396 2395 4478 margaritae
2449 4415 2570 4460 no·-

611 4482 717 4548 bis
748 4483 1235 4548 commendavit
1268 4481 1597 4561 Christus,
1635 4480 1876 4548 calcari
1911 4480 2186 4562 aspiciat
2220 4500 2570 4563 porcorum

615 4565 921 4651 pedibus,
982 4576 1050 4633 et
1106 4569 1363 4635 taceat?
1454 4569 1658 4651 Atqui
1715 4587 1850 4632 non
1893 4566 2133 4632 calcari
2174 4567 2398 4647 modo,
2453 4565 2571 4632 sed

615 4652 800 4717 omni
844 4653 1042 4717 etiam
1084 4655 1459 4736 pollutionis
1503 4675 1746 4739 genere
1780 4653 2116 4736 inquinari
2161 4652 2568 4719 videbamus.

616 4735 833 4820 Quale
875 4735 1232 4803 ludibrium
1278 4748 1447 4819 erat,
1492 4737 1667 4824 quod
1709 4739 1941 4805 mortis
1984 4738 2240 4805 Christi
2282 4739 2574 4806 efficacia

615 4822 700 4888 ad
775 4823 1162 4888 theatricam
1238 4824 1527 4890 hominis
1605 4826 1928 4892 actionem
2009 4824 2568 4891 transferebatur?

615 4909 787 5059 ³¹1²de
843 4909 1280 4988 sacrificulus,
1335 4917 1655 4993 tanquam
1709 4910 1966 4976 Christi
2009 4930 2375 4991 successor,
2431 4932 2573 4976 me-

665 4995 679 5008 ‘
726 5002 939 5060 torem
994 5014 1065 5060 se
1117 4996 1294 5060 inter
1335 4996 1556 5061 Deum
1612 5003 1680 5062 et
1722 4997 2024 5062 homines
2066 4996 2568 5079 interponebat?

657 5080 791 5146 uod
823 5080 1169 5147 obliterata
1201 5081 1380 5148 unici
1422 5081 1724 5147 sacrificii
1763 5082 2030 5162 virtute,
2072 5083 2257 5148 mille
2291 5083 2573 5169 singulis

663 5167 846 5235 ‘ebus
899 5168 1219 5261 sacrificia
1260 5169 1333 5231 in
1386 5174 1524 5233 u'na
1577 5167 1741 5233 urbe
1793 5166 1878 5232 ad
1936 5167 2267 5252 expianda
2308 5176 2576 5251 peccata

2213 262 2343 328 DE
2387 258 3030 330 NECESSITATE

4506 268 4628 329 508

2668 449 3164 516 offerebantur?
3242 448 3417 532 quod
3478 448 3721 515 millies
3798 448 4083 533 quotidie
4158 451 4631 521 immolabatur

2667 536 2995 616 Christus,
3040 535 3227 619 quasi
3269 556 3404 600 non
3446 536 3793 613 sufficeret,
3840 536 4045 602 semel
4088 558 4231 603 esse
4271 559 4397 622 pro
4442 540 4629 607 nobis

2665 620 3050 687 mortuum?
3142 620 3251 685 Ad
3323 622 3488 685 istas
3562 642 3791 687 omnes
3866 623 4300 689 contumelias
4364 624 4630 692 Christo

2666 705 3057 792 irrogandas
3111 713 3563 772 sacrosanctae
3629 728 3870 772 coenae
3934 709 4128 773 titulo
4186 709 4375 776 abusi
4442 720 4629 776 sunt:

2668 794 2725 859 si
2766 792 3032 877 quidem
3073 792 3145 856 in
3191 792 3328 857 solo
3372 792 3675 857 sacrificii
3718 793 3986 858 nomine
4016 815 4246 860 omnes
4287 798 4629 864 continen-

2669 887 2795 943 tur.
2870 879 3100 961 Neque
3145 898 3300 945 vero
3335 879 3584 961 ignoro,
3631 898 3793 961 quas
3837 899 4018 944 nune
4052 881 4628 964 interpretationes

2669 964 3036 1031 obtendant
3089 963 3480 1042 adversarii,
3538 962 3624 1027 ad
3667 962 4013 1030 diluendas
4067 974 4289 1032 tantas
4330 968 4629 1034 absurdi·

2668 1058 2853 1115 tates.
2943 1049 3231 1127 Verum,
3279 1070 3483 1132 quum
3530 1049 3851 1116 hactenus
3894 1072 4156 1129 omues,
4199 1074 4363 1135 quas
4408 1055 4625 1135 retuli,

2666 1135 3188 1201 abominationes
3229 1134 3649 1218 impudenter
3686 1138 4130 1216 exercuerint,
4176 1160 4358 1205 nunc
4403 1138 4628 1224 depre-

2668 1221 2860 1286 hemi
2902 1220 3278 1304 perfodiunt
3319 1221 3443 1286 sibi
3487 1242 3690 1286 novos
3733 1222 4090 1302 cuniculos,
4134 1223 4371 1304 quibus
4408 1232 4629 1292 tamen

2667 1327 2853 1373 suam
2898 1306 3374 1389 turpitudinem
3419 1307 3693 1371 minime
3739 1308 4064 1390 operiunt.
4123 1309 4407 1375 Missam
4432 1312 4628 1377 sacri·

2665 1393 2890 1458 ficium
2944 1414 3086 1457 esse
3142 1391 3589 1468 tradiderunt,
3657 1413 3788 1475 quo
3843 1394 4273 1476 expiarentur
4339 1406 4623 1478 peccata,

2666 1501 2802 1543 non
2845 1479 3155 1543 vivorum
3211 1477 3435 1555 mode,
3493 1478 3610 1542 sed
3666 1479 3867 1542 etiam
3928 1488 4356 1547 mortuorum.
4451 1482 4625 1563 Quid

2666 1586 2846 1630 nunc
2906 1564 3257 1646 proficiunt
3299 1563 3822 1646 tergiversand0‚
3879 1565 4011 1630 nisi
4053 1565 4226 1648 quod
4270 1589 4465 1632 suam
4509 1571 4621 1633 im-

2665 1649 3051 1732 pudentiam
3096 1653 3245 1728 [pag.
3285 1653 3395 1727 95]
3436 1649 3770 1732 produnt?
3853 1649 4123 1731 Quanta
4166 1653 4368 1717 etiam
4413 1674 4623 1719 sacra-

2667 1736 2875 1800 menti
2915 1735 3223 1817 pollutio,
3281 1734 3454 1816 quod
3508 1757 3713 1817 quum
3769 1744 3999 1818 aperta
4054 1738 4237 1804 vorbi
4291 1737 4622 1821 praediea-

2667 1822 2846 1886 tione
2901 1828 3155 1885 constet
3205 1820 3503 1919 legitima
3562 1823 3971 1887 consecratio
3989 1873 4004 1900 ,
4070 1824 4237 1888 flatu
4303 1822 4623 1893 duntaxat

2668 1915 2737 1971 et
2778 1927 3116 1971 murmure
3146 1927 3339 1989 pams
3371 1906 3791 1972 incantatur?
3838 1906 4013 1990 quod
4044 1929 4182 1975 non
4214 1907 4621 1977 distribuitur

2667 1993 2738 2057 iu
2781 1999 2973 2058 coetu
3012 1991 3334 2071 fidelium,
3390 1992 3506 2057 sed
3548 2014 3844 2058 seorsum
3887 2001 4158 2061 voratur
4201 1994 4285 2059 ab
4328 2018 4483 2072 uno,
4524 1996 4619 2061 vel

2668 2079 2740 2142 in
2784 2077 3073 2143 alienum
3117 2098 3315 2143 usum
3359 2078 3742 2160 reponitur?
3790 2079 3993 2162 quod,
4046 2101 4252 2163 quum
4294 2082 4517 2165 aliqua
4552 2084 4619 2147 fit

2670 2161 3079 2244 distributiO,
3135 2162 3423 2246 populus
3469 2163 3739 2230 dimidia
3775 2174 3993 2250 parte,
4050 2166 4176 2231 hoc
4219 2174 4355 2247 est,
4411 2168 4613 2245 calice,

2671 2249 2992 2315 adversus
3080 2249 3334 2315 clarum
3410 2250 3685 2315 Domini
3768 2250 4199 2317 interdictum
4274 2252 4608 2337 privatur?

2670 2333 2885 2416 Quale
2928 2334 3431 2401 deliramentum
3449 2386 3464 2413 ,
3521 2336 3696 2418 quod
3750 2336 3996 2402 aboleri
4050 2338 4191 2403 suis
4248 2339 4613 2405 exorcismis

2668 2422 2932 2505 fingunt
2986 2421 3180 2504 panis
3237 2421 3702 2502 substantiam,
3757 2430 3838 2487 ut
3889 2423 3961 2487 in
4005 2422 4359 2490 Christum
4414 2434 4613 2489 trans-

2669 2507 3009 2572 mutetur?
3100 2505 3313 2588 Quale
3355 2508 3687 2589 probrum,
3732 2506 3909 2591 quod
3942 2508 4151 2574 nihilo
4186 2509 4612 2577 verecundius

2670 2594 3022 2659 missarum
3053 2599 3400 2659 exercetur
3418 2594 3943 2673 mercimonium,
3974 2614 4175 2677 quam
4211 2595 4607 2662 calceorum?

2670 2680 2843 2744 Nam
2887 2678 2946 2744 si
2990 2678 3308 2763 recipitur
3346 2677 3520 2762 quod
3562 2678 3811 2762 dicunt,
3854 2679 3925 2745 id
3968 2690 4071 2747 est
4102 2684 4412 2748 meritum
4446 2702 4615 2748 mor·

2669 2766 2756 2830 tis
2787 2764 3038 2831 Christi
3082 2764 3387 2833 vendere.
3455 2764 3654 2830 Certe
3676 2788 3810 2832 non
3833 2765 4147 2832 leviorem
4173 2766 4431 2834 Christo
4461 2789 4609 2833 eon-

2670 2850 3013 2917 tumeliam
3054 2850 3322 2928 faciunt,
3369 2870 3566 2933 quam
3611 2852 3669 2917 si
3713 2853 3854 2918 eius
3896 2852 4133 2918 faciem
4166 2862 4604 2936 conspuerent.

2668 3010 2676 3016 ‚
2844 2935 2989 3001 Tibi
3006 2987 3023 3013 ,
3091 2957 3330 3019 quaeso
3346 2989 3361 3014 ,
3442 2937 3877 3003 invictissime
3948 2938 4227 3018 Caesar,
4305 2938 4612 3021 vobisque

2670 3022 3103 3087 illustrissimi
3125 3022 3488 3105 Principes,
3532 3024 3602 3087 in
3645 3029 3938 3090 mentem
3980 3026 4227 3104 veniat,
4270 3023 4431 3109 quid
4461 3025 4611 3090 olim

2672 3107 3036 3174 Corinthiis
3108 3116 3379 3192 propter
3435 3130 3678 3189 unum,
3736 3131 3860 3175 nec
3912 3111 4009 3175 ita
4076 3131 4357 3194 gravem
4459 3112 4610 3175 rima

2671 3196 2905 3276 specie,
2964 3195 3241 3260 abusum
3303 3194 3502 3260 huius
3559 3197 3953 3260 sacramenti
3999 3194 4329 3263 acciderit.
4474 3217 4611 3262 uam

2672 3281 2947 3363 quisque
2990 3301 3261 3345 coenam
3306 3278 3499 3345 domo
3544 3281 3889 3346 afferebat:
3947 3302 4082 3346 non
4137 3292 4215 3346 ut
4255 3284 4611 3349 conferrent

2669 3365 2740 3431 in
2785 3387 3159 3444 eommune,
3208 3365 3325 3431 sed
3367 3373 3443 3430 ut
3482 3366 3664 3431 laute
3704 3366 4130 3449 epularentur
4166 3367 4428 3447 divites,
4469 3388 4613 3452 pau·

2670 3472 2860 3534 peres
2902 3459 3124 3517 autem
3167 3451 3509 3517 esurirent.
3579 3451 3777 3518 Hanc
3819 3454 3901 3519 ob
3946 3474 4213 3520 causam
4256 3452 4619 3521 vehemenfi

2672 3558 2747 3603 ac
2791 3558 2989 3603 saeva
3030 3537 3408 3621 pestilentia
3446 3537 3648 3604 fuisse
3693 3560 3734 3603 a
3766 3537 4061 3603 Domino
4104 3540 4486 3624 eastigatos,
4523 3560 4615 3605 as-

2671 3624 2831 3690 serit
2885 3623 3167 3689 Paulus:
3237 3623 3350 3706 qui
3401 3630 3626 3689 tamen
3687 3633 4040 3706 paternum
4106 3626 4230 3691 hoc
4295 3625 4616 3710 flagellum

2671 3731 2814 3775 esse
2853 3707 3190 3787 admonet,
3247 3729 3374 3792 quo
3417 3710 3747 3776 Dominus
3801 3732 3912 3776 eos
3971 3710 4055 3775 ad
4110 3712 4616 3795 resipiscentiam

2671 3803 2940 3861 vocaret
2982 3795 3047 3878 (l
3089 3794 3240 3860 Cor.
3286 3801 3382 3876 ll,
3421 3800 3554 3878 30).
3642 3796 3824 3861 Hinc
3866 3796 4186 3880 colligite,
4244 3798 4409 3881 quid
4448 3797 4616 3863 nobis

2673 3880 2870 3946 hodie
2904 3878 3422 3963 exspectandum
3462 3882 3567 3958 sit,
3613 3883 3724 3964 qui
3757 3903 3895 3946 non
3926 3882 4273 3965 paululum
4318 3883 4610 3968 quiddam

2674 3967 3146 4032 declinavimus
3190 3988 3231 4031 a
3273 3976 3452 4031 recta
3495 3966 3749 4033 Christi
3786 3967 4224 4049 institutione,
4269 3970 4395 4036 sed
4432 3969 4513 4035 ab.
4541 3986 4619 4033 ea

2672 4055 2998 4118 immenso
3042 4051 3392 4117 intervallo
3435 4051 3872 4131 discessimus,
3917 4054 4033 4136 qui
4066 4076 4201 4119 non
4242 4076 4384 4122 uno
4415 4056 4483 4121 in
4516 4073 4621 4139 ge-

2674 4159 2834 4203 nere
2878 4138 3288 4221 corrupimus
3330 4139 3474 4204 eius
3516 4139 3902 4222 puritatem,
3952 4145 4103 4218 [pag.
4140 4145 4251 4220 96]
4297 4140 4417 4208 sed
4458 4160 4623 4208 com·

2675 4223 3006 4309 pluribus,
3068 4232 3136 4288 et
3188 4223 3270 4290 iis
3328 4224 3596 4307 quidem
3639 4224 3986 4291 horrendis
4027 4225 4270 4305 modis,
4329 4247 4479 4292 eam
4519 4225 4627 4289 de-

2674 4310 3132 4375 formavimus:
3189 4309 3304 4392 qui
3359 4332 3492 4375 non
3547 4332 3680 4375 uno
3736 4310 4029 4393 quolibet
4081 4311 4292 4377 abusu
4334 4311 4627 4378 turbavi·

2674 4416 2825 4461 mus
2876 4395 3249 4479 legitimum
3304 4396 3445 4461 eius
3503 4418 3732 4474 usum,
3789 4395 3904 4462 sed
3959 4402 4168 4461 totam
4210 4397 4628 4464 administra-

2677 4483 2923 4546 tionem
2970 4483 3348 4547 evertimus.
3437 4481 3503 4548 N
3505 4503 3579 4548 ec
3618 4502 3774 4548 vero
3821 4481 4094 4547 dubium
4138 4491 4258 4560 est,
4305 4484 4461 4567 quin
4492 4483 4629 4565 pri-

2675 4566 2827 4632 dem
2881 4566 3055 4632 hanc
3108 4567 3518 4650 impietatem
3574 4568 3803 4634 ulcisci
3854 4569 4143 4652 coeperit
4190 4570 4398 4637 Deus.
4484 4568 4633 4634 Iam

2675 4652 2917 4717 multos
2973 4672 3179 4718 annos
3235 4653 3608 4719 continuos·
3634 4653 3936 4736 plurimis
3992 4655 4327 4738 variisque
4375 4675 4635 4721 aerum-

2675 4739 2779 4805 nis
2824 4746 2890 4803 et
2932 4737 3418 4805 calamitatibus
3475 4739 3768 4805 mundus
3809 4740 4161 4822 premitur,
4216 4749 4284 4807 et
4327 4762 4515 4807 nunc
4557 4738 4639 4806 ad

2675 4832 3043 4890 extremum
3087 4846 3288 4910 prope
3331 4826 3747 4892 miseriarum
3791 4834 4066 4891 ventum
4101 4835 4218 4892 est.
4304 4827 4374 4893 N
4373 4844 4452 4892 os
4497 4826 4639 4911 qui·

2676 4910 2828 4976 dem
2884 4919 3001 4975 aut
3024 4910 3074 4995 ¹)
3131 4912 3653 4996 obstupescimus
3711 4909 3795 4977 ad
3864 4919 4126 4977 nostras
4178 4911 4445 4998 plagas,
4524 4920 4643 4977 aut

2816 5184 2874 5252 1)
2913 5190 3036 5252 aut,
3079 5186 3333 5240 omittunt
3368 5199 3555 5239 omnes
3596 5191 3815 5254 praeter
3845 5187 4182 5256 principem,
4217 5186 4381 5240 etiam
4424 5186 4647 5243 Gallu.

4624 5596 4882 5910 j
