4967 5992
2111 332 2853 404 PROLEGOMENA.
4233 337 4486 405 XXIX

463 525 840 606 hibuerunt,
883 544 1239 608 eorumque
1278 525 1621 591 molimina
1663 545 1798 590 non
1843 524 1972 589 alio
2017 532 2348 608 spectasse
2392 525 2831 603 demonstrat,
2885 523 3012 589 nisi
3069 534 3146 589 ut
3187 523 3497 592 ecclesiae
3541 532 3752 591 status
3795 545 3878 590 ex
3921 524 4207 608 pessimo
4250 525 4486 592 saltem

464 636 804 720 aliquanto
858 635 1090 702 melior
1141 638 1347 703 fieret.
1444 636 1578 702 Ubi
1632 635 1827 701 simul
1885 634 2415 703 adversariorum
2473 634 2835 703 calumnias
2890 636 3145 701 fortiter
3187 643 3254 701 et
3310 636 3585 703 feliciter
3641 634 3910 713 refellit,
3969 644 4165 719 atque
4221 636 4486 721 singula

463 753 762 815 recenset
801 747 1109 832 dogmata
1163 746 1398 831 quibus
1453 746 1640 829 plebs
1694 746 2055 812 christiana
2096 747 2180 813 ad
2231 747 2584 831 pristinam
2628 745 3074 829 apostolorum
3117 768 3419 813 normam
3475 748 3784 814 instituta
3835 768 3912 813 ac
3967 747 4322 813 reformata
4363 755 4483 828 est,

462 858 882 944 singulosque
943 859 1335 943 perstringit
1393 846 1662 937 abusus,
1721 856 1957 940 quibus
2009 859 2266 924 abolitis
2332 867 2399 924 et
2460 859 2690 941 purior
2740 856 2957 923 cultus
3000 864 3101 922 est
3156 860 3498 925 restitutus
3555 867 3622 925 et
3664 857 4004 943 regiminis
4062 859 4485 926 ecclesiastici

460 970 692 1036 iustior
733 977 802 1036 et
841 970 1182 1035 honestior
1224 970 1436 1035 forma
1477 970 1709 1035 multis
1752 970 1825 1034 in
1869 968 2028 1036 locis
2072 969 2377 1035 obtinuit.
2471 968 2777 1051 Denique
2821 967 3174 1034 Caesarem
3218 970 3581 1036 obtestatur
3633 992 3720 1036 ne
3765 969 4013 1036 diutius
4060 969 4327 1037 differre
4369 993 4483 1038 ve-

457 1080 539 1146 lit
578 1080 1034 1148 reformandae
1088 1081 1394 1147 ecclesiae
1451 1101 1676 1148 curam
1692 1132 1707 1159 ‚
1762 1100 1963 1163 quam
2008 1099 2233 1146 omnes
2289 1081 2551 1164 imperii
2608 1086 2820 1145 status
2865 1079 2937 1143 in
2978 1100 3234 1145 summo
3278 1080 3656 1148 discrimine
3712 1088 4083 1160 versantes,
4148 1082 4483 1148 unanimis

456 1192 630 1259 votis
675 1193 1056 1276 efflagitent,
1103 1212 1317 1276 neque
1362 1213 1507 1258 eam
1543 1193 1613 1255 in
1658 1190 2005 1257 concilium
2050 1192 2428 1257 universale
2469 1191 2769 1269 reficere,
2827 1189 2999 1273 quod
3048 1190 3159 1257 vol
3199 1213 3537 1274 nunquam
3582 1200 3878 1276 cogetur,
3917 1213 4294 1281 quanquam
4339 1213 4483 1258 sae-

454 1304 725 1387 pissime
780 1302 1176 1386 promissum
1194 1355 1209 1383 ,
1268 1302 1407 1382 vel,
1469 1302 1527 1368 si
1569 1308 1871 1387 cogatur,
1929 1302 2151 1367 omnia
2194 1303 2415 1386 potius
2458 1301 2840 1366 moliturum
2886 1302 3005 1380 sit,
3064 1321 3263 1384 quam
3305 1324 3660 1385 passurum
3706 1311 3783 1368 ut
3825 1302 4185 1387 collapsum
4229 1302 4481 1370 Christi

458 1435 744 1499 regnum
787 1414 1061 1480 tandem
1105 1413 1454 1497 aliquando
1495 1419 1814 1496 resurgat.
3953 1414 3964 1427 ‘

764 1523 990 1591 Semel
1020 1525 1131 1589 hic
1174 1524 1435 1592 Calvini
1472 1523 1735 1590 libellus
1780 1510 2136 1606 separatim
2178 1522 2438 1607 prodiit,
2484 1531 2552 1588 et
2593 1523 2889 1606 quidem,
2935 1531 3013 1589 ut
3054 1521 3349 1602 videtur,
3400 1525 3535 1590 iam
3580 1530 3735 1590 ante
3781 1532 4177 1610 congregata
4221 1525 4483 1590 comitia

452 1633 812 1721 Spirensia.
903 1636 1058 1720 Ipse
1101 1635 1278 1701 enim
1323 1642 1511 1702 autor
1553 1636 1625 1699 in
1664 1634 1876 1699 literis
1921 1632 1980 1698 d.
2031 1638 2130 1698 25.
2172 1635 2401 1700 Martii
2450 1639 2614 1698 1544
2662 1633 2746 1699 ad
2783 1633 3122 1699 Farellum
3158 1633 3347 1713 datis,
3385 1654 3665 1717 quarum
3701 1636 4160 1719 autographon
4197 1635 4481 1701 habetur

448 1748 522 1811 in
565 1744 782 1813 codice
827 1745 1135 1812 Gothano
1180 1746 1308 1831 (ed.
1355 1744 1892 1812 Bretschncideri
1934 1767 2083 1830 pag.
2124 1746 2266 1830 25),
2325 1746 2492 1811 haec
2535 1745 2790 1812 scribit:
2857 1744 3086 1828 Nuper
3126 1743 3350 1810 David
3406 1766 3485 1811 ex
3535 1746 3891 1812 Germania
3933 1747 4140 1813 rediit.
4229 1745 4484 1811 Literas

447 1856 661 1922 attulit
712 1878 755 1923 a
808 1855 1059 1924 Bueero
1072 1908 1087 1938 ‚
1145 1857 1373 1940 quibus
1427 1857 1746 1924 indicabat
1797 1876 1863 1922 se
1907 1857 2220 1938 postridie
2279 1855 2546 1938 Spin-mn
2601 1857 2861 1921 iturum.
2960 1855 3271 1921 Libellum
3322 1877 3528 1922 meum
3585 1858 3725 1923 sine
3773 1858 4120 1941 exceptione
4162 1858 4474 1928 laudabat.

448 1967 712 2051 Inepbus
754 1988 898 2034 aum
937 1969 1048 2050 qui
1090 1969 1304 2050 capita
1346 1968 1565 2051 refero,
1610 1988 1801 2050 quum
1846 1970 2170 2052 exemplar
2214 1967 2329 2033 tibi
2375 1968 2612 2032 mittere
2654 1968 2859 2032 satius
2900 1967 3001 2032 sit.
3088 1967 3195 2032 De
3239 1987 3522 2050 quonam
3567 1969 3675 2035 hic
3717 1969 4027 2052 loquatur
4070 1968 4310 2050 libello,
4358 1969 4478 2035 du-

442 2079 599 2145 bius
640 2079 911 2145 haerere
950 2100 1084 2144 non
1127 2078 1390 2163 poteris.
1480 2078 1746 2143 Titulus
1791 2078 1901 2145 hic
1946 2086 2072 2144 est:

758 2175 1328 2261 SVPPLEX
1409 2183 1420 2288 Ι
1495 2186 2116 2255 EXHORTATIO
2162 2189 2292 2254 AD
2336 2188 2469 2253 IN-
2489 2184 2805 2272 flvmnss
2843 2196 3241 2253 CAESAREM
3286 2197 3401 2252 CA·
3419 2191 3429 2272 ι
3447 2198 3704 2256 Romu
3741 2198 4082 2268 ovmrvm
4117 2201 4214 2255 ET
4247 2192 4471 2280 lav-1

441 2301 652 2367 striss.
698 2300 1062 2386 Principes,
1110 2300 1400 2383 aliosque
1433 2299 1719 2378 ordineS,
1766 2296 2003 2382 Spirae
2040 2322 2216 2365 nunc
2260 2300 2383 2364 im·
2400 2298 2412 2387 Ι
2429 2298 2594 2382 perii
2640 2305 3043 2364 conuentum
3087 2305 3375 2382 agentes.
3439 2300 3537 2366 Ut
3579 2298 4026 2366 restituendae
4059 2298 4469 2387 Ec-{clesiae

441 2432 672 2479 curam
733 2413 903 2478 serio
954 2413 1164 2478 velint
1216 2411 1566 2493 suscipere.
1619 2410 1630 2494 Ι
1964 2412 1973 2494 Ι
2023 2412 2281 2477 Eorum
2325 2412 2625 2476 omnium
2682 2409 2949 2474 nomine
2991 2409 3199 2488 edita,
3258 2411 3370 2494 qui
3419 2410 3681 2478 OHRI-
3700 2409 3711 2499 Ι
3733 2409 3989 2477 STVM
4033 2432 4312 2497 regnare
4356 2435 4470 2479 cu-

432 2523 653 2607 piunt.
706 2523 717 2607 Ι
1050 2523 1061 2607 Ι
1113 2522 1241 2588 Per
1284 2521 1371 2588 D.
1418 2522 1598 2589 Ioan.
1650 2520 2013 2589 Caluinum.
2071 2524 2079 2606 Ι
2130 2532 2431 2601 (Emblema
2464 2528 2830 2602 typographi.)
2911 2520 2920 2604 Ι
2979 2523 3160 2585 1543.

747 2634 996 2701 Forma
1036 2635 1462 2719 quaternaria
1516 2634 1749 2700 minor.
1838 2634 2163 2719 Plagulae
2218 2643 2604 2700 octonarum
2656 2632 3052 2717 paginarum
3110 2631 3562 2717 duodeviginti
3618 2632 3859 2718 (a—s),
3914 2634 4197 2719 paginae
4240 2655 4474 2701 nume-

434 2756 624 2811 ratae
676 2748 817 2812 142.
902 2745 1158 2813 Ultimo
1214 2745 1368 2812 folio
1425 2753 1605 2812 recto
1664 2752 1885 2812 errata
1928 2745 2250 2811 nonnulla
2305 2743 2719 2811 emendanda
2758 2742 2986 2810 lectori
3042 2744 3517 2828 significantur.
3611 2744 3783 2829 Typi
3828 2743 4213 2829 grandiores
4256 2753 4325 2813 et
4367 2747 4469 2810 in-

433 2856 681 2941 signes,
722 2856 953 2923 charta
995 2857 1304 2939 speciosa.
1394 2855 1819 2941 Typographi
1866 2878 2104 2923 nomen
2149 2876 2362 2939 neque
2404 2856 2477 2921 in
2521 2856 2715 2921 titulo
2759 2876 2972 2938 neque
3014 2855 3084 2920 in
3129 2857 3263 2922 fine
3309 2854 3569 2940 legitur.
3637 2854 3986 2921 Emblema
4025 2856 4284 2939 palmae
4319 2879 4469 2924 cum

432 2987 649 3052 puero
691 2987 1013 3051 suspenso
1057 2975 1127 3032 et
1170 2967 1404 3054 adagio
1448 2967 1817 3053 subscripto
1874 2968 2206 3053 (Pressa
2247 2967 2722 3048 valentior),
2768 2966 2849 3033 de
2892 2987 3022 3050 quo
3060 2964 3348 3032 diximus
3392 2968 3460 3031 in
3506 2966 3811 3052 Prolegg.
3851 2968 4043 3033 Tomi
4086 2968 4298 3034 nostri
4341 2968 4468 3033 III.

430 3099 589 3163 pag.
634 3077 996 3159 XXXIX„
1058 3080 1238 3145 illam
1297 3081 1510 3164 ipsam
1568 3080 1896 3146 officinam
1941 3079 2189 3145 indicat
2230 3080 2299 3144 in
2344 3100 2473 3164 qua
2526 3084 2754 3162 postea
2793 3078 3070 3144 Iacobus
3114 3077 3483 3162 Bourgeois
3521 3077 3777 3161 prelum
3824 3080 4134 3144 exercuit.
4224 3079 4471 3145 Exem-

430 3189 591 3275 plar
632 3187 1234 3274 splendidissimum
1278 3192 1481 3257 huius
1523 3190 1731 3257 libelli
1774 3190 1901 3274 ipsi
1945 3189 2377 3276 possidemus.

748 3301 938 3368 Idem
982 3309 1304 3367 tractatus
1347 3309 1564 3368 exstat
1607 3300 1783 3386 apud
1827 3301 2198 3368 Gallasium
2243 3322 2390 3386 pag.
2430 3305 2804 3381 410—4653
2854 3299 3032 3384 apud
3074 3301 3319 3367 Bezam
3377 3320 3523 3384 pag.
3570 3302 3900 3380 63—107;
3958 3302 4027 3365 in
4080 3301 4365 3367 editione
4409 3324 4465 3367 a.

446 3415 613 3477 1597
658 3433 803 3497 pag.
847 3416 1136 3495 49-863
1176 3413 1249 3479 in
1290 3410 1642 3480 Stoeriana
1682 3433 1830 3497 pag.
1872 3416 2156 3493 43-74;
2198 3413 2270 3478 in
2314 3411 2914 3478 Amstelodamensi
2958 3431 3108 3495 pag.
3151 3413 3424 3474 37-64,

750 3523 1012 3590 Gallica
1069 3525 1285 3593 versio
1340 3523 1624 3589 latinum
1674 3524 2109 3608 archetypum
2170 3525 2444 3589 minimo
2498 3523 2813 3606 temporis
2870 3523 3083 3607 spatio
3149 3520 3602 3589 intercedente
3657 3528 3933 3605 sequuta
3988 3543 4131 3588 esse
4185 3522 4464 3605 videtur,

435 3655 645 3717 quum
687 3635 905 3719 ipsum
948 3656 1198 3702 annum
1247 3639 1409 3699 1544
1454 3635 1746 3700 natalem
1789 3654 1947 3719 prae
1993 3656 2063 3700 se
2106 3636 2292 3702 ferat.
2383 3634 2593 3702 Cuius
2635 3635 2938 3711 unicum,
2993 3631 3168 3718 quod
3211 3633 3477 3717 quidem
3519 3632 3709 3699 nobis
3753 3634 4074 3713 innotuit,
4119 3636 4459 3719 exemplar

432 3745 913 3813 humanissime
977 3747 1319 3814 nobiscum
1382 3746 1892 3814 communicavit
1946 3746 2073 3812 Vir
2126 3746 2429 3833 egregius
2484 3747 2820 3812 Henricus
2874 3743 3235 3812 Lutteroth
3249 3796 3267 3824 ,
3333 3743 3731 3810 Parisiensis
3744 3796 3762 3824 ,
3827 3745 4012 3812 cuius
4065 3744 4462 3813 bibliotheca

434 3878 756 3943 magnam
797 3857 1117 3924 librorum
1161 3858 1686 3926 calvinianorum
1730 3857 2206 3942 supellectilem
2250 3864 2564 3925 asservat.
2656 3856 2790 3939 Qui
2836 3863 2904 3921 et
2945 3857 3086 3940 ipse
3130 3856 3395 3939 scriptis
3442 3856 3661 3922 varias
3703 3855 4016 3922 historiae
4050 3857 4467 3940 evangelicae

436 3976 664 4053 partes
704 3969 1185 4037 illustrantibus
1228 3969 1536 4035 inclaruit
1552 4020 1570 4049 ,
1631 3987 1709 4034 eo
1752 3968 1966 4054 magis
2008 3976 2280 4053 propter
2323 3990 2515 4036 suam
2558 3967 2953 4034 industriam
2997 3966 3368 4033 laudandus
3386 4018 3404 4048 ,
3458 3967 3632 4051 quod
3675 3966 3979 4034 civilibus
4022 3968 4306 4051 negotiis
4349 3967 4488 4039 ad-,

436 4081 713 4148 strictus
756 4102 967 4165 neque
1013 4082 1082 4146 in
1128 4081 1580 4166 theologorum
1624 4080 1867 4147 scholis
1910 4080 2232 4166 γράμματα
2273 4080 2679 4163 μεμαθηκώς,
2739 4081 3034 4146 animum
3087 4086 3319 4163 sponte
3386 4084 3508 4146 sua
3565 4077 3906 4143 altioribus
3961 4076 4261 4143 advertit.
4352 4078 4465 4142 Ti-

438 4191 628 4258 tulus
670 4191 878 4259 libelli
921 4192 1033 4259 hic
1073 4200 1203 4259 est:

754 4289 1399 4375 SVPPLIOA-
1420 4290 1429 4405 Ι
1450 4301 1674 4369 ΤΙΟΝ
1714 4304 1835 4368 ΕΤ
1877 4299 2637 4391 ΒΕΜΟΝ-ΙΒΤΒΑΝΟΕ,
2681 4311 2822 4367 svn
2855 4311 2954 4366 LE
2987 4311 3206 4366 imc‘r
3258 4314 3269 4380 ι
3315 4312 3416 4366 nn
3450 4310 3549 4364 LA
3595 4306 4127 4377 emsa-murs,
4173 4307 4272 4362 ET
4324 4297 4335 4381 Ι
4386 4298 4468 4365 de

442 4415 512 4480 la
556 4415 972 4481 reformation
1022 4414 1103 4480 de
1145 4412 1435 4498 l’Eglise,
1482 4415 1674 4481 faicte
1718 4433 1802 4480 au
1850 4414 1861 4497 Ι
1909 4435 2065 4480 nom
2110 4414 2192 4480 de
2235 4421 2384 4479 tous
2427 4420 2765 4479 amateurs
2821 4414 2909 4479 du
2953 4415 3187 4498 Regne
3231 4412 3312 4477 de
3353 4411 3458 4475 Ie-
3478 4414 3486 4494 Ι
3505 4429 3585 4475 su
3629 4407 3892 4488 Ohrist,
3944 4415 3986 4473 a
4028 4407 4467 4492 l'Empereur,

442 4536 515 4592 et
560 4546 691 4591 aux
733 4524 1010 4593 Princes
1056 4523 1070 4609 1
1115 4534 1185 4592 et
1225 4533 1428 4590 estatz
1472 4534 1707 4592 tonans
1750 4526 2163 4592 maintenant
2203 4527 2470 4592 iournee
2514 4525 2640 4591 im·
2657 4524 2930 4608 lperiale
2973 4532 3015 4590 a
3059 4522 3274 4606 Epire.
3324 4521 3335 4605 Ι
3386 4527 3733 4594 (Εηιὺῑὲοιο.)
3783 4519 3795 4600 Ι
3852 4522 4035 4584 1544.
4163 4566 4168 4571 .

755 4636 1105 4703 Emblema
1145 4636 1322 4702 idem
1367 4657 1442 4703 ac
1486 4637 1559 4701 in
1601 4634 1806 4701 latino
1851 4636 2229 4721 exemplari.
2319 4636 2569 4702 Forma
2610 4635 2946 4702 octonaria
2996 4635 3230 4699 minor.
3320 4630 3807 4713 Quaterniones
3849 4630 4168 4697 tredecim
4211 4630 4463 4716 (a—n).

443 4747 741 4833 Paginae
785 4751 910 4813 206
955 4754 1354 4816 numeratae.
1443 4746 1769 4814 Ultimum
1814 4746 2040 4813 folium
2084 4768 2381 4814 vacuum.
2473 4746 2886 4830 Subscriptio
2925 4744 3124 4810 nulla.

657 4893 667 4903 ·
753 4859 1018 4925 Inserta
1071 4866 1172 4925 est
1226 4859 1390 4926 haec
1444 4860 1662 4927 versio
1710 4858 1973 4942 utrique
2038 4859 2290 4941 corpori
2346 4859 2774 4924 Tractatuum
2841 4855 3104 4941 gallico,
3172 4854 3436 4920 Bezano
3488 4874 3636 4939 pag.
3691 4856 4031 4919 506-579
4043 4876 4061 4933 ;
4118 4850 4464 4918 Stoeriano

440 4991 594 5055 pag.
644 4974 1003 5035 ειη-058.
