4967 5992
397 310 521 372 249

392 497 674 580 proferri
726 495 934 578 possit
988 495 1308 559 bonorum
1363 514 1665 576 operum,
1721 492 1837 559 sed
1892 493 2180 577 gratuito
2216 493 2358 558 eius

391 583 640 659 favore,
685 582 841 662 quia
883 579 1054 644 tanti
1100 578 1344 644 habere
1389 578 1577 658 velit,
1623 580 1822 643 etiam
1875 580 1930 644 si
1976 577 2179 662 digna
2221 600 2353 644 non

394 669 546 734 sint.
635 669 732 731 At
772 664 1267 750 hyperbolicum
1313 670 1432 742 est,
1479 665 1755 746 inquies,
1801 664 1975 747 quod
2013 664 2172 729 dicit
2215 665 2355 729 Lu-

393 753 643 819 therus.
734 752 881 816 Hoc
945 759 1025 815 ut
1078 750 1459 829 concedam,
1527 749 1671 816 dico
1740 749 2049 816 habuisse
2111 749 2355 814 iustam

392 859 688 916 causam,
743 858 912 921 quae
969 857 1120 901 eum
1174 835 1259 901 ad
1311 834 1478 901 tales
1533 835 1931 920 hyperbolae
1984 834 2353 919 impulerit:

392 945 599 1009 quum
653 924 902 990 scilicet
966 921 1289 986 mundum
1341 920 1600 988 videret
1651 920 1818 987 falsa
1873 928 1941 987 et
1989 919 2357 1003 perniciosa

393 1031 667 1093 operum
705 1007 968 1085 fiducia,
1014 1008 1201 1090 quasi
1245 1006 1498 1072 exitiali
1541 1006 1863 1092 letharg0‚
1910 1007 2004 1071 sic
2048 1006 2355 1089 obstupe-

386 1095 637 1162 factum
677 1115 849 1172 6666,
896 1100 973 1158 ut
1026 1112 1163 1157 non
1205 1112 1370 1159 voco
1414 1113 1491 1158 ac
1533 1091 1750 1157 verbis
1795 1090 1878 1157 ad
1920 1099 2075 1156 eum
2120 1112 2353 1174 exper-

474 1180 879 1258 faciendum,
929 1176 1047 1244 sed
1089 1178 1146 1244 cl
1285 1198 1399 1243 ore
1443 1178 1658 1256 tubae,
1707 1178 2017 1255 tonitruo,
2060 1176 2354 1241 fulmini-

439 1286 647 1348 usque
713 1286 879 1347 opus
943 1271 1132 1330 esset.
1292 1283 1624 1346 uanquam
1695 1263 1865 1327 nihil
1929 1274 2031 1328 661
2083 1262 2156 1327 16
2204 1263 2354 1327 16116

390 1352 629 1430 verbis,
676 1347 850 1435 quod
882 1370 1019 1414 non
1054 1347 1456 1432 simpliciter,
1495 1360 1565 1414 et
1598 1350 1764 1414 citra
1797 1348 2007 1414 ullam
2045 1349 2349 1431 figuram,

388 1458 630 1505 verum
700 1437 802 1501 sit.
892 1435 1068 1500 Nam
1137 1455 1341 1517 quum
1407 1454 1678 1517 operum
1733 1433 2022 1518 dignitas
2081 1453 2214 1497 non
2268 1453 2353 1498 ex

388 1525 563 1589 facto
595 1523 757 1605 ipsc,
801 1519 919 1586 sed
952 1542 1040 1586 ex
1073 1520 1362 1602 perfecta
1394 1519 1523 1584 Dei
1559 1520 1829 1585 caritate
1871 1516 2173 1602 pendeat,
2217 1539 2352 1583 non

391 1608 585 1676 aliter
626 1609 880 1672 iustum
923 1627 1292 1690 purumque
1332 1626 1498 1689 opus
1541 1606 1685 1684 erit,
1730 1626 1931 1689 quam
1975 1604 2032 1671 si
2075 1625 2160 1670 ex
2201 1624 2352 1687 per-

388 1694 562 1760 fecta
597 1693 727 1759 Dei
768 1692 1041 1758 caritate
1082 1699 1361 1757 emanet.
1450 1691 1644 1757 Nunc
1687 1691 1857 1755 mihi
1889 1689 2072 1754 illam
2115 1690 2188 1754 in
2231 1689 2350 1755 ho-

387 1780 569 1845 mine
610 1778 1078 1862 perfectionem
1121 1778 1442 1860 reperias,
1487 1787 1563 1841 ut
1604 1797 1748 1842 esse
1792 1777 2009 1859 aliqua
2052 1779 2201 1854 [pag.
2241 1779 2349 1855 23]

387 1886 509 1948 per
563 1886 632 1930 se
683 1864 854 1930 bona
902 1883 1101 1947 opera
1153 1861 1525 1929 concedam.
1615 1861 1821 1945 Atqui
1875 1862 1999 1928 hoc
2041 1861 2115 1925 in
2157 1860 2351 1944 spiri-

386 1958 500 2016 tus
552 1950 759 2015 sancti
816 1947 1283 2015 contumeliam
1341 1946 1699 2026 redundat,
1752 1967 1873 2031 per
1932 1966 2125 2030 quem
2179 1947 2353 2012 bona

384 2056 589 2119 opera
625 2037 814 2100 fiunt.
885 2033 1168 2100 Minime
1210 2054 1370 2100 vero
1405 2033 1466 2098 si
1506 2034 1670 2099 bene
1705 2053 1781 2098 ac
1824 2031 2182 2116 prudenter
2218 2032 2349 2097 dis-

383 2143 637 2200 cernae,
683 2119 838 2203 quid
872 2120 945 2184 in
988 2140 1182 2203 opere
1218 2119 1389 2185 bono
1434 2119 1522 2184 sit
1555 2118 1861 2197 hominis,
1903 2126 1972 2183 et
2014 2116 2173 2201 quid
2216 2118 2349 2199 spi·

383 2209 571 2272 11166.
653 2205 1004 2289 Utcunque
1049 2207 1226 2271 enim
1269 2205 1523 2271 sincero
1566 2202 1789 2283 corde,
1836 2211 1904 2268 et
1946 2204 2190 2286 absque
2232 2205 2347 2269 fic-

382 2292 593 2373 tione,
654 2293 725 2356 in
773 2291 903 2357 Dei
946 2289 1384 2358 obedientiam
1429 2310 1500 2355 se
1544 2290 1751 2355 sancti
1796 2288 2133 2368 addicant,
2177 2287 2348 2353 mul-

384 2385 529 2443 tum
572 2385 802 2443 tamen
847 2377 1058 2456 abest,
1106 2378 1266 2460 quin
1311 2373 1487 2442 adsit
1530 2396 1609 2441 ea
1649 2376 1724 2439 in
1765 2371 2119 2440 reddendis
2162 2373 2348 2439 obse-

381 2466 556 2548 quiis
610 2462 949 2541 alacritas,
1005 2483 1204 2547 quam
1258 2462 1375 2528 illa
1417 2461 1585 2546 legis
1627 2482 1886 2528 summa
1928 2461 2212 2545 flagitat:
2270 2465 2349 2525 ut

381 2551 578 2616 Deus
621 2571 706 2615 cx
740 2556 879 2615 toto
915 2548 1131 2628 corde,
1178 2570 1262 2613 ex
1298 2555 1438 2612 tota
1472 2548 1710 2626 anima,
1757 2568 1842 2612 ex
1887 2547 2041 2611 totis
2083 2543 2349 2626 viribus,

384 2643 584 2719 atque
606 2643 699 2714 ut,
736 2633 1098 2702 secundum
1122 2635 1363 2712 Deum,
1397 2633 1738 2716 proximus
1760 2632 2089 2715 diligatur.
2149 2632 2349 2697 Hanc

384 2742 545 2790 vero
586 2722 697 2805 qui
741 2722 953 2787 nescit
995 2737 1140 2786 esse
1184 2720 1531 2797 amussim,
1576 2718 1660 2784 ad
1705 2738 1905 2801 quam
1949 2717 2346 2802 exigendum

384 2808 476 2872 sit
530 2827 807 2890 operum
866 2826 1174 2884 examen,
1240 2804 1408 2870 nihil
1464 2803 1758 2870 iudicare
1825 2812 2058 2886 potest.
2147 2803 2347 2868 Nunc

382 2891 615 2959 audiat
655 2891 958 2977 Pighius.
1048 2890 1217 2958 Dico
1271 2898 1533 2957 sanctos
1600 2897 1922 2974 perpetua
1977 2889 2194 2955 carnis
2244 2888 2346 2952 in-

380 2979 701 3044 firmitate
755 2977 1068 3056 detineri,
1124 2977 1475 3059 quominus
1531 2998 1610 3043 ea
1662 2996 1830 3060 quae
1882 2974 2133 3041 faciunt
2173 2975 2348 3040 bona

380 3085 585 3149 opera
652 3065 1026 3147 perficiant:
1098 3063 1243 3128 dico
1311 3061 1650 3128 ambulare
1718 3062 1874 3127 dum
1942 3058 2346 3127 currendum

382 3157 550 3231 erat,
594 3169 788 3234 saepe
822 3149 1022 3214 etiam
1057 3148 1440 3215 claudicare.
1510 3148 1693 3213 Hinc
1726 3147 1870 3213 fieri
1906 3148 2049 3213 dico
2086 3153 2163 3211 ut
2194 3145 2345 3210 nul-

378 3235 524 3302 lum
566 3236 901 3301 exstiterit
951 3254 1242 3319 unquam
1296 3234 1543 3299 bonum
1586 3255 1780 3317 opus,
1834 3232 2009 3317 quod
2051 3231 2343 3316 undique

379 3343 628 3406 purum
684 3343 762 3387 66
815 3321 1184 3404 perfectum
1233 3319 1417 3385 omni
1474 3340 1744 3402 prorsus
1803 3339 2014 3384 naevo
2069 3326 2340 3383 careret.

382 3406 585 3489 Quod
641 3407 702 3473 si
753 3427 1015 3489 semper
1069 3406 1317 3490 aliquid
1368 3405 1581 3471 sordis
1639 3426 1725 3470 ex
1764 3404 1983 3471 carnis
2021 3405 2186 3470 vitio
2229 3403 2344 3470 ad-

380 3493 672 3560 mixtum
708 3501 810 3559 est
843 3501 1227 3558 sanctorum
1261 3493 1582 3577 operibus,
1619 3491 1896 3559 veniant
1927 3491 2001 3554 in
2035 3509 2343 3573 conspec-

380 3587 534 3644 tum
574 3579 735 3657 Dei,
781 3579 1251 3644 examinentur
1284 3580 1357 3643 in
1396 3578 1514 3642 illa
1556 3578 1838 3656 trutina,
1885 3597 2081 3660 quam
2125 3575 2344 3661 angeli

380 3687 474 3750 qu
557 3684 642 3729 ue
674 3664 804 3747 ipsi
845 3664 1302 3729 reformidant:
1350 3684 1735 3747 quocunque
1768 3663 1912 3730 loco
1948 3677 2346 3729 censeantur

380 3772 514 3834 apu
603 3749 923 3830 homines,
966 3749 1103 3816 illic
1145 3750 1382 3816 vitiosa
1426 3746 2021 3832 deprehendentur.
2114 3748 2206 3813 At
2245 3755 2345 3812 to-

377 3842 524 3902 tam
568 3836 927 3918 puritatem
963 3836 1207 3921 exigua
1238 3835 1499 3901 macula
1531 3835 1885 3918 inquinari,
1927 3834 2196 3900 minime
2239 3853 2343 3898 ra-

379 3923 550 3988 tioni
603 3928 1119 3988 consentaneum
1177 3927 1296 3987 cst.
1384 3921 1719 4001 Primum,
1774 3920 1857 3985 ad
1914 3921 2347 3986 obtinendum

377 4006 558 4092 quod
611 4016 763 4090 peto
829 4005 995 4073 mihi
1049 4007 1212 4073 satis
1264 4013 1392 4087 est,
1459 4008 1514 4072 si
1566 4008 1641 4071 in
1696 4008 1874 4072 omni
1927 4027 2123 4090 opere
2179 4007 2347 4072 bono

378 4092 717 4160 inclusum
760 4093 848 4160 sit
889 4100 1257 4176 peccatum:
1316 4092 1554 4158 deinde
1597 4092 1723 4159 hoc
1766 4092 2038 4157 minime
2082 4093 2344 4175 recipio,

378 4186 650 4265 praeter
692 4181 1015 4245 rationem
1058 4179 1194 4245 sore
1207 4231 1225 4259 ,
1288 4180 1345 4243 si
1389 4179 1631 4262 exigua
1673 4179 1865 4244 sorde
1907 4184 2048 4243 tota
2089 4179 2347 4261 puritas

378 4266 786 4350 inquinetur.
857 4265 1034 4331 Nam
1076 4265 1132 4330 si
1169 4266 1312 4332 vini
1355 4284 1568 4348 sapor,
1612 4266 1834 4331 suavis
1877 4263 2041 4329 alias
2083 4271 2153 4329 61
2194 4283 2347 4346 gra-

378 4359 516 4430 tus,
552 4349 807 4416 modico
843 4371 1033 4417 acore
1066 4357 1248 4418 totus
1279 4351 1752 4434 corrumpitur,
1789 4356 1866 4415 ut
1887 4350 2137 4433 gratiae
2173 4349 2348 4433 quod

381 4437 623 4504 habuit
663 4437 953 4515 amittat,
1005 4436 1153 4519 quis
1194 4435 1341 4502 Deo
1375 4436 1563 4501 litem
1605 4436 1938 4515 intendat,
1985 4435 2158 4520 quod
2201 4456 2345 4501 cor-

383 4530 662 4606 ruptum
720 4542 885 4605 opus
939 4520 1062 4588 sibi
1117 4520 1464 4606 displicere
1507 4521 1939 4604 pronunciet?
2038 4523 2147 4587 Ita
2197 4521 2346 4607 lege

381 4609 676 4675 mosaica
713 4609 1147 4674 constitutum
1192 4617 1361 4686 erat,
1406 4615 1484 4673 ut
1526 4607 1583 4672 si
1624 4607 1921 4690 pollutus
1966 4608 2160 4674 homo
2204 4629 2346 4674 rem

383 4701 834 4760 consecratam
878 4692 1236 4778 attigisset,
1281 4691 1628 4758 immunda
1670 4701 2049 4759 censeretur
2091 4694 2344 4777 (Levit.

384 4786 447 4862 7,
492 4784 570 4846 19
616 4788 684 4846 61
726 4782 829 4859 22,
876 4781 963 4863 6).
1064 4777 1216 4860 Quo
1263 4779 1708 4864 significatum
1742 4779 1888 4858 fuit,
1934 4786 2071 4844 tam
2113 4781 2349 4846 efficax

383 4874 454 4932 et
520 4865 976 4949 contagiosum
1044 4886 1374 4932 venenum
1432 4886 1576 4931 esse
1651 4864 1938 4931 hominis
1992 4864 2346 4930 immundi-

381 4954 569 5031 tiem,
608 4962 682 5017 ut
724 4950 862 5017 solo
903 4952 1045 5016 eius
1080 4959 1279 5030 tactu,
1325 4948 1642 5034 quidquid
1674 4950 1836 5016 alias
1881 4959 2184 5017 sanctum
2227 4958 2345 5031 est,

381 5038 820 5122 profanescat.
909 5037 1057 5103 Iam
1092 5037 1375 5121 qualiter
1418 5037 1777 5103 liberamur
1816 5057 2044 5102 omnes
2088 5058 2127 5102 a
2172 5057 2344 5102 com-

383 5124 579 5189 muni
625 5121 1016 5205 pollutione,
1065 5128 1216 5204 [pag.
1255 5128 1364 5201 24]
1410 5122 1542 5188 nisi
1584 5143 1704 5205 per
1746 5121 1986 5189 fidem?
2076 5123 2351 5188 Maneat

385 5231 550 5295 ergo
592 5207 791 5286 illud,
828 5228 1029 5292 opera
1073 5210 1272 5290 bona,
1333 5210 1389 5275 si
1431 5229 1552 5291 per
1587 5229 1659 5274 se
1700 5209 2164 5290 aestimentur,
2210 5230 2349 5275 om-

1887 304 2017 372 DE
2060 305 2418 373 LIBERO
2459 307 2935 376 ARBI'PRIO.

4299 320 4428 382 250

2463 498 2621 563 nino
2665 518 2810 564 6666
2854 507 3147 582 peccata:
3194 509 3271 565 ut
3315 509 3535 568 autem
3570 502 3742 567 bona
3786 502 3938 582 sint,
3989 512 4062 569 ut
4094 502 4241 569 Deo
4284 506 4425 588 pla-

2463 591 2672 661 ceant,
2711 592 2785 648 ut
2818 582 3085 650 laudem
3121 586 3411 651 habeant
3447 607 3522 652 ac
3556 590 3944 671 praemium,
3981 597 4261 672 paterna
4295 590 4427 656 Dei

2462 670 2837 752 acceptione
2879 671 3042 748 fieri,
3090 693 3223 735 666
3268 674 3534 756 proprio
3577 675 3869 756 ipsorum
3913 676 4165 740 merit0.

2632 754 2941 821 Alterum
2984 755 3353 822 membrum
3368 810 3384 837 ,
3443 759 3523 824 de
3578 758 3879 824 absoluta
3932 781 4157 825 rerum
4202 782 4429 828 neces-

2459 838 2674 919 sitate,
2720 841 2791 905 16
2836 862 2987 906 eum
3029 842 3249 908 locum
3289 843 3686 925 differemus,
3733 844 3846 909 ubi
3880 846 4150 912 tractari
4183 848 4429 930 poterit

2460 944 2578 1022 suo
2622 924 2880 990 ordine:
2970 949 3131 992 uum
3175 929 3425 995 scilicet
3463 929 3543 995 de
3582 928 3999 1013 providentia
4029 932 4159 997 Dei
4197 941 4265 997 et
4307 933 4427 999 ho-

2458 1030 2716 1074 minum
2757 1032 2915 1094 prae
2963 1014 3353 1079 estinatione
3394 1023 3643 1099 agetur.
3710 1016 3894 1081 Dicit
3934 1025 4176 1101 postea,
4220 1040 4426 1101 quum

2457 1095 2651 1160 istius
2700 1115 2823 1160 nos
2882 1096 3204 1182 dogmatis
3259 1098 3566 1183 puderet,
3625 1101 3971 1167 dimidium
4018 1112 4423 1169 recantasse:

2457 1181 2634 1263 quod
2692 1181 2943 1246 homini
2996 1182 3279 1248 liberum
3352 1187 3698 1252 arbitrium
3757 1188 3829 1251 in
3877 1189 4074 1254 rebus
4130 1189 4424 1256 externis

2457 1273 2527 1330 et
2570 1266 2874 1334 civilibus
2932 1271 3211 1352 negotiis
3267 1271 3652 1337 tribuamus.
3754 1272 3889 1338 Sed
3944 1274 4118 1339 hanc
4170 1273 4424 1356 palino-

2457 1348 2633 1417 diam
2678 1354 3027 1436 quominus
3070 1376 3154 1419 ex
3198 1358 3420 1421 animo
3464 1357 3780 1440 prodiisse
3815 1366 4018 1441 putet,
4063 1358 4272 1425 tribus
4317 1380 4424 1425 ar-

2456 1439 2793 1520 gumentis
2848 1440 3100 1504 moveri
3145 1461 3216 1505 se
3260 1441 3445 1507 dicit:
3503 1443 3676 1525 quod
3736 1443 3919 1509 libris
3963 1445 4034 1509 in
4090 1443 4423 1527 publicum
4530 1449 4541 1456 '

2458 1521 2653 1587 editis
2691 1524 2791 1588 fas
2815 1544 2957 1589 esse
2997 1546 3385 1606 asseramus,
3428 1528 3593 1593 fucis
3615 1549 3691 1592 ac
3734 1529 3993 1594 technis
4035 1551 4423 1614 promovere

2455 1609 2785 1759 61166ἷ6111
2830 1630 3126 1700 causam:
3183 1612 3355 1695 quod
3400 1634 3533 1677 non
3578 1635 3997 1679 exsecremur
4040 1616 4423 1681 Lutherum

2453 1701 2591 1759 tam
2685 1694 3003 1761 orrendae
3046 1695 3493 1779 blasphemiae
3535 1708 3865 1764 autorem:
3913 1699 4086 1784 quod
4129 1723 4262 1766 non
4303 1721 4422 1784 pa-

2454 1780 2589 1845 lam
2608 1832 2622 1858 ,
2686 1781 3016 1848 damnatis
3059 1783 3384 1865 prioribus
3450 1786 3695 1850 nostris
3751 1784 3956 1864 libris,
4002 1807 4255 1852 errasse
4300 1808 4419 1853 666

2435 1867 2895 1948 profiteamur.
3000 1865 3194 1948 Quod
3250 1867 3331 1934 de
3396 1868 3837 1953 promovendo
3901 1893 4021 1954 per
4072 1873 4295 1937 fucum
4353 1879 4421 1937 et

2454 1951 2637 2018 dolos
2691 1953 3035 2037 evangelio
3103 1955 3441 2037 scripsisse
3518 1976 3639 2021 nos
3716 1957 4087 2035 insimulat,
4152 1957 4419 2035 mirum,

2453 2036 2584 2103 nisi
2628 2038 2751 2103 sibi
2795 2040 2935 2121 ipse
2979 2040 3346 2105 somniavit.
3414 2041 3644 2123 Neque
3688 2042 3867 2105 enim
3911 2042 4043 2107 tale
4085 2042 4421 2127 quidpiam

2451 2131 2833 2188 nostrorum
2891 2124 3086 2190 alicui
3143 2124 3493 2204 excidisse,
3540 2125 3707 2190 mihi
3750 2127 4061 2192 credibile
4106 2136 4224 2193 est.
4313 2126 4422 2193 De

2452 2209 2754 2275 Luthero
2808 2231 2938 2274 non
2985 2216 3088 2274 661
3138 2208 3310 2292 (166(1
3367 2210 3634 2275 dubiam
3678 2213 4121 2277 coniecturam
4166 2221 4416 2278 sumat:

2451 2293 2711 2377 quando
2754 2317 2933 2363 nuno
2975 2315 3249 2379 quoque,
3309 2297 3481 2362 sicut
3534 2296 3852 2362 hactenus
3868 2349 3883 2375 ,
3940 2320 4071 2363 non
4112 2297 4419 2364 dissimu-

2448 2379 2668 2450 lanter
2706 2388 3043 2459 testamur,
3090 2403 3241 2446 eum
3282 2403 3404 2447 nos
3442 2383 3684 2448 habere
3727 2404 3846 2466 pro
3878 2384 4127 2467 insigni
4167 2382 4419 2449 Christi

2452 2466 2768 2549 apostolo,
2813 2467 2998 2533 cuius
3042 2468 3328 2532 maxime
3372 2488 3573 2550 opera
3607 2476 3676 2532 ot
3709 2469 4074 2535 ministerio
4109 2470 4419 2535 restituta

2451 2552 2578 2617 hoc
2621 2559 2915 2635 tempore
2946 2553 3171 2618 'fuerit
3213 2552 3543 2636 evangelii
3597 2556 3867 2637 puritas.
3957 2556 4062 2620 De
4107 2554 4295 2620 nobis
4337 2555 4420 2619 li-

2451 2639 2687 2704 benter
2737 2639 3055 2718 fatemur,
3112 2638 3281 2721 quod
3329 2637 3643 2704 Solonem
3698 2639 3778 2704 (16
3830 2661 3899 2705 66
3944 2639 4213 2725 gloriari
4266 2640 4419 2707 soli-

2452 2731 2597 2788 tum
2640 2725 2842 2789 fuisse
2880 2723 3167 2803 tradunt,
3206 2745 3327 2789 nos
3361 2723 3651 2808 quotidie
3689 2724 3994 2791 discendo
4030 2746 4219 2792 senes
4254 2727 4417 2805 fieri,
4456 2727 4467 2734 ’

2452 2817 2573 2874 661
2614 2818 2792 2875 certe
2841 2809 2923 2874 ad
2979 2817 3385 2875 senectutem
3429 2831 3798 2895 properare.
3892 2810 4072 2892 Quid
4118 2819 4337 2877 tamen
4379 2833 4419 2876 a

2451 2894 2639 2962 nobis
2693 2895 2985 2979 postulat
3025 2895 3338 2979 Pighius,
3394 2905 3469 2961 ut
3524 2918 3647 2962 nos
3701 2897 3875 2962 61616
3920 2897 4217 2963 docuisse
4269 2917 4420 2980 pro-

2449 2983 2861 3061 nunciemus,
2910 3002 3114 3063 quum
3157 3003 3653 3064 perseveremus
3707 2985 4072 3048 etiamnum
4115 2991 4417 3049 constan-

2451 3075 2554 3131 ter
2597 3066 2668 3130 in
2723 3085 2801 3131 ea
2858 3065 3190 3132 doctrinae
3245 3088 3534 3142 summa,
3597 3090 3791 3151 quam
3838 3090 4099 3151 semper
4140 3070 4419 3152 professi

2450 3152 2725 3217 sumus?
2813 3152 2997 3216 Fieri
3040 3150 3303 3234 quidem
3347 3160 3580 3236 potest,
3625 3161 3703 3219 ut
3742 3154 4095 3237 loquantur
4133 3155 4245 3219 alii
4289 3154 4419 3219 alio

2448 3236 2672 3302 modo:
2740 3245 2819 3302 ut
2872 3239 3207 3320 propriam
3271 3238 3408 3303 fere
3473 3239 3774 3322 quisque,
3829 3247 3897 3304 et
3948 3239 4029 3304 ab
4085 3240 4230 3305 aliis
4286 3240 4417 3306 dis·

2450 3324 2725 3389 tinctam
2768 3323 3077 3406 loquendi
3121 3324 3446 3388 rationem
3489 3325 3706 3390 habet.
3796 3322 3938 3390 Cur
3981 3330 4203 3388 autem
4244 3325 4416 3407 quod

2450 3409 2728 3475 sacculis
2783 3407 3084 3474 omnibus
3140 3409 3437 3473 omnium
3493 3410 3837 3474 hominum
3881 3430 4227 3475 commune
4268 3411 4414 3489 fuit,

2449 3495 2639 3560 nobis
2683 3516 2814 3560 non
2858 3492 3363 3560 concederetur?
3437 3494 3585 3558 Hoc
3628 3514 3884 3577 quoque
3921 3515 4053 3559 non
4089 3495 4415 3578 gravatim

2451 3600 2754 3664 agnosco,
2801 3601 2940 3658 nos,
2985 3580 3040 3645 si
3084 3584 3233 3659 [pag.
3277 3585 3386 3658 25]
3427 3579 3686 3662 quando
3721 3580 3967 3645 iterum
4002 3579 4417 3647 recuduntur

2449 3675 2680 3731 nostra
2722 3686 2949 3748 opera,
2997 3686 3162 3749 quae
3206 3665 3475 3730 rudiora
3515 3674 3708 3730 erant
3747 3665 4061 3749 expolire,
4107 3666 4415 3751 mitigare

2450 3773 2618 3835 quae
2675 3753 2972 3834 asperius
3028 3758 3220 3816 erant
3273 3750 3478 3831 (11616,
3535 3750 3777 3815 addere
3833 3752 4046 3817 lucem
4101 3750 4413 3832 obscuriS,

2448 3837 2649 3903 nimis
2704 3857 2932 3920 pressa
2984 3837 3195 3902 fusius
3252 3845 3321 3901 et
3372 3836 3699 3920 copiosius
3742 3837 4099 3920 explicare,
4152 3838 4416 3903 munire

2450 3922 2653 3989 etiam
2698 3923 2885 3988 novis
2929 3922 3321 4000 rationibus,
3375 3922 3658 4005 denique
3703 3924 3774 3987 in
3830 3923 4065 4006 quibus
4108 3923 4414 3988 offensio-

2450 4010 2558 4074 nis
2602 4008 2969 4091 periculum
3003 4028 3333 4087 veremur,
3378 4008 3706 4074 moderari
3750 4009 3949 4073 etiam
3985 4016 4054 4072 et
4087 4009 4411 4092 mitigare.

2452 4093 2791 4175 Quorsum
2829 4093 3007 4159 enim
3043 4094 3433 4172 viveremus,
3479 4094 3536 4159 si
3577 4093 3746 4159 nihil
3782 4102 3981 4173 aetas,
4027 4093 4195 4158 nihil
4230 4114 4410 4172 usus,

2450 4180 2622 4245 nihil
2667 4178 2931 4244 assidua
2975 4179 3388 4257 exercitatio,
3433 4178 3603 4243 nihil
3647 4179 3870 4257 166116,
3925 4178 4091 4243 nihil
4134 4176 4413 4243 medita-

2452 4268 2542 4331 tio
2600 4264 2971 4331 conferret?
3064 4262 3401 4345 Quorsum
3454 4272 3677 4330 autem
3734 4266 4227 4348 proficeremus,
4285 4265 4412 4329 nisi

2452 4359 2529 4417 ut
2577 4351 2831 4417 fructus
2884 4350 3040 4415 inde
3084 4350 3318 4433 aliquis
3362 4349 3447 4414 ad
3489 4349 3651 4416 alios
3693 4370 3947 4433 quoque
3991 4347 4409 4434 perveniret?

2450 4438 2599 4504 1166
2643 4437 2701 4503 61
2744 4438 2957 4503 666611
2988 4434 3287 4520 Pighius,
3334 4434 3459 4501 1166
3492 4435 3592 4499 1111
3636 4443 3953 4501 1661611116
3995 4456 4138 4501 6666
4184 4434 4410 4501 velim:

2450 4544 2573 4589 nos
2617 4522 2749 4588 huc
2793 4522 2933 4587 dies
2975 4529 3331 4604 noctesque
3366 4522 3762 4601 incumbere,
3808 4529 3884 4585 ut
3918 4541 4087 4603 quae
4129 4518 4414 4586 fideliter

2451 4631 2494 4675 a
2536 4608 2726 4674 nobis
2770 4607 3013 4672 tradita
3055 4614 3239 4687 sunt,
3285 4606 3357 4670 in
3398 4606 3665 4672 modum
3712 4607 3933 4686 etiam,
3980 4627 4176 4691 quem
4218 4614 4412 4690 puta-

2449 4715 2599 4760 mus
2643 4693 2968 4777 optimum
3009 4693 3177 4770 fore,
3222 4693 3596 4757 formemus.
3686 4692 3834 4758 Hoc
3877 4713 4135 4775 quoque
4179 4714 4412 4757 verum

2450 4787 2579 4859 661,
2631 4777 2982 4855 66666116,
3041 4799 3209 4861 quae
3263 4777 3651 4843 scholastico
3708 4777 3969 4845 dicendi
4011 4798 4256 4862 genere
4270 4829 4287 4856 ,
4345 4785 4413 4842 et

2450 4857 2673 4930 min'us
2706 4862 3007 4948 populari
3041 4862 3216 4948 stylo
3251 4863 3602 4945 scripserat
3629 4863 3988 4943 Lutherus,
4023 4862 4412 4947 Philippum

2451 4949 2988 5017 Melancthonem
3043 4947 3403 5032 prudenter
3471 4956 3541 5014 et
3592 4970 3837 5034 magna
3892 4949 4285 5014 dexteritate
4340 4949 4412 5013 in

2451 5038 2781 5101 mitiorem
2825 5035 3101 5100 formam
3147 5033 3469 5100 flectendo
3483 5084 3500 5113 ,
3547 5033 3632 5099 ad
3674 5035 4021 5120 vulgarem
4065 5035 4410 5099 hominum

2452 5131 2720 5206 captum
2773 5117 3330 5199 accommodasse,
3386 5131 3455 5185 et
3514 5140 3929 5186 communem
3970 5120 4150 5186 vitae
4193 5141 4407 5186 usum.

2451 5207 2564 5274 Ita
2616 5228 2821 5291 quum
2877 5205 3132 5272 edenda
3171 5207 3513 5289 Augustae
3566 5213 3739 5273 esset
3791 5205 4220 5273 confessionis
4276 5205 4409 5270 for-
