4967 5992
377 278 498 342 273

376 463 553 531 Sane
586 463 643 530 si
676 464 771 529 ita
794 464 1155 548 scripturas
1189 485 1453 529 sursum
1479 464 1785 530 deorsum
1807 485 2074 532 versare
2111 466 2324 547 liceat,

372 551 507 620 iam
539 548 779 634 Pighio
821 548 1104 615 concedo
1139 548 1309 632 quod
1345 549 1649 632 postulat,
1694 548 1849 616 alibi
1884 551 2326 633 quaerendam

375 656 515 702 esse
557 641 805 700 certam
848 635 1002 700 fidei
1041 653 1117 700 re
1236 656 1361 700 am.
1450 635 1551 701 Ac
1594 634 1860 703 videtur
1892 635 2055 700 mihi
2098 637 2179 701 de
2222 638 2325 702 in·-

376 718 627 786 dustria
668 720 1001 803 specimen
1041 741 1127 785 vo
1158 721 1331 785 uisse
1375 718 1568 785 edere
1613 721 1774 799 eius,
1822 722 1994 804 quod
2036 720 2323 789 dicebat:

375 806 542 871 nihil
585 805 1052 889 propemodum
1090 826 1232 871 esse
1273 806 1346 870 in
1390 805 1734 889 scriptura,
1782 806 1954 891 quod
1994 828 2127 872 non
2171 808 2329 873 hae-

374 893 557 958 retici
603 912 724 957 sua
773 891 1029 956 malitia
1067 897 1470 974 pervertant.
1559 889 1697 957 Sed
1739 912 1821 956 ex
1867 891 2142 958 adverso
2187 894 2327 959 effi-

374 977 570 1055 ciam,
625 998 760 1041 non
805 976 899 1041 sic
942 985 1192 1060 patere,
1249 976 1725 1059 obnoxiamque
1770 998 1912 1043 esse
1957 999 2180 1043 eorum
2225 978 2326 1044 lu-

373 1062 602 1127 dibriis
635 1062 766 1128 Dei
808 1063 1171 1142 veritatem,
1216 1063 1377 1145 quin
1414 1062 1494 1129 ab
1529 1061 1660 1128 illis
1704 1063 1961 1128 fortiter
2003 1064 2328 1130 vindicari

372 1153 583 1233 queat.
673 1148 966 1215 Possunt
1002 1148 1208 1214 solem
1252 1145 1337 1213 ad
1381 1155 1640 1231 tempus
1677 1148 2066 1214 obumbrare
2122 1149 2326 1216 nebu·-

370 1234 503 1299 lae:
563 1230 680 1298 sed
733 1233 873 1298 eius
926 1233 1253 1317 fulgorem
1318 1255 1404 1299 ne
1448 1255 1533 1299 ue
1589 1235 2041 1318 exstinguere,
2113 1256 2324 1319 neque

372 1319 693 1385 suffocare
737 1326 1045 1402 possunt,
1091 1318 1250 1401 quin
1295 1325 1408 1383 tan
1454 1339 1560 1384 em
1604 1326 1971 1402 exsuperet.
2062 1318 2324 1406 Corpus

416 1427 490 1469 ro
535 1404 806 1470 ecclesia
847 1404 971 1469 hoc
1013 1404 1155 1469 loco
1199 1405 1418 1470 sumit.
1502 1406 1597 1469 At
1640 1404 2048 1491 evangelista
2103 1409 2326 1487 πτῶμα

419 1490 572 1556 abet
613 1489 882 1572 (Matth.
932 1493 1033 1568 24,
1078 1491 1211 1575 28),
1260 1489 1434 1573 quod
1480 1490 1755 1556 Graecis
1797 1489 2079 1558 cadaver
2118 1492 2325 1576 signi-

368 1577 541 1642 ficat.
628 1575 875 1640 Facilis
931 1582 1154 1640 autem
1208 1583 1275 1641 et
1315 1576 1548 1642 obvius
1592 1583 1695 1641 est
1737 1576 2008 1642 cuilibet
2048 1576 2323 1660 parabo·

366 1661 473 1727 lae
508 1680 769 1727 sensus:
817 1660 986 1745 quod
1022 1662 1191 1727 sicut
1229 1659 1312 1726 ad
1334 1660 1618 1727 cadaver
1651 1682 1863 1726 unum
1900 1662 2115 1727 solent
2149 1684 2324 1729 com-

367 1746 596 1830 plures
651 1746 918 1830 aquilae,
974 1746 1350 1826 convolare,
1421 1747 1515 1812 ita
1570 1746 1655 1812 ad
1713 1768 1923 1812 unum
1981 1747 2325 1814 Christum

366 1831 664 1915 undique
720 1832 910 1898 electi
953 1853 1022 1897 00
1067 1852 1293 1899 omnes
1345 1832 1676 1914 recipient.
1765 1832 1948 1917 Ergo
1992 1854 2062 1899 se
2104 1835 2325 1919 ipsum

367 1915 680 1982 Christus
722 1918 1058 1984 vinculum
1100 1917 1374 1983 unitatis
1407 1918 1583 1995 facit,
1627 1939 1760 1984 non
1794 1918 2138 1984 hominum
2172 1938 2325 1984 con-

364 2023 661 2081 sensum,
720 2002 825 2069 vel
869 2002 1377 2068 multitudinem.
1466 2003 1660 2069 Nunc
1704 2002 2084 2086 expendant
2123 2004 2325 2071 lecto-

363 2108 503 2166 το0,
616 2110 772 2153 uam
827 2088 1038 2154 fidelis
1092 2089 1179 2153 sit
1244 2088 1572 2171 interpres
1625 2087 1926 2171 Pighius.
2017 2087 2324 2155 Christus

365 2171 448 2238 de
495 2110 814 2240 cadavere
871 2173 1192 2257 loquitur:
1252 2174 1355 2238 001
1400 2194 1471 2239 00
1526 2171 1672 2238 ideo
1728 2180 2094 2258 comparat,
2151 2175 2325 2258 quod

361 2258 592 2324 electis
647 2261 785 2325 suis
839 2278 1035 2325 causa
1076 2268 1204 2337 est,
1261 2265 1336 2323 ut
1391 2258 1462 2322 in
1507 2279 1717 2323 unum
1768 2260 2199 2338 conveniant,
2257 2268 2327 2326 et

362 2343 570 2409 simul
603 2342 687 2408 ad
721 2366 875 2410 eum
911 2344 1334 2428 colligantur:
1394 2343 1507 2409 ille
1541 2364 1776 2428 corpus
1811 2345 2121 2411 ecclesiae
2158 2346 2323 2411 ima-

358 2430 658 2514 ginatur.
748 2429 1056 2495 Christus
1112 2428 1361 2511 aquilas
1416 2429 1748 2510 nominat,
1804 2429 2076 2514 perinde
2132 2451 2208 2497 ac
2266 2431 2325 2498 si

359 2535 484 2581 nos
534 2513 793 2599 vulgari
837 2535 1019 2579 more
1084 2521 1304 2580 nostro
1348 2513 1713 2581 diceremus
1756 2536 2013 2582 corvos:
2057 2515 2172 2581 ille
2217 2538 2323 2581 ar·

456 2599 688 2664 tiolam
764 2599 1319 2678 comminiscitur,
1403 2607 1478 2664 ut
1537 2599 1622 2664 ad
1690 2606 1946 2665 veteres
2014 2600 2324 2668 ecclesiae

359 2622 665 2750 {lictores
739 2685 998 2750 referat.
1088 2686 1151 2750 A
1246 2684 1464 2751 licatio
1537 2684 1883 2767 parabolae
1960 2686 2122 2753 haec
2202 2696 2320 2753 est.

359 2770 495 2837 Ubi
556 2768 684 2834 erit
739 2769 1075 2849 Christus,
1145 2771 1167 2834 i
1223 2791 1304 2836 uc
1357 2771 1690 2835 confluent
1747 2792 1831 2836 ex
1896 2778 2030 2837 toto
2075 2772 2322 2838 mundo

360 2855 561 2921 electi
601 2876 846 2920 omnes.
937 2855 1062 2920 Ille
1105 2876 1376 2939 prorsus
1416 2855 1676 2922 diverso
1715 2857 1935 2923 modo:
1983 2858 2094 2923 ubi
2128 2867 2326 2923 erunt

445 2940 652 3019 uilae,
720 2940 879 3007 illuc
957 2962 1076 3006 nos
1140 2947 1441 3024 oportere
1508 2944 1912 3026 congregari.
2002 2941 2083 3009 Si
2176 2951 2324 3009 utat

445 3048 527 3091 eo
570 3025 868 3092 futilibus
912 3026 1323 3106 commentis,
1371 3048 1506 3092 non
1548 3026 1741 3092 modo
1785 3027 2005 3107 obrui,
2047 3049 2117 3095 se
2206 3050 2321 3113 pe-

358 3113 547 3177 nitus
589 3111 731 3177 tolli
789 3133 873 3177 ex
927 3111 1272 3177 hominum
1314 3119 1538 3178 mente
1592 3119 1661 3178 et
1712 3113 2014 3180 cordibus
2059 3135 2322 3180 omnem

358 3197 732 3280 scripturae
769 3197 1253 3276 certitudinem,
1290 3201 1392 3263 est
1425 3219 1543 3264 cur
1578 3196 1720 3264 eius
1744 3199 2093 3265 stultitiam
2130 3201 2321 3284 pueri

360 3303 622 3366 quoque
663 3283 791 3365 ipsi
832 3282 1190 3348 derideant.

541 3366 812 3448 Quanta
867 3389 1023 3436 vero
1067 3369 1155 3434 sit
1198 3367 1673 3435 ecclesiasticae
1717 3367 2087 3435 traditionis
2132 3378 2318 3436 auto-

358 3453 561 3533 ritas,
618 3453 816 3519 Pauli
869 3453 1245 3520 testimonio
1297 3452 1612 3519 ostendit:
1681 3453 1790 3519 ubi
1845 3454 2198 3521 anathema
2251 3463 2320 3521 et

358 3537 742 3604 hominibus
797 3545 864 3604 et
914 3538 1167 3623 angelis
1236 3537 1622 3619 denunciat,
1691 3539 1805 3623 qui
1864 3541 2005 3606 ausi
2074 3541 2321 3607 fuerint

356 3623 446 3688 ali
494 3623 612 3689 uid
652 3623 1058 3709 praedicare,
1102 3631 1365 3707 praeter
1407 3624 1852 3709 evangelium,
1899 3623 2072 3708 quod
2115 3627 2320 3692 semel

358 3708 426 3774 G
498 3711 625 3776 atis
675 3709 1037 3776 tradiderat
1080 3709 1261 3795 (Gal.
1304 3716 1349 3788 Ι,
1375 3711 1464 3795 8).
1553 3714 1702 3789 [pag.
1731 3715 1838 3790 57]
1880 3710 2118 3777 Fuisse
2145 3711 2318 3780 hanc

355 3794 787 3860 traditionem
820 3794 1178 3875 contendit,
1222 3796 1375 3878 quia
1417 3817 1549 3861 non
1576 3794 1656 3860 de
1691 3795 1953 3878 scriptis
1994 3795 2318 3880 loquatur,

355 3879 476 3946 md
502 3881 659 3947 viva
692 3901 869 3947 voce.
926 3881 1166 3947 Dicam
1187 3881 1474 3947 breviter
1499 3879 1581 3947 de
1613 3880 1738 3948 hac
1764 3903 1854 3960 re,
1901 3882 2147 3966 absque
2183 3882 2319 3949 ulla

353 3966 800 4032 contentionis
842 3989 875 4032 s
995 3967 1075 4046 ie,
1119 3966 1292 4050 quod
1328 3966 1490 4032 satis
1531 3966 1725 4031 faciat
1769 3966 1952 4032 bonis
1995 3968 2316 4049 omnibus,

351 4050 680 4136 improbis
722 4072 794 4119 os
836 4073 874 4117 o
919 4058 1152 4117 struat.
1220 4053 1477 4137 Legem
1515 4052 1702 4117 initio
1745 4050 1927 4117 dedit
1969 4053 2316 4136 Dominus,

351 4136 426 4200 in
476 4157 609 4221 qua
662 4137 1025 4203 voluntatis
1070 4158 1226 4203 suae
1282 4137 1731 4204 testimonium
1785 4138 2069 4220 populus
2113 4140 2316 4205 israe·

349 4220 582 4289 liticus
647 4222 937 4289 haberet.
1025 4223 1325 4290 Accessit
1386 4221 1623 4289 deinde
1692 4243 1826 4288 non
1892 4223 2154 4291 diversa
2200 4232 2317 4289 aut

350 4328 567 4387 nova,
626 4307 743 4374 sed
786 4307 1062 4392 amplior
1115 4329 1194 4374 ac
1246 4308 1640 4376 luculentior
1695 4307 1994 4375 doctrina
2036 4330 2118 4376 ex
2164 4330 2313 4393 pro-

348 4392 600 4476 phetis.
686 4394 980 4460 Proinde
1033 4401 1186 4459 ante
1239 4394 1595 4478 prophetas
1648 4394 1788 4460 sola
1841 4394 1952 4460 lex
1997 4396 2313 4460 autorita-

349 4486 495 4544 tem
549 4479 884 4545 indubiam
928 4478 1242 4556 habebat,
1299 4491 1377 4545 ut
1417 4500 1536 4563 pro
1579 4479 1779 4547 verbo
1822 4480 1952 4545 Dei
1993 4482 2124 4547 reci
2211 4503 2314 4548 re-

349 4573 485 4630 tur.
577 4564 822 4631 Postea
862 4586 1068 4648 usque
1118 4565 1277 4630 dum
1327 4564 1576 4630 mundo
1618 4565 2041 4632 exhiberetur
2081 4503 2312 4633 011310-

345 4656 500 4729 tus,
549 4648 698 4735 lege
743 4658 812 4716 et
898 4649 1214 4735 rophetiis
1265 4650 1724 4717 continebatur
1767 4650 2106 4735 scriptura.
2198 4651 2311 4718 Sic

343 4734 662 4801 videmus
710 4755 751 4800 a
791 4672 1059 4803 Obristo
1103 4744 1174 4801 et
1213 4735 1546 4820 apostolis,
1592 4735 1876 4821 Moysen
1920 4745 1989 4803 et
2029 4737 2313 4821 prophe-

341 4827 456 4887 tas
534 4821 752 4900 citari‚
821 4822 1005 4889 velut
1065 4822 1368 4889 classicos
1431 4827 1632 4888 testes
1695 4842 1978 4906 quorum
2045 4824 2309 4906 scripta,

339 4926 493 4971 non
538 4926 731 4973 secus
782 4926 858 4974 ac
899 4907 1200 4992 publicae
1242 4906 1536 4988 tabulae,
1594 4908 1668 4973 in
1709 4908 1951 4991 populo
1995 4907 2124 4974 Dei
2166 4908 2310 4973 sine

338 4992 805 5060 controversia
843 5001 1372 5078 agnoscerentur.
1440 4993 1741 5077 Apostoli
1783 4994 1937 5060 viva
1974 5013 2131 5061 voce
2170 4993 2309 5077 pri-

337 5099 544 5144 mum
577 5079 799 5144 testati
833 5086 1006 5158 sunt,
1086 5078 1218 5146 uod
1252 5078 1376 5145 sibi
1395 5078 1781 5146 mandatum
1815 5086 1973 5145 erat.
2048 5078 2308 5145 Deinde

334 5164 442 5231 sic
489 5163 716 5230 visum
755 5172 858 5231 est
890 5163 1193 5244 Domino,
1232 5171 1309 5230 ut
1349 5185 1614 5231 summa
1652 5164 2153 5248 praedicationis
2196 5184 2306 5231 eo·

571 5265 795 5323 σοιυεω·
825 5280 1012 5337 opem.
1087 5266 1209 5324 Vol.
1242 5266 1343 5321 VI.

1856 280 1983 345 DE
2028 277 2385 346 LIBERO
2428 276 2907 347 ARBITRIO.

4267 291 4396 356 274

2430 486 2583 531 rum
2624 467 2833 533 literis
2867 467 3274 552 proderetur,
3318 490 3446 554 quo
3488 471 3749 558 integra
3789 471 3872 538 ad
3905 482 4200 559 posteros
4242 499 4395 562 per-

2431 551 2707 618 veniret.
2798 552 2952 634 Qua
3009 556 3184 620 enim
3229 554 3359 620 alia
3402 555 3483 622 de
3525 579 3725 624 causa
3768 565 3835 622 et
3874 560 4090 645 legem
4138 571 4206 627 et
4241 584 4394 647 pro-

2430 637 2693 720 phetias
2746 639 3008 722 scriptis
3065 638 3367 706 mandari
3422 641 3660 724 voluit,
3719 644 3851 710 nisi
3905 653 3985 711 ut
4028 645 4111 712 ad
4152 669 4391 732 perpe-

2434 728 2617 787 tuam
2672 725 3055 790 memoriam
3107 732 3399 792 exstaret
3440 735 3620 794 certa
3663 726 3990 812 doctrina,
4046 754 4245 816 quam
4288 757 4391 800 se-

2430 808 2546 888 qui
2588 829 2817 876 omnes
2861 815 3108 875 aetates
3152 809 3507 877 deberent?
3596 813 3770 879 Nam
3868 836 3992 881 uae
4035 825 4138 884 est
4180 818 4390 885 homi-

2430 913 2594 956 num
2640 893 2794 961 hinc
2836 894 3074 961 levitas
3117 902 3185 961 et
3229 896 3700 978 inconstantia,
3743 901 3817 964 in
3862 922 3900 966 0
3939 903 4225 970 novandi
4273 915 4391 972 au·-

2432 975 2620 1042 dacia
2673 984 2740 1043 et
2794 978 3027 1059 libido,
3085 1002 3326 1047 novam
3382 982 3660 1049 subinde
3715 985 4054 1071 religionis
4109 990 4389 1056 formam

2431 1070 2846 1145 appeterent,
2907 1065 3035 1131 nisi
3078 1067 3273 1131 certis
3316 1066 3558 1133 finibus
3602 1068 3967 1150 doctrinae,
4057 1075 4198 1140 nasi
4242 1096 4390 1160 sep-

2431 1148 2519 1211 tis
2597 1148 3018 1230 quibusdam,
3095 1152 3605 1218 continerentur.
3698 1155 3962 1222 Clamat
4096 1162 4385 1228 ominus:

2428 1233 2579 1318 Ego
2623 1233 2793 1298 idem
2851 1256 3000 1300 sum
3043 1257 3334 1321 semper,
3395 1245 3462 1302 et
3506 1259 3641 1304 non
3684 1250 3907 1307 mutor
3949 1242 4138 1328 (Mal.
4188 1251 4246 1326 3,
4295 1247 4385 1333 6).

2428 1318 2691 1383 Verum
2743 1317 2814 1384 id
2867 1341 3105 1404 parum
3156 1320 3526 1405 prodesset,
3584 1323 3713 1389 nisi
3763 1327 3905 1394 eius
3961 1330 4391 1397 stabilitatem

2431 1411 2782 1470 cernerent
2837 1405 3136 1471 homines
3184 1408 3256 1471 in
3300 1406 3530 1488 verbo,
3588 1408 3774 1475 velut
3826 1412 3897 1476 in
3955 1415 4248 1497 speculo:
4309 1423 4389 1482 ut

2431 1487 2593 1553 dum
2635 1490 2899 1556 stabiles
2931 1491 3068 1558 illic
3111 1498 3426 1574 perstant,
3464 1493 3610 1558 Deo
3645 1515 3766 1560 suo
3808 1496 4212 1566 adhaereant
4245 1502 4389 1568 sine

2428 1573 2568 1639 ulla
2607 1575 2989 1641 mutatione.
3078 1578 3260 1661 Ergo
3305 1576 3386 1644 de
3429 1580 3872 1662 apostolorum
3915 1581 4213 1653 doctrina
4253 1588 4388 1654 fac·

2428 1665 2571 1723 tum
2615 1668 2734 1739 est,
2780 1660 2855 1725 ut
2890 1668 3042 1726 ante
3086 1661 3167 1726 de
3208 1662 3587 1747 prophetiis.
3663 1666 3731 1731 N
3731 1685 3816 1731 on
3851 1687 4080 1735 omnes
4123 1672 4390 1754 quidem

2428 1745 2770 1811 conciones
2815 1745 2899 1811 ad
2941 1746 3217 1812 verbum
3261 1755 3572 1831 exceptae
3597 1750 3647 1835 ¹)
3691 1757 3878 1832 sunt,
3926 1753 4044 1819 sed
4085 1754 4158 1820 in
4202 1778 4387 1823 sum-

2426 1850 2608 1894 mam
2671 1838 2897 1895 tamen
2965 1831 3252 1898 fideliter
3316 1833 3657 1900 redactum
3728 1844 3829 1902 est
3891 1846 4107 1904 totum
4162 1861 4391 1908 eorum

2427 1915 2874 1999 evangelium:
2922 1933 3091 1999 quae
3134 1915 3218 1982 ad
3262 1917 3534 2000 plenum
3578 1921 3877 1988 sufficere
3920 1925 4110 1992 nobis
4152 1935 4391 2009 posset.

2425 2000 2608 2084 Ergo
2644 2001 3074 2067 multifariam
3108 2002 3461 2087 multisque
3495 2004 3707 2070 modis
3741 2005 3806 2072 lo
3851 2017 4055 2076 uutus
4090 2018 4193 2077 est
4229 2013 4391 2079 olim

2427 2086 2615 2151 Deus
2640 2106 2759 2169 per
2797 2086 3180 2170 prophetas:
3229 2096 3632 2171 postremum
3678 2092 3750 2155 in
3843 2094 3856 2107 ‘
3887 2101 4031 2160 ecto
4075 2096 4213 2162 filio
4250 2119 4390 2180 suo,

2426 2171 2802 2237 novissimis
2845 2171 3076 2237 diebus
3120 2172 3354 2256 (Hebr.
3404 2178 3459 2252 1,
3506 2174 3590 2259 1).
3681 2174 3822 2241 Cur
3865 2180 4205 2246 novissimi
4250 2180 4389 2251 dies

2428 2263 2753 2321 vocantur
2808 2260 2955 2337 [pag.
2996 2263 3103 2338 58]
3160 2279 3200 2322 a
3263 2256 3514 2324 Christi
3580 2262 4023 2329 revelatione?
4112 2266 4386 2351 Nempe,

2430 2341 2584 2424 quia
2648 2349 3053 2425 postremum
3122 2342 3435 2425 loquutus
3503 2350 3607 2410 est
3659 2346 3860 2412 Deus.
3948 2349 4083 2415 Per
4146 2353 4386 2434 quem?

2428 2446 2549 2511 per
2586 2426 2814 2492 filium.
2905 2426 3086 2508 Quid
3127 2428 3437 2512 loquutus
3473 2428 3619 2494 est?
3709 2429 3791 2496 Id
3833 2439 3912 2497 ut
3953 2435 4258 2516 sciamus,
4304 2437 4389 2503 ad

2427 2517 2696 2595 patrum
2741 2512 3161 2578 traditionem
3204 2534 3326 2578 nos
3371 2514 3652 2599 Pighius
3695 2518 4024 2583 amandat.
4114 2521 4281 2587 Dico
4316 2524 4389 2587 in

2427 2598 2693 2680 scriptis
2748 2598 3123 2682 apostolicis
3180 2599 3529 2665 contineri:
3586 2601 4138 2684 quemadmodum
4183 2605 4385 2672 Ioan-

2427 2703 2549 2748 nes
2592 2684 2877 2749 scribere
2921 2704 2990 2748 se
3035 2690 3346 2763 testatur,
3393 2691 3469 2749 ut
3509 2687 3622 2768 qui
3662 2687 3910 2771 legunt,
3956 2688 4243 2756 habeant
4284 2694 4387 2758 vi-

2427 2774 2568 2832 tam
2624 2775 2961 2834 aeternam
3004 2768 3268 2854 (Ioann.
3318 2772 3422 2853 20,
3461 2770 3592 2854 31).
3682 2772 3865 2856 Ergo
3910 2796 3953 2839 n
4036 2797 4119 2840 ue
4172 2777 4386 2857 Pauli,

2426 2874 2642 2937 neque
2683 2854 2953 2920 alterius
2997 2854 3183 2919 cuius
3229 2855 3361 2920 iam
3396 2856 3708 2939 privatim
3751 2879 4003 2943 evange
4035 2861 4168 2925 ‘um
4210 2883 4388 2928 nunc

2426 2937 2776 3019 habemus,
2858 2939 2976 3005 sed
3039 2939 3159 3006 illu
3267 2960 3578 3007 vocamus
3648 2942 4007 3010 catholicae
4073 2945 4388 3014 ecclesiae

2425 3024 2860 3123 evangelium,
2905 3023 3080 3124 quod
3109 3027 3180 3090 in
3202 3025 3427 3091 literas
3460 3026 3803 3092 redactum
3822 3030 4007 3096 Deus
4027 3052 4148 3114 pro
4182 3034 4387 3100 verbo

2423 3116 3082 3277 {Yutffffisssst
3099 3109 4386 3282 {ffiffinzssfflhzffffiffitss

2422 3279 2678 3346 Paulus
2721 3217 3063 3364 ffliquoties
3106 3281 3540 3360 commendat,
3587 3303 3667 3347 ea
3702 3289 3900 3350 causa
3923 3285 4097 3364 facit,
4142 3294 4218 3351 ut
4259 3308 4383 3370 pu-

2419 3385 2566 3430 ram
2609 3371 2678 3431 et
2716 3386 3103 3450 germanam
3137 3364 3388 3431 Christi
3424 3365 3785 3432 doctrinam
3831 3389 3871 3432 a
3912 3370 4142 3436 fictitio
4182 3392 4382 3454 pseu-

2424 3449 2954 3535 doapostolorum
3041 3450 3382 3534 evangelio
3458 3450 3801 3517 discernat.
3890 3453 4066 3519 Nam
4147 3461 4216 3522 et
4285 3456 4384 3522 illi

2424 3535 2775 3601 Christum
2815 3534 3193 3621 praedicare
3249 3556 3319 3601 00
3363 3534 3717 3602 iactabant:
3779 3559 3983 3621 quum
4027 3539 4167 3606 0100
4210 3540 4384 3607 inte-

2420 3641 2536 3686 rea
2569 3621 2837 3686 nomine
2880 3619 3310 3686 abuterentur
3353 3619 3438 3687 ad
3477 3623 3826 3687 veritatem
3862 3621 4381 3693 adulterandam.

2423 3704 2734 3789 Oportuit
2789 3727 2947 3792 ergo
2993 3727 3237 3790 purum
3291 3714 3357 3771 et
3400 3706 3733 3773 sincerum
3777 3709 4201 3794 evangelium
4245 3713 4380 3778 sin-

2421 3792 2638 3876 gulari
2683 3792 2899 3875 aliqua
2951 3799 3107 3857 nota
3159 3791 3519 3876 designari,
3576 3814 3661 3858 ne
3711 3814 3830 3875 pro
3875 3793 4128 3860 Christi
4184 3797 4384 3864 verbo

2420 3876 2648 3943 fideles
2690 3876 3385 3961 pseudoapostolorum
3427 3879 3474 3943 fi
3590 3884 3747 3942 enta
3788 3881 4214 3963 susciperent.

2592 3964 2850 4029 Verum
2875 3963 3211 4042 Irenaeus,
3269 3963 3425 4028 'fert
3551 3983 3738 4044 anus,
3785 3962 4130 4050 Origenes,
4177 3986 4380 4049 quum

2421 4048 2504 4113 de
2561 4046 2645 4113 do
2761 4047 2974 4114 atibus
3028 4054 3363 4114 certamen
3429 4048 3750 4113 haberent
3798 4072 3948 4116 cum
4014 4050 4381 4131 haereticis,

2418 4155 2552 4199 non
2724 4135 3100 4217 scripturas,
3146 4133 3261 4200 sed
3307 4133 3390 4198 ad
3425 4132 3735 4200 ecclesiae
3778 4134 4194 4201 traditionem
4276 4157 4382 4201 ro-

2415 4227 2755 4286 vocaruut.
2866 4218 3155 4285 Perinde
3221 4219 3361 4303 agit
3425 4218 3738 4304 Pighius,
3819 4242 3895 4287 ac
3967 4220 4025 4286 si
4088 4243 4204 4305 sep
4276 4227 4381 4288 tos

2418 4302 2596 4389 apud
2639 4327 2709 4371 se
2750 4303 3026 4371 haberet
3065 4324 3297 4369 eorum
3338 4303 3570 4383 libros,
3622 4326 3707 4369 ne
3758 4311 3895 4369 tam
3939 4308 4149 4390 aperti
4191 4327 4379 4372 men-

2417 4391 2585 4456 dacii
2641 4411 2865 4456 eorum
2922 4389 3202 4456 lectione
3267 4390 3785 4455 convinceretur.
3885 4391 4130 4457 Fateor
4193 4392 4377 4477 equi-

2415 4474 2567 4541 dem
2621 4483 2688 4540 et
2741 4496 2886 4541 eam
2940 4476 3022 4540 ab
3063 4475 3226 4558 ipsis
3281 4475 3556 4557 proferri
3600 4474 3675 4538 in
3728 4474 4048 4556 medium,
4105 4484 4183 4542 ut
4236 4478 4379 4544 eius

2415 4561 2767 4627 autoritate
2808 4581 3073 4628 causam
3115 4580 3308 4624 suam
3349 4558 3711 4640 stabiliant,
3757 4567 3826 4625 et
3869 4560 3950 4626 de
3993 4582 4073 4627 ea
4113 4561 4377 4629 honori-

2413 4648 2607 4714 ficam
2648 4647 2861 4713 facere
2901 4646 3322 4711 mentionem.
3412 4643 3547 4711 Sed
3588 4644 3995 4728 inspicienda
4037 4653 4167 4728 est,
4231 4656 4378 4714 tum

2413 4733 2601 4812 ratio,
2646 4739 2789 4797 tum
2831 4730 3322 4798 circumstantia
3365 4735 3734 4814 temporum
3747 4782 3765 4812 ,
3809 4739 3956 4797 tum
3998 4734 4195 4798 etiam
4234 4754 4375 4798 mo-

2413 4817 2541 4884 dus
2583 4823 2650 4884 et
2689 4821 3278 4901 temperamentum
3311 4836 3438 4900 quo
3480 4821 3777 4883 utuntur.
3843 4817 4198 4903 Negotium
4232 4824 4378 4883 erat

2513 5105 2612 5232 up
2649 5105 2919 5175 ffinoeps
2961 5109 3013 5161 et
3051 5104 3338 5161 Gallan‘us
3383 5105 3611 5162 habent.-
3653 5110 3975 5176 excerptam
4027 5103 4250 5161 oanan.-
4286 5120 4371 5161 re·

2410 5194 2510 5237 cue
2574 5193 2638 5234 is.

3896 5256 3964 5312 18
