4967 5992
518 325 680 413 495'
2131 343 2259 409 DE
2303 341 2944 412 NECESSITATE
4416 346 4534 408 496

517 535 771 619 legibus
815 534 1057 599 liberas
1105 543 1172 598 et
1217 532 1462 598 solutas
1508 553 1648 597 esse
1707 531 2065 597 docuimus.
2156 532 2353 597 Hanc
2397 530 2477 594 li-

513 624 851 696 bertatem,
900 641 1066 702 quae
1105 619 1423 700 acquisita
1456 627 1631 683 esset
1667 616 1919 682 Christi
1955 618 2299 702 sanguine,
2347 637 2479 680 non

514 728 656 772 esse
711 704 1252 788 prostituendam.
1342 704 1425 767 In
1480 702 1606 767 hac
1647 724 1843 768 causa
1887 704 1942 768 si
1979 704 2124 786 quis
2167 724 2289 766 nos
2333 723 2479 767 reos

512 792 729 870 faciat,
775 790 999 854 trahat
1041 791 1113 854 in
1159 789 1440 854 eundem
1486 788 1682 854 simul
1727 796 1984 853 reatum
2031 799 2098 853 et
2131 788 2475 852 Christum

515 887 582 942 et
624 877 952 961 apostolos
1011 896 1273 941 necesse
1328 884 1443 939 est.
1533 873 1833 939 Necdum
1879 874 2007 938 alia
2049 874 2250 950 mala,
2311 893 2479 956 quae

517 984 638 1029 nos
680 964 754 1028 in
798 962 1124 1027 humanas
1173 959 1561 1026 traditiones
1604 959 1834 1025 invehi
1871 970 2267 1043 coegerunt,
2316 980 2477 1023 6011-

516 1070 718 1114 111610.
809 1049 960 1113 Ι)110
1005 1055 1265 1112 tantum
1312 1066 1580 1129 ponam:
1627 1046 1864 1127 quibus
1909 1045 2183 1123 auditis,
2240 1065 2478 1127 aequos

519 1155 748 1199 omnes
783 1134 1059 1198 lectores
1094 1140 1436 1198 contentos
1473 1133 1608 1196 fore
1654 1130 1931 1196 confido.
2006 1132 2267 1213 Nempe
2305 1129 2478 1212 quod

520 1242 746 1285 earum
792 1219 1165 1296 nonnullae,
1212 1240 1412 1301 quum
1446 1217 1843 1301 praestandi,
1889 1216 2057 1300 quod
2105 1216 2477 1300 exigebant,

519 1306 895 1372 facultatem
949 1303 1375 1381 excederent,
1447 1303 1613 1367 nihil
1680 1324 1878 1384 quam
1946 1301 2027 1366 ad
2069 1301 2479 1387 ,hypocrisin

518 1391 864 1467 inducere,
935 1389 1038 1455 vel
1095 1391 1167 1454 in
1225 1389 1748 1471 desperationem
1804 1388 2125 1453 coniicere
2183 1389 2479 1453 homines

603 1487 800 1542 ssent.
890 1475 972 1540 In
1016 1474 1320 1539 omnibus
1364 1484 1585 1537 autem
1629 1495 1755 1538 usu
1801 1484 2099 1551 venerat,
2148 1472 2320 1556 quod
2365 1495 2479 1537 ex-

520 1561 872 1647 probrabat
895 1560 1204 1627 Christus
1228 1559 1636 1625 Pharisaeis:
1695 1566 1771 1623 ut
1814 1567 2084 1641 propter
2136 1580 2246 1624 eas
2291 1559 2482 1623 irrita

520 1651 760 1714 fierent
803 1646 1115 1711 mandata
1159 1646 1303 1710 Dei.

691 1732 1023 1814 Exempla
1068 1732 1197 1797 huc
1243 1730 1594 1806 adducam,
1655 1730 1894 1813 quibus
1951 1730 2020 1794 id
2064 1731 2275 1814 magis
2332 1752 2480 1813 per-

526 1821 832 1902 spicuum
887 1820 1017 1881 fiet.
1108 1818 1265 1881 'Pria
1308 1827 1501 1892 sunt,
1558 1815 1637 1880 de
1679 1816 1914 1898 quibus
1960 1816 2246 1881 maxime
2291 1816 2481 1881 nobis

528 1912 946 1969 succensent:
997 1902 1168 1984 quod
1195 1903 1480 1966 liberum
1515 1902 1860 1966 fecerimus
1895 1903 2123 1983 quovis
2162 1901 2266 1966 die
2292 1922 2480 1965 esum

525 1989 853 2068 carnium;
888 1988 1057 2069 quod
1087 1988 1531 2054 sacerdotibus
1554 1988 1933 2070 coniugium
1962 1988 2483 2069 permiserimus;

527 2074 700 2157 quod
768 2085 1082 2138 secretam
1158 2073 1658 2150 confessionem,
1736 2094 1902 2155 quac
1981 2072 2064 2137 ad
2130 2072 2485 2139 sacerdotis

531 2166 681 2241 [pag.
708 2164 814 2238 71]
850 2179 1074 2224 aurem
1109 2157 1935 2246 fiebat,repudiaverimus.
2015 2158 2489 2242 Respondeant

527 2245 692 2309 mihi
733 2245 905 2309 bona
948 2245 1075 2310 fide
1111 2244 1492 2322 adversarii,
1539 2265 1623 2308 an
1666 2265 1797 2308 non
1843 2245 2138 2326 asperius
2174 2246 2486 2327 puniatur

527 2329 702 2413 apud
746 2351 873 2409 eos,
922 2332 1034 2414 qui
1077 2352 1341 2397 carnem
1386 2331 1492 2395 die
1535 2330 1819 2394 Veneris
1859 2333 2241 2413 gustaverit,
2287 2350 2485 2412 quam

528 2418 640 2500 qui
682 2424 817 2479 toto
863 2417 1018 2482 anni
1066 2438 1260 2481 cursu
1306 2416 1566 2481 assidue
1611 2425 1937 2481 scortatus
1984 2415 2114 2480 sit?
2206 2416 2315 2480 An
2352 2437 2484 2480 non

526 2502 873 2585 capitalius
930 2515 1232 2568 censetur
1282 2503 1562 2580 crimen,
1630 2501 1687 2566 si
1745 2521 2017 2565 uxorem
2074 2499 2337 2565 duxerit
2381 2523 2484 2566 sa-

526 2587 779 2666 cerdos,
842 2610 1038 2671 quam
1096 2589 1150 2652 si
1208 2587 1455 2652 centies
1512 2587 1583 2650 in
1633 2585 1955 2650 adulterio
2008 2587 2210 2651 fuerit
2253 2585 2484 2670 depre-

527 2672 818 2739 hensus?
909 2675 1019 2737 An
1065 2695 1198 2737 000
1245 2672 1501 2737 facilius
1545 2672 1928 2755 ignoscunt,
1987 2674 2044 2736 si
2088 2672 2231 2755 quis
2278 2671 2486 2737 multa

526 2757 659 2823 Dei
710 2767 1062 2841 praecepta
1115 2758 1612 2838 contempserit,
1682 2776 1877 2838 quam
1936 2757 1993 2821 si
2046 2767 2312 2840 peccata
2366 2779 2488 2823 sua

527 2843 928 2928 neglexerit,
996 2842 1199 2906 semel
1263 2842 1642 2923 quotannis,
1711 2842 1782 2904 in
1847 2863 2072 2907 aurem
2131 2841 2485 2908 sacerdotis

528 2927 870 2992 confiteri?
963 2927 1195 3007 Quale,
1235 2927 1529 3005 obsecr0,
1572 2934 1983 3009 portentum,
2030 2927 2342 2993 delictum
2384 2930 2485 2993 vi-

530 3013 676 3078 deri
717 3012 862 3080 leve
891 3019 957 3077 et
982 3013 1181 3078 venia
1203 3012 1498 3096 dignum,
1545 3013 1603 3076 si
1647 3015 1794 3094 quis
1839 3021 2322 3079 sacrosanctam
2359 3015 2486 3079 Dei

527 3097 747 3183 legem
799 3097 1172 3165 violaverit:
1233 3099 1291 3164 si
1350 3099 1496 3181 quis
1552 3105 1772 3163 autem
1838 3098 2182 3165 hominum
2245 3101 2484 3182 placita

529 3191 983 3268 transgressus
1026 3185 1242 3264 fuerit,
1288 3183 1500 3250 scelus
1543 3185 1940 3269 inexpiabile
1984 3185 2260 3251 haberi?
2333 3186 2488 3251 Non

528 3277 631 3337 est
671 3268 935 3353 quidem
977 3290 1228 3338 novum
1270 3270 1679 3353 exemplum,
1725 3272 1949 3336 fateor.
2037 3271 2211 3336 Nam
2255 3279 2322 3336 et
2362 3272 2488 3337 hu·-

526 3356 632 3421 ius
672 3354 1042 3439 pravitatis,
1087 3355 1637 3439 quemadmodum
1683 3357 1839 3436 dixi,
1884 3357 2225 3423 insimulat
2258 3358 2490 3424 Chris-

528 3449 637 3507 tus
679 3442 1103 3520 PharisanS,
1149 3442 1323 3524 quod
1366 3450 1637 3525 propter
1671 3463 1821 3508 suas
1876 3442 2257 3510 traditiones
2299 3444 2492 3509 irrita

528 3528 775 3593 faciant
816 3527 1131 3592 mandata
1173 3527 1306 3593 Dei
1352 3528 1619 3612 (Matth.
1667 3533 1760 3608 15,
1806 3528 1893 3613 6).
1971 3530 2157 3595 Haec
2184 3551 2343 3596 vero
2372 3529 2489 3594 illa

530 3621 634 3678 est
675 3612 1070 3679 Antichristi
1124 3614 1529 3698 arrogantia,
1584 3612 1665 3678 de
1710 3635 1842 3697 qua
1882 3613 2174 3698 loquitur
2214 3615 2485 3693 Paulus,

529 3697 702 3781 quod
758 3698 986 3764 sedeat
1033 3699 1108 3763 in
1151 3700 1394 3781 templo
1436 3699 1595 3778 Dei,
1653 3707 1991 3765 ostentans
2045 3723 2115 3766 se
2171 3723 2288 3784 pro
2341 3702 2486 3766 Deo

531 3786 599 3869 (2
641 3784 871 3849 Thess.
911 3788 970 3861 2,
1010 3786 1101 3868 4).
1189 3783 1322 3851 Ubi
1375 3785 1552 3850 enim
1593 3784 2127 3867 incomparabilis
2170 3785 2302 3851 Dei
2346 3808 2486 3852 ma-

530 3872 765 3948 iestas,
824 3879 1172 3952 postquam
1217 3870 1348 3935 huc
1391 3869 1686 3936 mortalis
1731 3871 1927 3936 homo
1971 3879 2321 3953 provectus
2365 3879 2485 3950 est,

530 3965 605 4021 ut
670 3956 810 4021 eius
862 3954 1047 4039 leges
1117 3956 1401 4021 aeternis
1454 3957 1584 4020 Dei
1637 3956 1917 4023 decretis
1984 3958 2483 4040 praeferantur?

531 4040 786 4108 Omitto
861 4040 1034 4124 quod
1108 4041 1401 4107 ciborum
1468 4049 1535 4106 et
1608 4043 1895 4128 coniugii
1959 4043 2485 4126 prohibitionem,

530 4127 897 4193 doctrinam
940 4125 1432 4192 daemoniorum
1486 4148 1569 4211 ap
1619 4127 1777 4192 ellat
1827 4128 2157 4211 apostolus
2202 4130 2228 4210 (
2244 4136 2261 4191 l
2317 4130 2486 4194 Tim.

531 4219 591 4292 4,
630 4214 717 4299 3).
807 4213 893 4277 In
937 4234 1013 4278 eo
1056 4211 1323 4295 quidem
1365 4214 1499 4278 iam
1539 4234 1581 4296 p
1609 4234 1690 4278 us
1733 4215 1894 4278 satis
1934 4214 2110 4279 mali.
2201 4212 2337 4280 Sed
2380 4215 2489 4281 1110

532 4320 879 4382 supremus
925 4306 1027 4364 est
1068 4300 1424 4382 impietatis
1469 4299 1800 4378 cumulus,
1842 4299 2072 4365 altiore
2115 4301 2326 4385 gradu
2369 4301 2488 4366 ho·

531 4386 775 4465 minem
818 4384 1133 4451 collocare
1148 4437 1163 4463 ,
1223 4407 1421 4469 quam
1463 4383 1704 4450 Deum.
1794 4382 1872 4450 Si
1917 4394 2169 4471 negant
2225 4407 2331 4451 me
2374 4407 2489 4452 ve-

533 4489 684 4533 rum
726 4470 959 4549 dicere,
1005 4491 1126 4555 ego
1169 4471 1252 4536 ad
1294 4493 1435 4535 rem
1479 4491 1780 4555 provoco.

705 4555 850 4619 Iam
878 4554 1048 4621 duae
1083 4557 1259 4637 illae,
1301 4558 1385 4623 (16
1412 4556 1735 4623 caelibatu
1759 4565 1827 4622 et
1859 4556 2212 4623 auriculari
2239 4557 2490 4624 confes-

535 4637 748 4716 sione,
800 4639 980 4722 leges
1023 4642 1182 4724 quid
1225 4641 1406 4709 aliud
1447 4651 1607 4709 sunt
1659 4664 1857 4726 quam
1899 4643 2078 4708 dirae
2118 4643 2491 4710 animarum

540 4729 690 4804 [pag.
713 4737 761 4822 ‘7
772 4728 836 4801 2]
895 4728 1353 4794 carnificinae?
1441 4729 1538 4795 Ut
1589 4750 1815 4796 omnes
1872 4729 2298 4797 ecclesiarum
2365 4731 2490 4794 mi-

535 4809 732 4874 nistri
800 4816 1185 4907 perpetuam
1264 4816 1630 4881 castitatem
1712 4823 2012 4882 voveant.
2105 4816 2278 4880 Voto
2333 4836 2490 4882 000-

539 4901 745 4977 cept0,
786 4915 872 4958 ne
983 4979 997 4993 ·
1082 4917 1371 4980 unquam
1414 4921 1652 4966 uxores
1696 4901 1936 4967 ducere
1981 4903 2080 4967 fas
2124 4902 2231 4967 sit.
2309 4900 2490 4983 Quid

538 4981 595 5045 si
639 4980 1082 5046 continentiae
1135 4981 1305 5049 dono
1368 4984 1669 5067 privatus
1712 4987 1992 5052 uratur?
2080 4986 2314 5065 Nulla,
2385 4987 2489 5052 10-

538 5065 805 5149 quiunt,
849 5066 1144 5148 exceptio
1185 5068 1294 5134 hic
1336 5069 1551 5135 locum
1595 5071 1851 5137 habeat.
1940 5074 2038 5137 At
2079 5072 2492 5155 experientia

537 5149 846 5230 ostendit,
891 5159 1137 5234 quanto
1179 5154 1630 5237 praestitisset,
1677 5177 2012 5239 nunquam
2045 5157 2491 5223 sacerdotibus

535 5236 915 5320 impositum
974 5258 1119 5305 6666
1175 5239 1299 5306 1100
1353 5239 1611 5323 iugum,
1669 5261 1867 5323 quam
1908 5243 1982 5307 in
2035 5244 2296 5309 fornace
2338 5243 2490 5308 libi-

2584 533 2816 597 dinum
2867 531 3156 597 inclusos
3211 537 3527 615 perpetuo
3583 529 3883 595 incendio
3938 539 4259 596 aestuare.
4349 532 4539 598 Reci-

2583 626 2729 682 tant
2771 617 3136 683 adversarii
3177 617 3582 701 virginitatis
3624 616 3885 682 laudes:
3931 617 4214 682 recitant
4256 623 4325 681 et
4367 637 4539 682 com·

2583 702 2778 768 moda
2818 702 3198 780 caelibatus,
3245 724 3373 786 quo
3410 724 3542 767 non
3589 709 3841 767 temere
3864 702 4295 768 interdictum
4325 723 4537 769 sacer-

2584 789 2842 855 dotibus
2896 788 3100 854 fuisse
3147 788 3528 872 coniugium
3585 789 3912 853 evincant.
4003 787 4341 854 Decorum
4387 809 4541 871 quo·

2583 895 2709 957 que
2754 881 2823 940 et
2865 874 3279 939 honestatem
3321 872 3700 939 obtendunt.
3774 872 3911 939 Sed
3960 895 4045 938 an
4089 873 4197 938 his
4241 873 4542 940 omnibus

2584 961 2885 1038 efficient,
2924 968 3000 1024 ut
3042 960 3312 1042 laqueos
3355 957 3624 1024 iniicere
3666 959 3866 1025 liceat
3899 959 4335 1038 conscientiis,
4380 981 4545 1042 quas

2584 1067 2720 1110 non
2776 1047 2967 1110 modo
3028 1046 3275 1111 solutas
3342 1053 3408 1111 et
3479 1043 3720 1110 liberas
3787 1044 4146 1128 reliquerat
4213 1044 4542 1124 Christus,

2584 1131 2698 1197 sed
2741 1132 2812 1195 in
2856 1132 3228 1197 libertatem
3273 1132 3492 1208 etiam,
3540 1151 3660 1195 sua
3702 1132 4068 1206 autoritate,
4115 1132 4349 1213 suique
4392 1153 4543 1196 san-

2585 1217 2804 1300 guinis
2872 1217 3079 1300 pretio
3158 1216 3570 1282 asseruerat?
3658 1216 3808 1280 Hoc
3870 1217 4084 1282 facere
4148 1237 4283 1281 non
4350 1216 4547 1282 audet

2585 1303 2835 1368 Paulus
2890 1304 2952 1387 (l
3009 1301 3157 1369 001.
3199 1307 3257 1381 7,
3298 1305 3429 1385 35).
3516 1301 3714 1367 Unde
3770 1302 3976 1385 igitur
4032 1302 4195 1367 haec
4248 1323 4423 1368 nova
4466 1303 4544 1366 li-

2584 1388 2842 1454 centia?
2932 1388 3213 1468 Deinde,
3260 1397 3335 1452 ut
3376 1390 3446 1453 in
3489 1386 3744 1453 coelum
3777 1386 4079 1452 laudibus
4112 1388 4368 1453 feratur
4410 1389 4545 1453 vir-

2586 1474 2857 1557 ginitas,
2917 1474 3074 1556 quid
3116 1473 3241 1538 1100
3285 1473 3367 1538 ad
3413 1473 3824 1540 sacerdotum
3882 1471 4308 1551 caelibatum,
4364 1475 4547 1540 cuius

2586 1559 3024 1624 obscoenitate
3081 1560 3282 1623 foetet
3338 1567 3517 1625 totus
3580 1556 3908 1622 mundus?
4011 1556 4088 1624 Si
4154 1559 4547 1636 castitatem,

2585 1665 2784 1727 quam
2830 1644 3028 1709 verbo
3086 1646 3509 1727 profitentur,
3564 1667 3636 1709 re
3693 1643 3838 1727 ipsa
3891 1643 4349 1722 ostenderent,
4405 1653 4551 1710 tum

2585 1731 2717 1795 illis
2762 1731 2927 1795 forte
2970 1732 3453 1812 permitterem,
3510 1740 3585 1794 ut
3626 1728 3860 1794 decere
3905 1729 4001 1794 ita
4044 1731 4188 1794 fieri
4232 1729 4547 1796 dicerent.

2588 1816 2783 1880 Nunc
2825 1823 3047 1881 autem
3088 1838 3289 1898 quum
3330 1836 3526 1880 nemo
3570 1837 3701 1880 non
3745 1816 4023 1893 noverit,
4067 1816 4358 1899 coniugii
4399 1837 4552 1899 pro-

2590 1902 2973 1967 hibitionem
3048 1922 3190 1966 esse
3256 1901 3702 1967 sacerdotibus
3778 1900 4108 1967 scortandi
4185 1901 4548 1968 licentiam:

2589 2009 2719 2070 qua
2759 1988 2993 2065 fronte,
3040 1987 3327 2065 obsecre,
3373 1987 3579 2051 ullam
3625 1986 3845 2052 decori
3888 1987 4293 2051 mentionem
4338 1988 4553 2054 facere

2590 2072 2877 2138 audent?
2952 2073 3256 2153 Quorum
3298 2094 3458 2138 vero
3502 2093 3632 2137 non
3678 2079 3780 2137 est
3823 2071 4212 2156 pervulgata
4253 2073 4550 2153 infamia,

2590 2180 2743 2224 cum
2785 2158 2919 2224 illis
2963 2178 3049 2222 ne
3091 2158 3258 2223 mihi
3303 2157 3416 2223 (1111
3459 2157 3797 2241 disputare
3846 2177 4112 2223 necesse
4155 2158 4260 2236 sit,
4308 2181 4420 2224 eos
4466 2160 4551 2225 ad

2590 2245 2719 2309 Dei
2764 2243 3052 2309 tribunal
3097 2265 3358 2322 revocO,
3404 2252 3480 2308 ut
3518 2244 3654 2309 illic
3699 2243 3780 2308 de
3824 2263 3943 2309 sua
3984 2245 4299 2326 pudicitia
4340 2244 4551 2312 disse—

2590 2338 2758 2394 rant.
2850 2329 3156 2413 Excipiet
3212 2330 3475 2412 aliquis,
3533 2330 3778 2393 nemini
3823 2330 4072 2412 imponi
4115 2329 4367 2413 legem,
4421 2331 4553 2397 nisi

2590 2416 2701 2498 qui
2742 2423 2980 2498 sponte
3023 2417 3299 2480 voverit.
3388 2417 3483 2481 At
3524 2436 3689 2498 quae
3733 2416 3940 2479 maior
3988 2417 4346 2481 necessitas
4388 2418 4555 2502 fingi

2590 2509 2820 2584 potest,
2868 2522 3065 2584 quam
3110 2500 3270 2565 dum
3314 2500 3397 2565 6(1
3438 2499 3819 2568 vovendum
3863 2501 4150 2584 cogunt?
4244 2505 4397 2581 [pag.
4445 2508 4554 2582 73]

2592 2585 2916 2652 Omnibus
2962 2586 3400 2652 denunciatur
3442 2585 3605 2653 haec
3644 2586 3949 2663 conditio,
3995 2608 4080 2651 ne
4123 2587 4274 2670 quis
4320 2587 4405 2653 ad
4446 2608 4555 2653 sa-

2591 2671 2860 2738 cerdotii
2901 2671 3198 2737 ordinem
3239 2671 3657 2749 admittatur,
3712 2673 3822 2754 qui
3867 2692 4004 2736 non
4047 2694 4118 2738 se
4163 2674 4353 2755 prius
4398 2682 4555 2740 voto

2591 2757 2674 2823 ad
2717 2766 3109 2841 perpetuum
3153 2758 3546 2823 caelibatum
3589 2758 4033 2823 obstrinxerit.
4092 2757 4232 2840 Qui
4274 2760 4553 2839 voverit,

2592 2845 2794 2908 etiam
2834 2844 3084 2909 invitus
3129 2853 3399 2927 cogatur
3443 2842 3526 2908 ad
3568 2842 4070 2927 praestandum,
4128 2842 4299 2927 quod
4340 2845 4551 2909 semel

2592 2930 2869 3012 recepit:
2937 2950 3058 2994 nec
3123 2928 3261 2993 ulla
3324 2930 3659 2994 excusatio
3715 2930 3786 2993 in
3843 2930 4235 2994 contrariam
4286 2939 4554 3012 partem

2591 3013 2920 3080 audiatur.
3007 3015 3251 3080 Postea
3291 3015 3744 3080 voluntarium
3796 3035 3939 3080 esse
3984 3013 4242 3092 dicunt,
4296 3016 4411 3097 qui
4454 3016 4560 3083 sic

2591 3101 2897 3184 exigitur,
2937 3100 3347 3166 caelibatum.
3439 3100 3633 3181 Quod
3687 3107 3914 3165 autem
3958 3101 4247 3185 coniugii
4301 3102 4559 3168 incom-

2593 3186 2815 3263 moda,
2875 3194 2942 3252 et
2986 3186 3326 3252 commoda
3368 3187 3726 3252 caelibatus
3769 3195 4134 3264 recensent,
4180 3187 4559 3254 rhetoribus

2592 3271 3080 3339 concedendum
3125 3280 3242 3351 est,
3289 3279 3366 3336 ut
3409 3271 3490 3337 de
3528 3272 3611 3339 iis
3654 3273 3849 3338 rebus
3892 3272 4375 3340 declamitando
4417 3281 4559 3359 sty-

2592 3358 2734 3423 lum
2777 3359 2849 3422 in
2892 3358 3133 3423 scholis
3176 3365 3545 3424 exerceant.
3634 3357 3892 3424 Verum
3935 3358 4254 3443 quidquid
4300 3359 4557 3427 dictum

2591 3444 2817 3523 fuerit,
2876 3445 3045 3508 tanti
3098 3457 3240 3509 esse
3295 3465 3433 3509 non
3487 3443 3712 3524 debet,
3768 3453 3844 3510 ut
3897 3453 4247 3529 propterea
4306 3445 4564 3511 exitiali

2591 3529 2822 3613 laqueo
2879 3529 3243 3594 induantur
3299 3530 3577 3596 miserae
3631 3531 3921 3610 animae,
3977 3552 4263 3614 quocum
4318 3531 4565 3598 luctari

2590 3622 2902 3699 perpetuo
2920 3667 2935 3693 ,
2994 3615 3200 3682 donec
3244 3617 3692 3700 strangulatae
3734 3617 4010 3695 fuerint,
4057 3623 4378 3700 oporteat.
4466 3619 4567 3685 Et

2591 3710 2816 3767 tamen
2859 3702 2932 3765 in
2974 3708 3114 3766 tam
3153 3702 3481 3785 flagitiosa
3513 3702 3940 3785 turpitudine,
3987 3702 4164 3785 quod
4199 3703 4566 3770 ridiculum

2592 3795 2721 3867 est,
2779 3787 2994 3852 locum
3037 3788 3400 3853 etiamnum
3456 3787 3654 3852 habet
3698 3789 4079 3874 hypocrisis.
4170 3789 4352 3855 Nam
4394 3812 4565 3873 qua-

2588 3874 2944 3956 lescunque
2987 3873 3150 3951 sint,
3209 3873 3513 3939 meliores
3570 3883 3790 3940 tamen
3845 3896 3917 3940 se
3961 3874 4087 3940 1100
4141 3877 4410 3941 nomine
4432 3896 4561 3941 Te·-

2591 3966 2855 4042 putant,
2912 3957 3083 4041 quod
3128 3966 3354 4024 carent
3407 3958 3743 4026 uxoribus.
3834 3959 4287 4028 Confessionis
4328 3960 4561 4026 eadem

2592 4051 2696 4109 est
2737 4065 2950 4109 causa.
3019 4044 3357 4111 Utilitates
3398 4046 3575 4110 enim
3609 4045 3945 4130 colligunt,
3991 4068 4159 4129 quae
4200 4047 4355 4112 inde
4393 4066 4560 4112 000-

2592 4138 2980 4214 sequuntur.
3044 4131 3249 4196 Nobis
3292 4151 3376 4195 ex
3411 4130 3687 4198 adverso
3731 4152 3866 4197 non
3905 4132 4127 4198 minus
4172 4139 4569 4217 promptum

2594 4223 2719 4294 est,
2780 4216 3071 4299 pericula
3122 4238 3259 4281 non
3314 4237 3522 4299 pauca
3569 4217 3890 4296 indicare,
3949 4239 4119 4301 quae
4172 4219 4412 4284 merito
4470 4219 4568 4283 ti-

2593 4302 2834 4367 menda
2886 4302 3047 4367 sint:
3105 4302 3429 4387 plurimas
3482 4304 3683 4368 etiam
3740 4313 3808 4368 et
3859 4304 4289 4387 gravissimas
4342 4325 4573 4372 noxas

2593 4388 2870 4466 referre,
2915 4409 3084 4470 quae
3126 4389 3281 4454 inde
3325 4396 3697 4454 manarunt.
3754 4390 4001 4468 ·Hacc,
4047 4390 4345 4473 inquam,
4392 4400 4579 4457 sunt

2593 4481 3013 4558 argumenta,
3070 4474 3152 4540 de
3203 4473 3440 4558 quibus
3483 4474 3557 4539 in
3610 4483 3960 4558 utramque
4012 4483 4269 4559 partem
4320 4474 4577 4558 dispu-

2595 4565 2738 4624 tare
2780 4558 2993 4624 liceat.
3083 4561 3177 4625 At
3230 4568 3550 4644 perpetua
3604 4568 3706 4626 est
3749 4560 4002 4627 Christi
4059 4561 4287 4646 regula
4302 4611 4318 4638 ,
4376 4581 4579 4643 quae

2594 4666 2715 4711 nec
2758 4645 3001 4709 mutari
3057 4667 3176 4712 nec
3215 4647 3394 4712 flecti
3445 4646 3577 4712 huc
3618 4646 3730 4712 vel
3783 4646 3941 4712 illuc
3982 4655 4232 4730 potest,
4291 4646 4425 4712 imo
4482 4649 4587 4718 de

2594 4751 2722 4814 qua
2775 4732 2961 4796 nefas
3013 4739 3116 4796 est
3170 4752 3433 4800 movere
3487 4734 4029 4799 controversiam:
4090 4753 4177 4798 06
4233 4734 4587 4804 servitute

2594 4824 2963 4902 urgeantur
2997 4818 3449 4884 conscientiae.
3539 4818 3895 4883 Praeterea
3937 4818 4262 4884 eiusmodi
4300 4819 4414 4884 lex
4465 4831 4589 4889 661

2593 4923 2790 4985 quam
2829 4910 3092 4987 urgent,
3137 4913 3212 4968 ut
3246 4924 3381 4968 non
3424 4904 3553 4969 nisi
3587 4904 3961 4970 excruciare
4002 4904 4262 4970 animas
4296 4913 4371 4970 et
4412 4913 4587 4975 tnn-

2594 4987 2745 5053 dem
2817 4989 3123 5073 iugulare
3195 4990 3418 5072 possit.
3509 4988 3702 5055 Iubet
3774 4991 3954 5054 enim
4016 5010 4592 5076 unumquemque

2594 5094 2715 5140 sua
2754 5082 3022 5156 peccata
3055 5076 3277 5139 omnia
3311 5075 3663 5157 quotannis
3709 5079 3857 5154 [pag.
3897 5081 4002 5157 74]
4038 5095 4157 5158 pro
4206 5076 4304 5139 rio
4339 5098 4594 5146 sacer-

2595 5159 2730 5224 doti
2773 5161 3101 5225 confiteri:
3149 5160 3278 5225 nisi
3313 5158 3381 5224 id
3420 5162 3555 5240 fiat,
3602 5160 3857 5226 nullam
3891 5160 4160 5226 obtinen
4322 5167 4595 5234 veniae

2595 5265 2780 5328 spem
2824 5244 3156 5328 relinquit.
3245 5245 3329 5311 Id
3368 5265 3455 5310 ne
3511 5266 3596 5311 ex
3635 5246 3991 5312 centesima
4043 5244 4313 5329 quidem
4369 5260 4597 5332 parea
