4967 5992
508 349 633 410 639
907 335 912 342 ‘
1045 436 1056 442 ⁸
1327 342 1338 353 ·
1720 338 1848 405 DE
1892 336 2343 406 vrrANms
2391 305 3316 407 surnasmmomos.
3436 291 3441 296 ’
4396 341 4527 402 640

502 534 863 609 Postremo,
909 528 1065 613 quid
1108 527 1311 595 aliud‘
1335 534 1454 607 est,
1498 526 1694 594 corde
1740 526 1953 593 dicere
1992 548 2199 593 unum
2235 528 2455 592 Deum

502 615 938 682 adorandum:
985 621 1260 681 externo
1292 619 1512 678 autem
1556 620 1731 678 nutu
1763 611 1920 678 idoli
1956 613 2205 679 cultum
2247 613 2453 679 simu-

502 703 658 781 lare,
702 721 897 785 quam
940 701 1013 765 in
1052 721 1250 766 suum
1291 707 1552 765 reatum
1596 699 2033 766 conscientiae
2076 698 2452 765 testimonio

501 787 908 854 subscribere
922 785 954 849 ⁸?
1045 785 1335 851 Simulat
1411 793 1634 850 autem
1712 797 1885 850 certe
1960 783 2121 850 idoli
2184 784 2453 864 cultum,

500 873 612 955 qui
654 870 806 937 data
862 892 1060 954 opera
1104 873 1442 949 convenit,
1499 891 1582 934 ne
1635 870 1991 935 abhorrere
2047 868 2128 934 ab
2181 869 2298 935 illo
2357 871 2454 935 vi-

501 959 753 1023 deatur.

673 1044 758 1109 In
812 1043 1297 1126 comparatione
1341 1062 1538 1124 quam
1579 1040 1846 1106 adducit
1888 1041 2213 1124 serpentis
2250 1041 2456 1119 aenei,

501 1139 570 1193 et
622 1128 938 1194 similium
994 1128 1437 1210 impietatum,
1496 1126 1593 1190 illi
1650 1128 2002 1192 assentior:
2062 1125 2179 1192 sed
2223 1147 2460 1209 parum

500 1223 938 1299 congruenter
1014 1214 1099 1278 ad
1161 1221 1574 1295 praesentem
1617 1232 1915 1278 ·causam
1991 1210 2457 1277 accommodat.

500 1301 656 1364 Non
697 1300 1122 1383 exprimitur,
1178 1319 1307 1382 quo
1367 1298 1507 1362 loco
1561 1298 1761 1363 fucrit
1816 1319 2090 1380 serpens
2144 1297 2256 1362 ille
2301 1295 2458 1362 ado-

500 1393 717 1462 ratus,
782 1406 997 1468 neque
1062 1383 1128 1449 id
1191 1403 1593 1468 magnopere
1648 1383 1730 1447 ad
1778 1404 1923 1448 rem
1973 1383 2156 1448 facit:
2225 1403 2456 1448 verum

501 1472 640 1535 sive
698 1471 769 1535 in
812 1469 1087 1553 templo,
1147 1469 1287 1536 sive
1346 1469 1505 1534 alibi
1546 1469 1843 1533 suffitum
1896 1468 1994 1532 illi
2038 1469 2313 1533 fecerint
2354 1468 2456 1533 Is-

500 1556 799 1635 melitae,
864 1555 1144 1634 fallitur,
1215 1555 1328 1637 qui
1381 1561 1571 1637 putat
1623 1553 1974 1636 prophetas
2029 1563 2144 1618 aut
2198 1555 2456 1636 piorum

500 1640 751 1725 aliquos
795 1639 1101 1718 adfuisse,
1146 1661 1346 1723 quum
1389 1646 1577 1703 tanta
1612 1640 2003 1704 abominatio
2045 1648 2456 1723 perpetrare-

498 1735 628 1792 tur.
694 1727 912 1805 Urias,
959 1727 1144 1792 iussu
1183 1723 1432 1802 Achab,
1463 1725 1508 1804 ¹)
1552 1724 1756 1790 altare
1801 1725 2135 1790 exstruxit
2175 1726 2245 1789 in
2289 1732 2456 1789 tem-

499 1813 627 1894 p10,
657 1813 768 1878 ubi
805 1832 993 1878 sacra
1022 1813 1168 1877 Deo
1208 1808 1549 1875 Samariae
1583 1812 1820 1875 fierent
1854 1811 1922 1894 (2
1960 1811 2126 1895 Reg.
2175 1814 2270 1890 16,
2314 1811 2454 1893 11):

501 1898 618 1962 sed
659 1898 994 1962 neminem
1048 1917 1132 1961 ex
1185 1894 1491 1961 fidelibus
1546 1895 1608 1960 le
1655 1897 1828 1961 imus
1887 1895 2209 1961 eiusmodi
2254 1899 2459 1962 saeris

502 1983 901 2047 interfuisse.
991 1981 1222 2064 Neque
1274 2002 1430 2045 vero
1482 2003 1589 2047 ere
1637 1981 1792 2046 ibile
1848 1989 1964 2047 est.
2054 1982 2137 2046 In
2181 1981 2460 2048 excelsis

502 2068 712 2152 vulgo
762 2066 1152 2133 adorabant:
1206 2066 1321 2132 sed
1378 2067 1539 2131 mihi
1589 2088 1724 2132 non
1781 2073 1882 2133 est
1937 2067 2240 2145 dubium,
2298 2068 2461 2151 quin

502 2174 731 2219 omnes
786 2154 927 2218 veri
966 2154 1098 2218 Dei
1150 2151 1432 2218 cultores
1489 2152 1793 2237 religiose
1837 2174 1876 2217 a
1916 2153 2034 2218 tali
2089 2153 2463 2236 corruptela

503 2239 955 2304 abstinuerint.
1045 2238 1127 2303 In
1193 2237 1318 2304 hoc
1391 2246 1605 2303 totum
1674 2249 1776 2304 est
1841 2239 2072 2316 situm,
2150 2259 2237 2304 ne
2299 2238 2461 2304 dum

507 2328 655 2403 [pag.
701 2329 849 2404 134]
907 2331 1271 2390 conventus
1325 2324 1628 2389 solennes
1683 2332 1976 2409 aguntur
2033 2323 2461 2402 idololatriae,

503 2410 659 2476 illuc
735 2417 799 2474 te
878 2409 1176 2477 associes.
1266 2408 1713 2492 Quamobrem
1791 2430 2235 2492 supervacuae
2307 2417 2467 2476 sunt

504 2496 671 2561 istae
731 2497 1065 2578 querelae:
1117 2494 1466 2578 Nusquam
1533 2516 1690 2581 ergo
1756 2516 1948 2561 orare
2011 2497 2146 2560 iam
2209 2494 2461 2577 licebit;

503 2580 660 2664 quia
710 2581 934 2648 nullus
998 2581 1283 2665 angulus
1347 2579 1429 2646 ab
1484 2579 1852 2647 idololatria
1921 2602 2145 2664 purus.
2233 2582 2464 2666 Neque

503 2667 680 2730 enim
734 2667 828 2734 sie
892 2665 1219 2753 pollutum
1286 2687 1429 2731 esse
1497 2667 1712 2733 locum
1766 2665 2073 2745 dicimus,
2142 2668 2254 2734 ubi
2308 2689 2464 2734 suas

505 2752 1005 2835 superstitiones
1093 2759 1379 2836 eragunt
1395 2753 1614 2835 impii,
1661 2759 1737 2817 ut
1777 2754 1869 2818 ibi
1904 2772 2095 2818 orare
2131 2754 2217 2819 sit
2257 2754 2462 2819 nefas.

503 2837 733 2920 Neque
776 2839 954 2903 enim
998 2860 1043 2903 u
1087 2838 1213 2903 ivis
1256 2856 1444 2901 orare
1497 2837 1810 2920 prohibeo
1824 2889 1840 2914 ‚
1897 2837 2090 2902 modo
2147 2838 2231 2904 ab
2286 2839 2468 2904 omni

843 2978 906 2985 —

517 3127 525 3138 Ι
575 3126 584 3138 .
643 3055 703 3124 1)
745 3056 840 3112 Sic
872 3058 1006 3112 libro·
1035 3058 1217 3138 nostri
1248 3071 1433 3137 omnes
1467 3062 1578 3140 tam
1615 3057 1780 3140 latini
1811 3073 1985 3141 quam
2007 3058 2212 3140 quilici.
2271 3058 2457 3141 Error

501 3131 1178 3250 {mmmmm
1204 3140 1369 3195 quam
1404 3143 1466 3179 m
1491 3142 1620 3195 apsa
1654 3127 1889 3182 'tutona
1921 3128 2011 3182 hu:
2037 3128 2244 3189 obesus,
2276 3130 2456 3197 aprino

2560 546 2791 590 earum
2828 527 3162 591 actionum
3184 528 3494 593 societate
3529 526 3877 605 abstineaS,
3913 545 4079 610 quae
4112 525 4523 593 idololatriae

2556 610 3030 693 professionem
3083 615 3437 679 continent.
3530 612 3767 693 Quum
3818 617 4036 678 autem
4104 618 4338 696 sponte
4411 634 4521 678 ae-

2556 695 2753 774 cedis,
2796 718 3003 781 quum
3040 705 3273 781 sponte
3316 700 3581 778 interes,
3624 698 4005 763 societatem
4038 704 4103 763 te
4138 698 4313 766 coire
4356 699 4523 780 dico,

2562 783 2619 847 si
2663 803 2798 847 non
2840 784 3134 866 plenam,
3193 793 3264 850 at
3305 784 3701 850 simulatam.
3791 784 3973 867 Ipsa,
4034 784 4302 868 inquam
4317 837 4335 865 ,
4392 787 4520 851 eir-

2563 869 2963 934 cumstantia
3000 877 3069 934 te
3109 869 3484 936 convictum
3525 877 3725 948 tenet,
3773 877 3849 934 ut
3890 872 4141 936 frustra
4185 877 4252 936 te
4294 892 4335 935 a
4376 871 4521 954 pol·

2562 953 2814 1019 lutione
2856 956 3221 1021 immunem
3261 977 3404 1021 esse
3447 956 3669 1022 iactes.
4082 955 4095 968 '

2738 1038 2935 1120 Quod
2967 1042 3025 1105 si
3060 1041 3298 1108 clarius
3322 1041 3581 1106 definiri
3600 1041 3911 1124 postulat,
3948 1061 4274 1124 quaenam
4296 1043 4385 1107 sit
4406 1042 4524 1108 illa

2565 1125 2883 1191 confessio
2922 1137 2990 1191 et
3010 1127 3240 1209 qualis,
3274 1149 3471 1211 quam
3510 1126 3591 1192 ab
3619 1127 3886 1192 homine
3918 1127 4275 1193 christiano
4309 1128 4522 1212 exigi-

2566 1230 2743 1290 mus,
2800 1233 2920 1295 ego
2982 1232 3140 1278 vero
3196 1212 3366 1295 quod
3411 1214 3483 1278 in
3527 1214 3770 1296 scripto
3813 1232 3961 1277 meo
4001 1212 4216 1296 posui,
4272 1213 4522 1279 iterum

2565 1298 2907 1362 confirmo:
2987 1298 3367 1381 magisterio
3442 1300 3711 1382 spiritus
3788 1297 3859 1363 id
3923 1296 4313 1364 discendum
4376 1320 4521 1365 esse

2563 1382 2794 1466 magis,
2841 1381 3040 1466 quam
3074 1385 3272 1450 certis
3306 1384 3556 1468 regulis
3599 1404 3791 1466 posse
3833 1382 4024 1448 tradi.
4088 1383 4301 1449 Nemo
4342 1393 4522 1451 certe

2561 1475 2785 1533 mutus
2842 1469 2918 1532 in
2979 1470 3380 1551 professione
3446 1491 3602 1535 suae
3656 1467 3812 1534 fidei
3864 1491 4007 1535 esse
4064 1468 4276 1534 debet.
4367 1469 4521 1552 Quo

2563 1563 2786 1619 autem
2842 1555 3076 1637 cuique
3132 1554 3409 1639 amplior
3464 1555 3619 1620 fidei
3675 1576 3989 1621 mensura
4045 1555 4197 1620 data
4242 1562 4344 1621 est
4357 1607 4374 1634 ‚
4440 1576 4522 1621 eo

2560 1638 2955 1705 luculentior
2990 1641 3078 1705 sit
3103 1642 3244 1706 eius
3276 1641 3595 1708 confessio
3639 1648 3913 1724 oportet.
3980 1638 4114 1706 Sed
4158 1641 4523 1706 maximam

2560 1732 2821 1809 partem
2877 1725 3203 1809 gubernat
3255 1734 3625 1809 temporum
3668 1727 3835 1791 ratio
3848 1776 3864 1804 ,
3919 1735 3986 1792 et
4029 1726 4284 1792 oblatae
4326 1747 4521 1810 opor-

2564 1811 2899 1876 tunitatee.
2992 1810 3219 1894 Quare
3263 1811 3348 1877 ad
3400 1812 3705 1896 spiritum
3749 1811 4145 1895 prudentiae
4188 1820 4256 1876 et
4296 1812 4524 1877 iudicii

2565 1916 2827 1979 semper
2865 1898 3393 1982 confugiendum.
3482 1900 3692 1964 Porro
3734 1900 3807 1963 in
3843 1907 3981 1963 tota
4023 1897 4345 1981 superiori
4389 1896 4528 1962 dis-

2564 1982 2935 2064 putatione,
2992 2004 3193 2066 quam
3244 1983 3436 2050 edere
3493 1988 3642 2062 [pag.
3687 1988 3834 2063 135]
3889 1984 4364 2050 confessionem
4410 1983 4531 2047 de-

2566 2066 2721 2132 beat
2762 2066 2958 2133 homo
3011 2069 3413 2135 christianus
3428 2120 3444 2148 ,
3500 2091 3636 2135 non
3694 2068 4001 2134 disserui:
4067 2068 4184 2135 sed
4238 2066 4535 2134 cavenda

2567 2152 2733 2219 vitia
2806 2153 3097 2233 ostendi,
3176 2176 3341 2238 quae
3410 2176 3605 2220 verae
3680 2155 4075 2220 confessioni
4137 2164 4530 2238 repugnant.

2566 2238 2770 2303 Faxit
2818 2240 3180 2318 Dominus,
3237 2248 3314 2305 ut
3361 2262 3495 2306 non
3549 2250 3692 2305 tam
3745 2241 3817 2304 in
3875 2239 4215 2323 captandis
4273 2238 4531 2305 subter-

2568 2326 2797 2409 fugiis,
2857 2346 3055 2409 quam
3097 2327 3168 2390 in
3214 2327 3552 2392 voluntate
3608 2327 3749 2391 eius
3792 2324 4288 2410 investiganda,
4344 2326 4534 2409 inge-

2569 2411 2738 2476 niosi
2796 2431 2939 2477 esse
2984 2411 3284 2477 velimus,
3373 2412 3549 2496 Ego,
3604 2413 3717 2495 qui
3761 2417 3902 2477 tam
3944 2412 4199 2495 rigidus
4241 2432 4384 2477 esse
4431 2411 4536 2476 vi-

2571 2494 2729 2562 deor
2744 2549 2761 2576 ,
2830 2518 3170 2581 nunquam
3226 2497 3369 2564 sine
3423 2496 3841 2563 acerbissimo
3893 2496 4137 2562 doloris
4196 2518 4394 2562 sensu
4450 2495 4539 2562 de

2569 2582 2884 2648 fratribus
2930 2583 3176 2668 cogito,
3278 2584 3347 2648 ui
3403 2604 3475 2649 se
3530 2583 3760 2649 durius
3814 2605 3855 2649 a
3907 2604 4015 2649 me
4066 2583 4335 2649 tractari
4379 2603 4538 2648 con-

2570 2677 2965 2750 queruntur:
3013 2668 3131 2736 sed
3172 2670 3340 2734 mhi
3378 2671 3741 2754 ignoscant,
3788 2669 3845 2735 si
3879 2668 4134 2735 Christi
4172 2669 4405 2752 iugum
4447 2688 4538 2733 ne

2570 2754 2905 2819 tantillum
2979 2753 3246 2838 quidem
3308 2753 3536 2821 laxare
3613 2754 3840 2820 audeo.
3939 2753 4110 2819 Vale
4186 2755 4391 2819 fiater
4469 2760 4542 2818 et

2572 2840 2781 2906 amice
2803 2839 3241 2907 dilectissime.
3281 2840 3616 2920 Genevae,
3646 2845 3742 2906 14.
3768 2837 4037 2905 Oalend.
4062 2839 4239 2904 Iulii.
4271 2843 4452 2903 1546.
4486 2839 4537 2920 ¹)

2577 3129 2771 3255 luinge
2813 3128 2976 3199 Quod
3014 3129 3210 3186 Gallus
3245 3129 3440 3198 (1551)
3476 3130 3617 3185 male
3647 3131 4042 3198 interpretatu-s
4075 3133 4183 3184 eet.-
4228 3142 4291 3184 ce
4327 3125 4410 3181 14.
4458 3127 4532 3183 de
