4967 5992
581 308 705 370 367

483 567 492 576 ,
579 494 681 560 dis
723 496 987 561 contriti
1034 505 1102 560 et
1146 497 1368 561 afflicti
1410 496 1803 562 sacrificium
1843 495 2063 562 David
2107 498 2282 561 canit
2325 496 2533 579 (Psal.

582 587 680 654 51,
727 583 850 661 19).
944 582 1200 647 Verum
1243 580 1412 646 illud
1464 603 1720 664 quoque
1763 582 1930 649 scire
1971 603 2207 665 operae
2250 583 2536 664 pretium

577 675 693 740 est,
738 666 914 732 unde
956 667 1073 730 illa
1105 688 1302 749 quam
1347 667 1668 750 propbeta
1710 669 1803 733 sic
1840 667 2270 745 commendat,
2318 668 2537 732 humi-

576 751 745 831 litas,
802 773 879 818 ac
923 773 1299 818 sermonum
1342 754 1470 817 Dei
1516 755 1905 820 reverentia.
1997 753 2272 819 Certum
2313 763 2537 819 autem

576 843 704 916 est,
764 839 1072 921 superbia
1130 847 1198 903 et
1255 859 1447 905 caeca
1502 838 1900 904 confidentia
1953 860 2213 922 semper
2270 847 2536 923 turgere

576 944 690 990 cor
733 924 1037 1000 hominis,
1084 923 1288 990 donec
1334 926 1572 1007 spiritu
1618 927 1742 990 Dei
1789 925 2113 990 domitum
2157 926 2536 991 subactum-

576 1031 701 1092 que
768 1010 852 1074 ad
902 1009 1294 1075 modestiam
1372 1018 1439 1075 et
1492 1013 1994 1076 submissionem
2051 1031 2122 1075 se
2188 1012 2535 1094 componit.

575 1096 805 1179 Neque
848 1117 1003 1160 vero
1049 1096 1171 1161 hoc
1213 1095 1406 1161 modo
1450 1099 1828 1180 praeparari
1866 1097 2200 1161 hominem
2245 1096 2329 1161 ad
2372 1098 2537 1161 reci-

577 1180 889 1266 piendum
958 1183 1243 1247 iustitiae
1328 1182 1574 1247 donum
1643 1202 1993 1266 negamus:
2076 1182 2191 1247 sed
2262 1184 2536 1265 spiritus

574 1269 781 1334 sancti
826 1266 1209 1345 directione,
1266 1288 1397 1333 uon
1443 1290 1560 1333 suo
1613 1269 1899 1350 ingenio.
1991 1268 2139 1332 Non
2183 1270 2311 1333 nisi
2358 1269 2535 1334 labo·

576 1361 801 1418 rantes
873 1353 956 1419 ad
1013 1376 1084 1419 se
1139 1362 1207 1418 et
1272 1364 1579 1419 oneratos
1636 1354 1947 1419 Christus
2019 1367 2209 1419 vocat
2262 1350 2533 1437 (Matth.

582 1445 678 1514 11,
718 1441 859 1520 28);
905 1460 1157 1516 verum,
1202 1449 1278 1502 ut
1320 1460 1488 1504 onus
1534 1450 1833 1506 nostrum
1867 1439 2248 1518 sentiamus,
2295 1460 2371 1503 ac
2414 1441 2535 1505 sub

574 1546 651 1591 ec
695 1544 1055 1610 gemamus,
1101 1526 1240 1607 ipse
1286 1526 1486 1590 etiam
1523 1527 1695 1591 facit.
1756 1526 2077 1590 Fatemur
2115 1526 2535 1590 verissimum

574 1632 719 1677 esse
774 1611 1048 1695 vulgare
1102 1611 1556 1692 proverbium:
1626 1612 1895 1676 unicum
1966 1631 2108 1675 esse
2176 1612 2535 1677 curationis

572 1698 988 1782 principium,
1034 1694 1149 1760 ubi
1187 1697 1455 1761 morbus
1499 1698 1895 1781 agnoscitur.
1962 1698 2144 1780 Ergo
2185 1708 2261 1761 ut
2302 1718 2374 1764 se
2416 1698 2537 1763 tibi

574 1783 904 1849 medicum
940 1781 1253 1847 exhibeat
1286 1781 1612 1860 Christus,
1659 1784 1961 1848 morbum
1996 1792 2183 1847 tuum
2215 1802 2536 1866 agnoscas

573 1877 847 1951 oportet.
937 1868 1153 1933 Morbi
1200 1889 1392 1950 porro
1435 1869 1685 1952 agnitio
1730 1867 1814 1933 ad
1859 1868 2298 1934 humilitatem
2341 1870 2534 1934 timo-

573 1974 845 2036 remque
888 1954 1044 2031 Dei,
1105 1953 1189 2018 ad
1231 1953 1451 2018 iudicii
1498 1964 1748 2019 metum
1795 1963 1988 2036 atque
2031 1953 2398 2032 horrorem,
2451 1954 2537 2021 ad

576 2040 675 2104 tui
731 2038 1243 2122 displicentiam,
1312 2053 1378 2103 te
1430 2040 1702 2125 rediget.
1793 2040 1988 2105 Nunc
2056 2061 2144 2105 an
2210 2040 2536 2107 eiusmodi

574 2127 883 2191 affectum
927 2126 1266 2208 concipere
1302 2127 1693 2191 naturaliter
1726 2126 1979 2208 possint
2020 2126 2336 2204 homineS,
2378 2148 2533 2193 con-

572 2210 948 2277 sideremus.
1038 2211 1294 2276 Verum
1350 2219 1417 2275 et
1467 2212 1615 2294 ipsa
1659 2212 2071 2295 experientia
2112 2212 2356 2277 clamat
2399 2234 2534 2277 non

571 2297 702 2364 huc
756 2307 909 2363 ante
960 2295 1226 2372 adduci,
1287 2318 1483 2379 quam
1528 2307 1739 2363 totum
1782 2307 2060 2363 naturae
2102 2320 2371 2363 sensum
2417 2297 2531 2362 de-

569 2384 938 2467 posuerint:
964 2391 1030 2447 et
1050 2385 1378 2466 scriptura
1399 2383 1577 2450 idem
1599 2383 1841 2466 ubique
1861 2391 2161 2448 testatur.
2199 2388 2348 2462 [pag.
2380 2398 2404 2446 1
2418 2389 2529 2463 87]

569 2468 869 2554 Oastiget
914 2489 1071 2554 ergo
1115 2490 1238 2534 nos
1281 2468 1611 2534 Dominus
1664 2489 1933 2534 necesse
1990 2481 2118 2546 est,
2171 2481 2248 2534 ut
2290 2469 2533 2534 eruditi

569 2555 955 2621 reddamur:
1004 2577 1209 2638 quum
1253 2576 1336 2619 ex
1380 2554 1569 2620 nobis
1615 2556 1821 2619 simus
1865 2563 2181 2637 tanquam
2224 2554 2531 2620 indomiti

567 2641 784 2718 vituli,
830 2643 1003 2707 sicut
1036 2639 1194 2705 dicit
1213 2640 1532 2705 Ieremias
1577 2642 1711 2724 (31,
1759 2645 1851 2704 18.
1899 2641 2026 2722 19).
2112 2642 2210 2706 Ac
2256 2663 2340 2706 ne
2382 2641 2530 2723 quis

569 2726 653 2791 de
694 2736 972 2792 externa
1014 2727 1204 2810 virga
1248 2725 1422 2808 loqui
1467 2727 1768 2809 excipiat,
1814 2747 2001 2791 secus
2044 2727 2184 2809 ipse
2224 2747 2380 2791 mox
2425 2728 2528 2791 in-

569 2819 1007 2895 terpretatur:
1067 2810 1398 2877 Converte
1455 2832 1562 2877 me
1607 2812 1919 2888 Domine,
1975 2812 2216 2895 inquit,
2263 2821 2330 2877 et
2373 2832 2528 2878 con-

572 2907 810 2963 vertar.
884 2897 1247 2980 Postquam
1290 2918 1396 2962 me
1435 2898 1834 2974 convertisti,
1880 2899 1985 2982 egi
2028 2899 2524 2980 poenitentiam:

571 2991 916 3066 postquam
978 2982 1321 3047 ostendisti
1383 2983 1546 3047 mihi
1561 3034 1576 3060 ,
1643 2984 1934 3066 percussi
2009 2984 2224 3048 femur
2284 3004 2525 3064 meum,

569 3069 886 3135 confusus
923 3089 1070 3134 sum
1102 3079 1170 3133 et
1201 3069 1451 3134 erubui.
1520 3069 1706 3136 Haec
1739 3071 1964 3135 omnia
1998 3070 2248 3151 peccati
2283 3069 2525 3150 odium,

569 3154 802 3221 mortis
843 3154 1213 3228 horrorem,
1271 3154 1560 3220 dolorem
1605 3177 1690 3220 ex
1734 3155 2012 3230 offensa,
2060 3156 2312 3239 gratiae
2355 3156 2527 3221 desi-

568 3239 854 3318 derium,
911 3261 1078 3323 quae
1131 3240 1214 3304 ad
1267 3241 1535 3306 humaui
1592 3241 1848 3306 arbitrii
1901 3242 2268 3326 potentiam
2324 3245 2529 3308 refert

567 3326 874 3411 Pighius,
952 3326 1137 3391 vides
1188 3339 1265 3390 ut
1321 3328 1462 3392 Deo
1542 3335 1811 3412 accepta
1874 3328 2194 3411 propheta
2262 3329 2524 3394 referat.

568 3410 969 3495 Quanquam
1024 3413 1196 3478 hanc
1248 3414 1676 3479 obiectionem
1721 3414 2052 3480 subtiliter
2095 3414 2217 3479 sibi
2262 3413 2529 3479 videtur

566 3518 912 3580 occupare,
956 3518 1161 3581 quum
1204 3499 1480 3565 subinde
1526 3521 1643 3564 nos
1686 3502 2028 3584 provocari
2072 3519 2149 3565 ac
2190 3500 2528 3566 sollicitari

568 3607 610 3650 a
643 3583 787 3648 Dec
825 3585 1085 3663 fatetur,
1129 3584 1245 3649 sed
1282 3587 1336 3650 si
1371 3583 1565 3649 modo
1598 3607 1916 3652 conemur
1939 3586 2083 3669 ipsi,
2129 3586 2523 3666 laboremus,

569 3690 782 3753 neque
826 3668 1113 3735 desimus
1155 3671 1386 3737 obviae
1420 3679 1489 3735 et
1526 3671 1831 3739 adjutrici
1874 3674 2014 3738 eius
2058 3673 2327 3755 gratiae.
2391 3673 2526 3738 Ve-

567 3778 717 3821 rum
762 3777 966 3840 quum
1012 3776 1088 3820 eo
1122 3756 1332 3834 modo,
1377 3757 1555 3821 inter
1584 3759 1806 3824 Deum
1849 3771 1917 3824 et
1950 3757 2284 3824 hominem
2333 3758 2526 3822 dimi-

568 3842 731 3916 diet,
785 3843 917 3908 imo
970 3863 1173 3925 quum
1215 3863 1416 3926 penes
1461 3843 1795 3910 hominem
1841 3865 1921 3909 ea
1962 3842 2321 3925 relinquat,
2378 3845 2526 3926 qui-

566 3929 688 3995 bus
722 3941 862 3995 tota
893 3929 1337 4014 poenitentiae
1351 3929 1452 3994 vis
1480 3931 1871 4008 continetur,
1898 3931 2184 4014 qualiter
2216 3930 2338 3996 hoc
2374 3951 2527 3995 cum

566 4016 930 4099 prophetae
965 4015 1186 4080 verbis
1227 4014 1583 4079 convenire
1611 4018 1866 4099 poterit,
1913 4038 2080 4099 quae
2124 4024 2327 4080 totam
2372 4038 2524 4100 poe-

565 4102 946 4180 nitentiam,
1004 4100 1292 4183 adeoque
1347 4100 1635 4182 primum
1679 4104 1822 4167 eius
1866 4100 2243 4177 exordium,
2302 4125 2342 4168 a
2385 4102 2525 4168 solo

563 4188 708 4253 Deo
750 4187 1077 4271 proficisci
1123 4185 1521 4253 ostendunt?
1612 4187 1824 4266 Nulli,
1869 4190 2101 4271 inquit,
2149 4185 2331 4252 deest
2372 4210 2524 4274 gra-

563 4275 684 4349 tia,
760 4276 888 4339 nisi
943 4275 1059 4356 qui
1113 4273 1297 4338 deest
1347 4273 1489 4355 ipse
1544 4273 1685 4338 sibi.
1776 4276 2022 4340 Fateor
2072 4294 2257 4339 sane:
2326 4275 2522 4340 modo

564 4360 728 4425 mihi
770 4360 1060 4426 vicissim
1103 4357 1443 4428 concedat.
1488 4369 1555 4423 et
1596 4360 1768 4426 bona
1810 4363 2150 4428 voluntate
2194 4359 2409 4440 defici,
2457 4373 2524 4427 et

563 4447 808 4510 virtute
852 4445 1120 4512 destitui
1163 4464 1421 4520 omnes,
1477 4445 1605 4511 nisi
1662 4448 1900 4530 quibus
1943 4459 2293 4530 utrumque
2336 4450 2521 4515 Deus

565 4530 1046 4596 subministrat:
1105 4552 1257 4596 eum
1310 4552 1502 4613 porro
1557 4533 1672 4615 qui
1715 4543 1784 4599 et
1825 4537 1994 4602 bene
2036 4535 2212 4612 vult,
2270 4543 2337 4600 et
2379 4537 2520 4602 effi-

567 4617 807 4681 caciter
847 4625 1142 4692 conatur,
1188 4617 1310 4683 sibi
1356 4637 1495 4681 non
1537 4617 1781 4686 deesse.
1870 4623 2239 4701 Neminem,
2284 4623 2518 4710 inquit,

568 4700 890 4765 violenter
941 4704 1132 4786 cogit.
1223 4701 1434 4769 Sane:
1504 4705 1622 4769 sed
1673 4717 1748 4771 ut
1812 4708 2217 4775 voluntarios
2281 4707 2523 4781 habeat

568 4806 812 4857 servos.
858 4787 971 4870 qui
1017 4797 1246 4871 sponte
1277 4798 1637 4872 sequantur
1680 4792 1762 4858 ad
1796 4795 2201 4881 obsequium,
2245 4815 2358 4861 cor
2400 4817 2518 4864 no-

566 4894 730 4937 vum
786 4874 860 4937 in
911 4871 1043 4938 illis
1097 4883 1304 4954 creat,
1364 4885 1431 4939 et
1473 4877 1779 4959 spiritum
1831 4891 2084 4947 rectum
2126 4882 2406 4949 innovat
2446 4886 2518 4952 in

565 4957 925 5025 visceribus
968 4979 1194 5024 eorum
1239 4960 1439 5044 (Psal.
1481 4966 1581 5041 51,
1625 4964 1753 5050 12).

739 5046 980 5111 Postea
1033 5053 1258 5110 tamen
1315 5047 1731 5130 aliquatenus
1786 5055 1937 5121 vela
1987 5058 2253 5142 colligit.
2342 5058 2518 5125 Nam

565 5130 888 5216 triplicem
933 5132 1187 5217 gratiae
1228 5132 1551 5213 effectum,
1595 5157 1727 5220 quo
1767 5143 2095 5212 Dominus
2135 5147 2400 5230 proprie
2445 5169 2523 5214 ac

567 5219 937 5301 specialiter
979 5238 1135 5285 suos
1193 5218 1434 5285 electos
1487 5231 1749 5303 praeter
1788 5235 2096 5295 naturam
2141 5251 2519 5299 commune·

1879 299 2409 373 RESPONSIO
2455 299 2835 369 CONTRA
2877 303 3295 371 PIGHIUM

4474 315 4599 376 368

2641 511 2768 572 que
2810 491 3005 556 liberi
3046 492 3300 558 arbitrii
3361 493 3609 559 donum
3651 494 4041 563 adiuvatac
4085 509 4457 580 promovet,
4499 499 4600 562 in·

2641 577 2870 642 venire
2923 598 2993 642 se
3047 577 3269 642 tradit.
3373 578 3647 645 Primus
3699 586 3834 662 est,
3888 603 4018 667 quo
4071 584 4597 649 iustificationem

2641 664 3005 744 praevenit,
3052 673 3119 727 et
3161 663 3436 729 eandem
3480 675 3556 730 ut
3597 666 4060 747 desideremus,
4105 691 4227 735 nos
4271 681 4598 752 provocat,

2643 747 3031 814 conantibus
3083 749 3166 813 ad
3211 749 3488 815 eandem
3544 772 3815 818 manum
3860 752 4247 820 adiutricem
4303 756 4596 840 porrigit,

2640 833 3088 900 laborantibus
3155 838 3495 901 succurrit.
3599 836 3779 918 Quid
3836 839 4073 905 audio?
4164 839 4240 906 Si
4298 840 4385 905 ad
4432 840 4597 906 desi·

2641 916 3001 984 derandam
3044 920 3324 1003 gratiam
3370 941 3830 1003 provocamur,
3889 931 4036 1005 [pag.
4079 931 4225 1004 188]
4271 925 4378 990 ubi
4420 926 4600 1007 illud,

2641 1004 2815 1087 quod
2883 1005 3190 1071 vicesimo
3258 1015 3410 1072 ante
3476 1029 3676 1073 versu
3753 1011 4103 1092 posuerat?
4206 1010 4429 1077 Deum
4492 1013 4601 1078 be-

2643 1091 2844 1172 nigno
2888 1112 3007 1155 suo
3051 1104 3322 1174 aspectu
3368 1092 3628 1176 dignari
3673 1096 4035 1177 neminem,
4083 1098 4210 1162 nisi
4256 1098 4371 1180 qui
4413 1119 4600 1164 aver-

2642 1196 2755 1240 sus
2820 1175 2899 1240 ab
2957 1177 3338 1260 iniquitate,
3408 1178 3601 1243 corde
3656 1182 3938 1247 contrito
3991 1195 4059 1247 et
4114 1182 4463 1249 humiliato
4515 1185 4601 1250 ad

2641 1262 2855 1343 ipsum
2901 1282 3276 1341 conversuS,
3322 1265 3462 1328 eius
3503 1266 4021 1332 misericordiam
4053 1268 4381 1351 imploret,
4420 1281 4601 1352 petat

2640 1348 2934 1425 veniam,
2995 1357 3214 1430 speret
3273 1349 3825 1416 misericordiam?
3897 1351 4064 1433 Quis
4108 1376 4243 1420 non
4283 1354 4459 1420 dicat
4500 1357 4602 1420 ni-

2640 1433 2766 1497 mis
2821 1433 3213 1499 obliviosum
3269 1455 3442 1512 esse,
3501 1436 3609 1502 cui
3663 1445 3804 1501 tam
3848 1438 4128 1504 adversa
4184 1441 4363 1505 inter
4419 1461 4489 1506 se
4530 1453 4597 1505 et

2628 1520 3007 1602 'pugnantia
3050 1541 3184 1584 uno
3226 1522 3364 1585 fere
3418 1532 3754 1587 momento
3800 1522 4155 1590 excidant?
4245 1525 4447 1591 Certe
4488 1527 4600 1592 be-

2641 1605 2841 1688 nigno
2900 1613 3167 1687 aspectu
3225 1626 3377 1671 eum
3429 1606 3562 1670 iam
3619 1606 3930 1691 dignatus
3984 1619 4087 1675 est
4128 1609 4347 1691 Deus,
4402 1633 4601 1694 quem

2639 1688 2722 1752 ad
2766 1691 2876 1773 pia
2920 1701 3274 1774 sanctaque
3316 1690 3640 1758 desideria
3693 1695 3955 1760 excitat.
4044 1696 4192 1763 Hoc
4233 1705 4458 1762 autem
4500 1698 4601 1782 ip-

2640 1796 2787 1840 sum
2831 1775 2989 1858 quid
3033 1776 3213 1842 aliud
3256 1788 3384 1855 est,
3431 1797 3629 1860 quam
3674 1800 3901 1846 omnes
3948 1780 4153 1847 bonos
4200 1782 4417 1847 cordis
4460 1805 4602 1849 mo-

2642 1870 2748 1925 tus
2805 1861 3237 1944 praevenire?
3338 1863 3707 1947 Pergamus
3764 1873 4002 1931 tamen.
4082 1867 4308 1946 Hanc,
4364 1870 4599 1952 inquit,

2639 1949 3178 2030 praevenientem
3266 1948 3551 2031 gratiam
3628 1950 3796 2016 sacri
3878 1949 4174 2019 doctores
4244 1954 4599 2036 appellant.

2639 2033 3043 2115 Loquuntur
3100 2033 3202 2098 illi
3258 2033 3521 2115 quidem
3564 2053 3760 2118 saepe
3805 2036 3885 2102 de
3944 2039 4417 2120 praeveniente
4451 2062 4601 2125 gra·

2641 2118 2759 2183 tia:
2809 2117 2926 2183 sed
2967 2118 3164 2203 longe
3207 2118 3339 2185 alio
3381 2118 3591 2185 modo.
3649 2120 3882 2204 Neque
3924 2125 4101 2189 enim
4145 2124 4267 2191 hac
4306 2125 4602 2193 inchoari

2638 2205 2734 2269 ita
2774 2204 3041 2289 fingunt
3079 2205 3153 2269 in
3197 2205 3388 2271 nobis
3432 2205 3844 2272 voluntatem
3881 2207 4140 2286 bonam,
4186 2221 4261 2275 ut
4302 2233 4426 2278 nos
4468 2214 4600 2278 iam

2639 2310 3067 2373 cooperemur
3112 2290 3316 2373 (sicut
3359 2290 3753 2373 persuadere
3799 2293 3944 2358 vult
3984 2294 4318 2378 Pighius),
4362 2297 4481 2363 sed
4520 2299 4603 2363 il-

2637 2374 2767 2440 lius
2826 2377 2894 2439 in
2951 2374 3234 2441 solidum
3300 2375 3424 2441 hoc
3481 2398 3646 2461 opus
3702 2399 3846 2443 esse
3910 2380 4307 2461 praedicant.
4412 2383 4599 2450 Nihil

2637 2462 2780 2527 sine
2817 2462 3020 2539 nobis,
3057 2461 3273 2544 inquit
3302 2462 3607 2546 Pighius.
3663 2464 4090 2548 Augustinus
4125 2474 4368 2545 autem,
4413 2489 4602 2552 pror-

2638 2568 2751 2612 sus
2808 2550 2953 2612 sine
2995 2546 3200 2613 nobis.
3288 2546 3476 2613 Haec
3532 2547 3712 2613 enim
3766 2559 3924 2614 sunt
3974 2552 4317 2635 utriusque
4359 2555 4596 2620 verba:

2635 2632 2786 2697 Non
2829 2643 3093 2698 tantum
3137 2654 3222 2698 ex
3265 2632 3640 2699 nolentibus
3683 2635 3827 2699 fieri
3864 2635 4177 2714 volentes,
4222 2637 4340 2705 sed
4374 2662 4461 2706 ex
4494 2663 4598 2707 re-

2636 2718 3082 2802 pugnantibus
3123 2718 3572 2802 obsequentes,
3617 2717 3807 2786 docet
3848 2722 4286 2806 Augustinus.
4314 2727 4367 2809 ¹)
4446 2727 4599 2804 Hic,

2634 2815 2708 2868 ut
2744 2805 3202 2885 assentiamur,
3237 2806 3308 2869 in
3344 2805 3532 2870 nobis
3566 2806 3766 2870 situm
3802 2826 3947 2871 esse
3983 2809 4336 2874 contendit.
4392 2811 4601 2879 Hanc

2636 2890 2917 2972 gratiam
2959 2899 3160 2974 negat
3205 2891 3622 2974 Augustinus
3665 2892 3967 2957 invenire
4000 2892 4209 2961 bonas
4252 2895 4602 2965 hominum

2636 2975 3040 3053 voluntates,
3098 2975 3214 3041 sed
3271 2976 3503 3043 facere.
3524 2977 3582 3060 ²)
3671 2976 3846 3042 Item
3900 2977 4084 3044 alibi:
4116 2980 4176 3064 8)
4266 2980 4436 3063 Quis
4478 3004 4600 3049 au-

2633 3073 2772 3126 tem
2807 3061 3099 3146 confugit
3134 3061 3219 3125 ad
3261 3061 3562 3145 gratiam,
3599 3063 3729 3129 nisi
3767 3083 3972 3145 quum
4012 3085 4053 3129 a
4087 3064 4378 3134 Domino
4413 3090 4600 3154 gres-

2634 3168 2746 3212 sus
2811 3147 3099 3213 hominis
3153 3146 3577 3230 diriguntur?
3658 3150 3760 3214 Ac
3811 3169 3933 3231 per
3977 3149 4129 3230 hoc,
4174 3152 4379 3218 etiam
4422 3154 4599 3220 desi-

2634 3231 2867 3298 derare
2921 3232 3243 3298 auxilium
3297 3234 3578 3317 gratiae,
3648 3235 3780 3298 iam
3844 3235 4107 3301 initium
4164 3240 4423 3322 gratiae
4472 3257 4595 3307 est.

2632 3318 2916 3401 Pighius
2961 3318 3217 3383 nullum
3262 3318 3517 3401 gratiae
3560 3319 3865 3384 effectum
3909 3324 4222 3404 agnoscit,
4265 3325 4399 3390 nisi
4441 3348 4482 3391 a
4524 3347 4599 3392 se

2632 3407 2774 3487 ipso
2818 3402 2985 3469 bene
3008 3404 3170 3470 velit
3214 3404 3424 3470 homo.
3491 3403 3669 3485 Quid
3715 3425 3891 3489 ergo,
3937 3407 4017 3472 ob
4060 3406 4271 3474 solam
4314 3410 4599 3478 nudam-

2631 3511 2758 3571 que
2802 3490 2983 3555 verbi
3028 3489 3544 3568 similitudinem,
3590 3491 3791 3573 impio
3835 3511 3954 3555 suo
3997 3505 4370 3561 commento
4415 3509 4601 3564 vete-

2632 3595 2781 3638 rum
2839 3595 3081 3639 nomen
3134 3575 3494 3657 praetexit,
3549 3596 3591 3640 a
3638 3576 3877 3659 quibus
3930 3576 4006 3641 in
4058 3578 4155 3643 rei
4212 3579 4599 3650 definitione

2632 3681 2715 3724 ex
2759 3658 3081 3726 diametro
3125 3660 3438 3726 dissidet?
3506 3660 3796 3726 Perinde
3839 3663 4017 3726 enim
4057 3673 4174 3742 est,
4222 3686 4298 3731 ac
4343 3668 4405 3733 si
4445 3671 4601 3751 quis

2631 3745 2851 3810 Deum
2896 3767 3040 3812 esse
3092 3745 3363 3812 definiat
3429 3768 3815 3831 corporeum
3854 3768 3930 3814 ac
3989 3750 4267 3816 mortale
4311 3755 4597 3820 animal:

2630 3841 2857 3913 postea
2913 3831 3176 3897 adiiciat
3233 3832 3302 3896 id
3357 3851 3526 3908 esse,
3585 3832 3761 3914 quod
3816 3835 3986 3899 sacri
4027 3834 4327 3904 doctores
4370 3839 4601 3907 Deum

2630 3918 2986 4000 appellant.
3088 3915 3403 4001 Sequitur
3457 3917 3625 3983 alter
3684 3918 3955 3984 effectus
4008 3921 4467 4003 iustificantis‚
4530 3937 4602 3992 et

2631 4004 2861 4069 tertius
2906 4004 3279 4069 coronantis
3323 4005 3602 4088 gratiae:
3659 4004 3731 4067 in
3776 4003 4012 4087 quibus
4057 4008 4463 4090 explicandis
4508 4033 4598 4077 ne

2629 4088 2784 4172 quid
2850 4089 2973 4154 sibi
3036 4089 3248 4154 simile
3303 4088 3585 4168 accidat,
3641 4089 3757 4156 vix
3816 4090 3942 4154 tria
3992 4092 4196 4158 verba
4263 4093 4598 4163 balbutire

2628 4174 2842 4240 audet.
2931 4174 3227 4241 Hoccine
3268 4183 3369 4241 est
3411 4174 3728 4241 definire?
3774 4197 3850 4241 ac
3887 4197 4017 4241 non
4062 4179 4281 4261 potius
4324 4190 4597 4248 contur-

2629 4261 2785 4326 bare
2848 4281 2924 4327 ac
2977 4260 3378 4326 confundere
3431 4262 3679 4338 omnia,
3739 4264 3888 4339 [pag.
3933 4269 4077 4341 189]
4133 4284 4303 4347 quae
4356 4288 4475 4350 per
4522 4289 4599 4336 se

2627 4346 2789 4411 alias
2833 4346 2997 4411 satis
3041 4346 3210 4411 bene
3253 4346 3566 4413 distincta
3608 4346 3840 4412 erant?

2798 4431 2986 4497 Nihil
3022 4443 3243 4498 tamen
3279 4432 3457 4497 aliud
3494 4432 3742 4497 sentire
3776 4453 3848 4498 se
3883 4433 3972 4498 all

2626 4517 2772 4582 istis
2825 4517 3192 4585 Ezechielis
3247 4518 3473 4584 verbis
3528 4520 3929 4584 continetur:

2624 4624 2902 4682 novum,
2958 4611 3027 4670 et
3079 4605 3383 4686 spiritum
3427 4624 3675 4669 novum
3716 4603 3789 4669 in
3831 4605 4016 4672 vobis
4066 4626 4313 4688 ponam
4357 4615 4425 4674 et
4468 4630 4597 4675 au-

2623 4689 2828 4754 feram
2874 4711 2985 4756 cor
3027 4689 3358 4773 lapideum
3412 4690 3494 4756 de
3537 4710 3736 4756 carne
3778 4697 4030 4769 vestra,
4075 4702 4143 4757 et
4187 4692 4356 4758 dabo
4400 4696 4597 4763 vobis

2622 4796 2737 4841 cor
2773 4795 3113 4854 carneum,
3172 4776 3538 4860 faciamque
3577 4783 3653 4840 ut
3694 4777 3765 4840 in
3809 4778 4175 4860 praeceptis
4228 4781 4399 4845 meis
4444 4800 4597 4846 am·

4096 4444 4142 4513 t,
4180 4455 4383 4519 quam
4415 4437 4599 4522 quod

4057 4521 4181 4587 abo
4240 4522 4431 4588 vobis
4472 4546 4597 4590 cor

2596 4861 2864 4927 ‘buletis
2907 4862 3179 4947 (Ezech.
3225 4867 3322 4940 ll,
3367 4866 3441 4926 19
3478 4869 3547 4928 et
3580 4866 3683 4941 36,
3720 4861 3854 4946 26).
3935 4862 4132 4929 Hanc
4175 4864 4357 4929 enim
4391 4886 4597 4949 prae-

2624 4948 3000 5013 venientem
3054 4949 3334 5031 gratiam
3394 4948 3903 5032 interpretatur,
3976 4958 4054 5013 ut
4104 4949 4177 5014 in
4239 4961 4599 5033 peccatore

2763 5117 2824 5182 1)
2861 5118 2943 5197 De
2979 5121 3155 5188 gratia
3188 5126 3244 5173 et
3280 5116 3453 5173 libero
3492 5116 3716 5171 arbitrio
3756 5114 3838 5171 17.

2761 5185 2823 5319 ἓξ
2858 5185 3321 5323 ἔξοιᾱέἔιῖιὲᾖιὶοηο
3358 5259 3417 5309 ct
3449 5253 3642 5322 gratia.
