4967 5992
421 292 549 357 469

420 500 463 546 a
503 480 650 546 Deo
692 479 958 545 veniam
974 529 991 558 ,
1035 486 1356 563 tanquam
1400 479 1725 562 optimum
1811 478 2100 544 iaculum
2113 530 2131 558 ,
2193 477 2384 544 adhi-

418 567 597 634 bent.
686 563 896 646 Quasi
939 586 1097 632 vero
1153 563 1238 631 ad
1291 565 1576 648 ineptias
1620 583 1783 648 quas
1815 564 1947 630 ‘bet
1983 565 2384 647 prostituere

418 672 658 735 cerpus
710 671 862 717 sum
916 650 1205 718 voluerit
1245 649 1583 729 Christus,
1638 670 1844 733 quum
1876 647 2047 714 illud
2081 649 2272 716 nobis
2307 650 2382 715 in

419 744 831 806 sacramente
885 735 1084 802 dedit.
1173 733 1353 817 Quid
1409 736 1588 802 enim
1641 735 1939 802 eontinet
1988 735 2378 820 promissio?

417 844 556 891 non
596 821 779 888 aliud
819 821 1084 902 scilicet,
1130 822 1259 889 nisi
1290 843 1431 900 nos,
1474 822 1727 904 quoties
1762 839 2017 888 sacram
2058 821 2201 886 eius
2236 841 2379 887 eoe-

417 930 577 976 nam
619 907 1025 993 peragimus,
1082 908 1373 991 eorporis
1429 914 1499 972 et
1563 929 1596 973 s
1782 907 1797 920 '
1857 906 1870 920 ‘
1963 906 2174 989 ipsius
2225 926 2378 990 par-

417 997 648 1078 ticipes
691 994 847 1060 fere.
939 993 1264 1076 Accipite,
1320 992 1564 1075 inquit,
1618 990 1793 1057 edite
1810 1041 1826 1070 ,
1873 998 1940 1057 et
1977 989 2208 1058 bibite:
2255 991 2378 1058 hoe

416 1089 521 1150 est
561 1101 796 1163 eorpus
838 1100 1090 1155 meum,
1145 1078 1252 1143 hie
1294 1085 1398 1144 est
1657 1077 1670 1091 ‘
1751 1095 1967 1143 meus:
2020 1077 2210 1142 facite
2254 1077 2380 1143 hoc

413 1170 490 1234 in
530 1165 922 1232 memoriam
961 1164 1111 1230 mei.
1197 1163 1436 1230 Nonne
1477 1163 1545 1229 vi
1591 1182 1809 1241 emus,
1921 1162 2379 1230 remissionem

414 1255 725 1337 utrinque
781 1250 1104 1317 inclusam
1155 1270 1300 1315 esse
1358 1249 1497 1315 suis
1550 1248 1822 1326 finibus,
1875 1256 2057 1313 intra
2096 1267 2263 1331 quos
2306 1269 2379 1313 se

413 1340 799 1408 contineant
851 1342 1132 1418 oportet,
1201 1335 1314 1418 qui
1367 1333 1600 1402 volunt
1615 1385 1632 1413 ,
1676 1333 1849 1417 quod
1906 1333 2040 1400 illie
2083 1333 2377 1413 effertur,

415 1421 799 1510 percipere?
888 1420 1248 1486 Falluntur
1299 1440 1456 1505 erge
1469 1471 1486 1499 ,
1541 1419 1655 1504 qui
1711 1418 1894 1485 aliud
1949 1439 2148 1503 quam
2203 1440 2378 1484 eem-

415 1530 688 1576 munem
732 1527 977 1592 panem
1003 1514 1089 1571 .et
1130 1506 1480 1591 profanum
1526 1504 1770 1570 habere
1813 1525 1885 1571 se
1928 1512 2119 1569 extra
2158 1504 2378 1588 legiti-

417 1616 607 1662 mum
662 1612 905 1660 coenae
960 1612 1155 1658 usum
1215 1599 1468 1675 putant.
1557 1590 1742 1656 Hoee
1798 1611 1954 1656 vero
2009 1590 2379 1656 eommunis

416 1681 714 1747 emnium
756 1677 1141 1762 profanatio,
1186 1677 1359 1762 qued
1400 1674 1486 1741 ad
1526 1675 1785 1742 foedam
1828 1675 2376 1741 nundinationem

540 1764 691 1830 ’nde
735 1770 895 1830 sunt
935 1762 1261 1846 exposita,
1316 1782 1393 1828 ae
1437 1763 1492 1828 si
1537 1782 1672 1826 nen
1728 1762 1856 1827 alio
1899 1763 2032 1826 fine
2073 1761 2378 1827 instituta

415 1787 664 1929 ἔξω,
732 1869 932 1933 quam
994 1856 1073 1913 ut
1144 1848 1449 1933 quaestui
1519 1847 1832 1914 serviant.
1922 1846 2153 1930 Neque
2215 1866 2377 1912 vere

418 1934 736 2004 eiusmodi
789 1942 893 2002 est
933 1933 1353 2013 nundinatie,
1409 1954 1577 2017 quae
1622 1931 1794 1997 elam
1847 1938 1963 1997 aut
2006 1931 2378 1997 verecunde

381 2028 768 2089 ,tracteturz
816 2017 934 2086 sed
974 2019 1194 2102 palam
1235 2026 1608 2097 exercetur,
1656 2037 1789 2082 nen
1833 2038 2022 2083 secus
2065 2023 2263 2099 atque
2306 2018 2410 2082 in-

415 2109 556 2175 fore
595 2106 1005 2172 mercatorio.
1094 2102 1346 2181 Scitur,
1403 2104 1637 2186 quanti
1679 2101 1982 2184 singulae
2023 2101 2262 2167 missae
2303 2103 2378 2166 in

417 2213 671 2277 quaque
725 2192 995 2275 regione
1049 2198 1358 2256 veneant.
1447 2188 1620 2254 Aliis
1681 2188 1882 2252 etiam
1947 2188 2376 2253 constitutum

417 2286 520 2345 est
571 2299 766 2345 suum
831 2275 1135 2359 pretium.
1223 2273 1534 2356 Denique
1596 2271 1875 2355 templa,
1941 2277 2089 2350 [pag.
2142 2277 2256 2352 24]
2319 2274 2378 2339 si

415 2364 565 2449 quis
608 2364 778 2428 bene
822 2359 1179 2443 expendat,
1225 2358 1393 2424 nihil
1435 2380 1477 2425 a
1518 2358 1872 2423 meritoriis
1915 2358 2210 2424 tabernis
2253 2357 2377 2423 dif-

415 2452 668 2517 ferunt:
724 2454 793 2513 et
848 2445 1111 2510 nullum
1163 2451 1266 2510 est
1317 2465 1653 2511 sacrorum
1707 2464 1947 2527 genus,
2011 2443 2188 2526 qued
2241 2463 2378 2509 nen

415 2535 557 2601 illic
597 2538 853 2617 prestet
892 2530 1141 2598 venale.

592 2616 1111 2684 Gubernatienis
1162 2615 1641 2681 ecclesiastieae
1691 2613 1858 2681 vitia
1911 2614 1970 2679 si
2035 2633 2378 2679 recensere

415 2704 647 2784 velim,
725 2702 985 2768 nullum
1049 2700 1307 2766 dicendi
1369 2702 1575 2766 finem
1639 2700 1995 2765 inveniam.
2084 2699 2378 2764 Tantum

413 2790 626 2875 igitur
679 2787 1002 2854 crassiora
1053 2784 1402 2869 quaedam,
1460 2792 1530 2851 et
1580 2806 1748 2869 quae
1804 2783 2209 2851 dissimulari
2262 2805 2379 2850 ne-

417 2881 686 2960 queunt,
730 2872 1023 2939 breviter
1061 2871 1322 2937 notabo,
1394 2871 1748 2954 Principi0‚
1789 2871 2010 2955 ipsum
2053 2869 2379 2953 pastorale

415 2982 664 3027 munus
679 3011 696 3038 ,
752 2957 1039 3042 qualiter
1096 2979 1137 3022 a
1180 2955 1448 3024 Christo
1471 2957 1871 3037 ‚institutum
1912 2956 2155 3035 fuerat,
2213 2956 2379 3021 iam-

414 3044 672 3130 pridem
716 3042 1054 3110 obsolevit.
1143 3042 1504 3126 Episeopos
1547 3050 1725 3109 certe
1766 3049 1836 3108 et
1874 3057 2190 3124 pastores,
2237 3041 2379 3109 sive

461 3151 808 3213 necunque
846 3129 975 3193 alie
1017 3129 1284 3194 nemine
1327 3135 1680 3205 vocentur,
1724 3126 1874 3192 ideo
1917 3127 2233 3209 praefecit
2274 3147 2379 3192 ee-

418 3154 655 3283 glesiae
698 3214 1029 3292 Christus,
1073 3221 1244 3278 teste
1286 3213 1517 3290 Paulo,
1561 3221 1642 3278 ut
1683 3233 1830 3277 eam
1873 3233 2039 3277 sana
2080 3211 2380 3278 doctrina

419 3302 785 3370 aedificent.
851 3298 1235 3366 Secundum
1276 3298 1448 3364 hanc
1489 3297 1809 3382 regulam,
1853 3297 2077 3364 nullus
2121 3305 2223 3363 est
2265 3319 2379 3365 ve-

419 3409 534 3455 rus
589 3386 897 3453 ecelesiae
950 3392 1205 3467 pastor,
1259 3384 1390 3449 nisi
1442 3383 1556 3468 qui
1598 3382 1873 3450 docendi
1916 3404 2190 3449 munere
2229 3382 2379 3448 fun·

419 3475 622 3560 gitur.
688 3474 784 3538 At
824 3469 1021 3536 hodie
1063 3470 1432 3554 quicunque
1453 3471 1590 3535 fere
1625 3468 1900 3534 titulum
1935 3469 2184 3535 habent
2226 3488 2378 3551 pas-

419 3568 636 3626 torum
651 3610 666 3637 ,
724 3557 794 3622 id
837 3556 1058 3622 oneris
1099 3555 1185 3620 ad
1237 3554 1401 3622 alios
1437 3554 1844 3639 ablegarunt.
1914 3555 2025 3620 Ex
2061 3554 2379 3638 episeopis

417 3646 537 3713 vix
595 3644 994 3710 centesimus
1047 3642 1322 3725 quisque
1377 3641 1780 3724 reperietur,
1836 3641 1948 3724 qui
1993 3648 2379 3724 suggestum

416 3749 716 3811 unquam
780 3727 1054 3794 docendi
1119 3727 1338 3811 gratia
1401 3725 1818 3793 conscendat.
1909 3726 2048 3792 Nec
2112 3726 2375 3791 mirum.

418 3815 859 3899 Episcopatus
906 3813 1085 3879 enim
1118 3813 1191 3877 in
1234 3813 1555 3897 satrapias
1600 3811 2104 3896 degenerarunt.
2161 3811 2381 3877 Mino-

417 3902 513 3966 ris
558 3906 781 3965 autem
813 3897 1061 3963 ordinis
1096 3904 1407 3980 pastores,
1453 3898 1562 3964 vel
1596 3898 1794 3981 nugis
1833 3919 1875 3964 a
1906 3896 2161 3963 Christi
2191 3918 2379 3962 man·

419 3985 575 4052 dato
627 3986 700 4049 in
751 3990 964 4049 totum
1004 3982 1237 4050 alienis
1290 4005 1538 4055 munus
1582 4004 1780 4049 suum
1822 3983 2099 4066 implere
2143 4003 2214 4048 se
2257 4002 2379 4065 pu·

416 4078 586 4148 tant,
631 4070 741 4137 vel
784 4070 1238 4154 episcoporum
1280 4068 1617 4153 exemplo,
1677 4069 1850 4135 hane
1890 4070 2107 4153 ipsam
2150 4088 2380 4135 euram

418 4157 726 4223 reiieiunt
787 4156 860 4221 in
903 4154 1185 4220 alierum
1240 4154 1567 4222 humeros.
1654 4154 1821 4221 Inde
1863 4152 2381 4221 sacerdotiorum

420 4242 775 4310 locationes
829 4262 963 4306 nen
1021 4241 1246 4307 minus
1300 4242 1610 4320 usitatae,
1680 4261 1879 4324 quam
1931 4239 2375 4324 praediorum.

421 4327 601 4410 Quid
656 4327 961 4395 velumus
1015 4325 1341 4409 amplius?
1398 4325 1739 4409 spirituale
1780 4326 2078 4411 regimen
2122 4325 2295 4409 quod
2339 4347 2380 4391 a

419 4413 692 4481 Christe
734 4412 1265 4480 commendatum
1308 4411 1497 4478 nobis
1540 4413 1782 4490 fuerat,
1828 4419 2042 4478 tetum
2076 4433 2114 4477 e
2162 4409 2378 4477 medie

422 4498 758 4566 sublatum
800 4506 927 4565 est:
974 4519 1147 4565 nova
1187 4504 1256 4564 et
1299 4498 1653 4564 confictitia
1684 4497 2096 4582 gubernandi
2130 4497 2381 4581 speeies

423 4584 817 4665 introducta,
858 4605 1027 4668 quae
1071 4592 1407 4668 uteunque
1447 4583 1627 4649 illius
1669 4583 1936 4649 nomine
1978 4583 2378 4661 venditetur,

424 4669 637 4736 nihilo
678 4681 901 4737 tamen
941 4670 1095 4755 plus
1128 4668 1581 4736 similitudinis
1614 4690 1768 4736 eum
1807 4690 1885 4735 eo
1918 4668 2138 4748 habet,
2181 4689 2379 4751 quam

425 4756 716 4823 mundus
756 4778 909 4824 eum
950 4777 1157 4841 regno
1200 4754 1468 4823 Christi.
1558 4753 1754 4836 Quod
1807 4755 1868 4821 si
1907 4753 2077 4819 mihi
2118 4753 2383 4820 obiiciat

427 4846 580 4923 [pag.
621 4848 727 4922 25]
772 4843 1116 4927 quispiam,
1160 4863 1295 4909 nen
1337 4840 1559 4908 deberi
1602 4830 1815 4906 ordini
1858 4839 2121 4924 eulpam
2160 4840 2255 4906 im
2303 4860 2381 4904 u-

426 4928 577 5006 tari,
622 4929 680 4994 si
721 4929 837 5012 qui
868 4929 1156 4996 officium
1199 4948 1335 4994 nen
1363 4927 1636 4995 faciant:
1680 4927 1973 5010 primum
1996 4945 2239 5009 respon
2285 4946 2381 5005 eo,

425 5013 680 5080 malum
735 5014 982 5098 passim
1305 5015 1319 5029 '
1336 5064 1353 5093 ,
1408 5018 1488 5080 ut
1538 5014 1609 5080 in
1656 5012 1988 5097 publicam
2038 5022 2384 5079 consuetu-

426 5098 653 5165 dinem
695 5100 832 5165 iam
861 5100 1219 5166 transierit.
1271 5099 1535 5166 Deinde
1575 5106 1655 5165 ut
1677 5100 2009 5185 fingamus
2052 5098 2387 5182 episcopos

426 5205 659 5252 omnes
674 5236 690 5266 ,
752 5190 821 5251 et
870 5183 1034 5252 alies
1084 5185 1412 5253 inferioris
1463 5185 1710 5271 gradus
1760 5183 2179 5271 presbyteros
2221 5182 2385 5251 resi-

1771 290 2500 360 assemsum
2542 289 3092 361 secessus.
3182 380 3191 389 Ι

4320 305 4453 369 4⁷0

2486 478 2645 546 dere
2676 479 2752 545 in
2793 501 2917 547 sua
2958 501 3283 565 quemque
3326 483 3639 563 statione,
3693 485 4037 572 moreque
4075 490 4252 572 qued
4291 513 4453 559 suae

2484 565 2905 648 professionis
2969 587 3112 633 esse
3153 566 3349 635 hodie
3388 569 3773 652 opinantur:
3844 572 4003 657 quid
4056 573 4183 642 hoe
4224 582 4454 644 tamen

2485 648 2572 715 ad
2623 671 2856 717 verum
2899 651 3153 719 Christi
3192 652 3625 721 institutum?
3714 655 4054 724 Canerent
4101 667 4217 726 aut
4267 683 4452 729 mur-

2484 746 2829 803 murarent
2868 736 2942 803 in
2987 738 3262 822 templo,
3320 738 3708 808 histrionico
3751 744 3999 809 vestitu
4043 766 4115 812 se
4157 753 4449 813 ostenta-

2483 828 2663 901 rent,
2717 830 3102 889 exercerent
3153 823 3396 892 multas
3439 829 3898 895 caeremonias.
3985 830 4289 897 Docendi
4331 841 4452 899 aut

2482 926 2667 987 rara,
2736 916 2853 1007 aut
2916 908 3101 975 nulla
3163 929 3342 977 eura.
3432 911 3646 978 Nemo
3712 921 3966 992 autem,
4044 936 4128 981 ex
4194 916 4446 984 Christi

2480 1000 2886 1091 praescripto
2899 1044 2915 1073 ,
2970 995 3259 1079 episcopi
3302 1004 3420 1062 aut
3473 999 3756 1081 pastoris
3803 1021 4047 1066 nemen
4093 1000 4446 1070 vendicare

2481 1076 2609 1226 sfibi
2668 1084 2911 1178 petest,
2980 1082 3093 1163 qui
3155 1102 3428 1166 gregem
3492 1103 3691 1149 suum
3753 1104 3892 1150 non
3956 1094 4183 1170 paseat
4244 1088 4448 1155 verbo

2554 1182 2778 1228 emim.

2658 1248 2806 1314 Iam
2862 1270 3067 1333 quum
3123 1252 3469 1319 sanctioris
3524 1255 3706 1321 vitae
3762 1256 4067 1339 exemplo
4124 1258 4449 1325 excellere

2485 1332 2635 1399 aliis
2683 1340 2759 1398 et
2809 1335 3185 1417 praelucere
3243 1335 3524 1404 debeant
3575 1340 3689 1423 qui
3740 1341 4053 1408 ecelesiae
4107 1353 4449 1425 praesunt,

2484 1439 2684 1502 quam
2729 1418 2894 1486 bene
2936 1420 3263 1487 vocationi
3307 1443 3468 1489 suae
3511 1426 3914 1509 respondent
3952 1428 4027 1492 in
4070 1427 4196 1496 hae
4240 1436 4447 1513 parte,

2483 1506 2598 1587 qui
2640 1502 2818 1572 hune
2861 1505 3142 1589 gradum
3184 1506 3380 1573 hodie
3421 1510 3788 1593 occupant?
3879 1511 4105 1593 Quum
4148 1511 4233 1579 ad
4267 1535 4449 1580 sum·

2484 1610 2670 1654 mum
2722 1592 3157 1674 corruptionis
3227 1593 3516 1659 mundus
3575 1597 3836 1662 venerit
3849 1647 3865 1675 ,
3931 1598 4156 1664 nullus
4222 1605 4448 1666 tamen

2484 1682 2588 1739 est
2640 1674 2799 1740 erdo
2814 1726 2832 1754 ,
2887 1679 3068 1741 omni
3119 1678 3525 1762 flagitiorum
3579 1698 3821 1765 genere
3876 1684 4088 1767 magis
4143 1685 4444 1752 refertus.

2480 1759 2758 1826 Utinam
2793 1781 2916 1826 sua
2952 1761 3329 1829 innocentia
3372 1765 3749 1832 refellerent
3826 1766 3960 1832 uod
3994 1768 4156 1834 dice.
4224 1767 4449 1850 Quam

2478 1843 2765 1945 libenter
2829 1847 3160 1946 extemplo
3235 1856 3682 1916 retractarem.
3773 1788 3911 1918 god
3991 1861 4144 1919 ante
4222 1853 4446 1921 oeulos

2480 1951 2776 1996 omnium
2830 1941 3131 2015 expos1ta
3184 1941 3286 1999 est
3328 1954 3556 2000 eorum
3592 1937 3971 2019 turpitude,
4029 1946 4215 2020 patet
4256 1940 4469 2005 inex·.

2527 2014 2741 2082 lebilis
2795 2037 3024 2082 eorum
3067 2019 3349 2085 avaritia
3392 2026 3460 2083 et
3500 2040 3577 2085 ra
3621 2024 3850 2100 scitas,
3908 2030 4092 2106 patet
4133 2025 4446 2091 intolera-

2526 2100 2636 2167 ilis
2679 2102 2989 2185 superbia
3025 2111 3093 2168 et
3135 2103 3506 2171 erudelitas.
3577 2042 3943 2189 {mpudieis
3985 2109 4448 2176 saltationibus

2481 2193 2897 2269 perstrepere
2941 2208 3169 2253 eorum
3221 2188 3449 2255 domos
3467 2240 3485 2269 ,
3542 2190 3725 2257 aleae
3782 2192 4079 2258 studium
4121 2194 4258 2260 illie
4314 2196 4447 2262 fer·

2481 2292 2638 2337 vere
2653 2322 2671 2351 ,
2717 2273 3218 2340 comessationes
3260 2274 3811 2357 intemperantiae
3845 2277 4078 2360 plenas
4122 2278 4258 2345 illie
4304 2281 4447 2364 agi-

2481 2358 2639 2436 tari,
2694 2378 2879 2423 mere
2932 2364 3000 2424 et
3041 2379 3167 2425 usu
3209 2368 3549 2442 receptum
3590 2368 3708 2427 est.
3776 2362 4052 2429 Deliciis
4096 2369 4166 2429 et
4211 2366 4446 2448 quovis

2479 2442 2664 2521 luxu,
2709 2451 3023 2525 tanquam
3043 2444 3400 2528 praeclaris
3434 2447 3791 2512 virtutibus
3820 2447 4207 2531 gloriantur.
4236 2449 4285 2533 ι)
4352 2449 4449 2516 Ut

2480 2526 2613 2593 alia
2650 2538 2934 2594 taceam:
2994 2529 3397 2610 caelibatus,
3439 2552 3566 2614 quo
3609 2553 3744 2598 uno
3789 2531 4020 2598 haberi
4061 2535 4288 2599 eximii
4328 2556 4449 2601 ve-

2480 2612 2666 2692 lunt,
2735 2622 3058 2696 quantum
3113 2615 3316 2683 habet
3380 2621 3528 2697 [pag.
3567 2622 3676 2698 26]
3737 2619 4138 2700 spurcitiae?
4226 2619 4449 2686 Pudet

2482 2719 2590 2763 me
2631 2705 2931 2784 retegere
3015 2721 3140 2766 uae
3194 2721 3548 2785 suppressa
3590 2702 3886 2781 mallem,
3942 2704 4138 2770 modo
4182 2705 4446 2771 silentio

2488 2790 2758 2866 possent
2798 2784 2968 2850 cerri
3040 2835 3055 2849 .
3143 2785 3375 2869 Neque
3431 2793 3661 2852 tamen
3710 2788 3968 2855 oeeulta
4023 2792 4101 2854 in
4151 2789 4447 2855 medium

2491 2872 2846 2952 proferam:
2904 2870 3168 2955 quando
3231 2871 3381 2954 plus
3446 2873 3607 2939 satis
3660 2873 3995 2939 foeditatis
4046 2885 4114 2941 et
4176 2876 4449 2958 probro·

2481 2976 2634 3021 rum
2692 2956 2935 3038 alioqui
2976 2957 3111 3022 iam
3166 2964 3459 3040 apparet.
3548 2956 4108 3044 Quotusquisque,
4160 2961 4449 3041 obsecre,

2480 3040 2793 3107 sacerdes
2839 3049 2941 3106 est
2982 3062 3024 3107 a
3065 3044 3459 3108 scortatione
3500 3044 3753 3127 purus?
3842 3046 3989 3111 Ime
4032 3067 4230 3130 quam
4271 3046 4444 3112 mul·

2480 3132 2703 3191 torum
2725 3125 2959 3192 demus
2984 3127 3383 3211 quotidianis
3405 3130 3652 3212 stupris
3680 3137 3838 3195 sunt
3856 3131 4184 3198 infames?
4221 3130 4445 3213 Quam

2480 3210 2726 3276 multas
2767 3210 3078 3278 honestas
3131 3212 3416 3280 familias
3469 3215 3657 3298 vagis
3713 3216 3850 3281 suis
3907 3215 4290 3283 libidinibus
4342 3219 4447 3282 in-

2478 3296 2799 3447 quinant?
2904 3297 3232 3381 Equidem
3299 3321 3422 3365 nee
3486 3298 3907 3367 traducendis
3977 3321 4208 3366 eorum
4265 3303 4448 3369 vitiis

2525 3382 2793 3448 elector:
2857 3403 3071 3467 neque
3122 3381 3194 3447 id
3235 3391 3337 3450 est
3377 3386 3513 3449 mei
3565 3387 3900 3469 prepositi.
3991 3384 4254 3470 Operae
4296 3407 4446 3470 pre-

2478 3470 2647 3533 tium
2705 3475 2937 3533 tamen
2978 3474 3081 3534 est
3121 3469 3525 3552 expendere,
3579 3477 3903 3554 quantum
3936 3492 4015 3536 ea
4056 3473 4222 3552 vita,
4279 3492 4448 3555 quae

2481 3553 2732 3637 passim
2786 3553 2980 3619 hodie
3034 3555 3109 3620 in
3164 3553 3395 3622 ordine
3449 3555 3835 3622 sacerdotali
3878 3558 4307 3641 conspicitur,
4364 3557 4449 3624 ab

2482 3659 2564 3705 ea
2613 3638 2953 3719 dissideat,
3011 3661 3181 3723 quae
3220 3662 3412 3708 veros
3452 3640 3707 3708 Christi
3753 3650 3821 3708 et
3864 3643 4175 3710 ecclesiae
4213 3644 4448 3711 minis·

2479 3732 2623 3791 tros
2668 3723 2944 3792 deceret.

2654 3811 2844 3877 Haec
2910 3831 3169 3896 quoque
3235 3832 3390 3895 pars
3456 3821 3560 3878 est
3623 3812 4047 3882 ecelesiastici
4101 3813 4445 3900 regiminis

2479 3917 2617 3962 non
2658 3904 3015 3979 postrema,
3060 3903 3137 3963 ut
3178 3897 3304 3963 rite
3348 3916 3426 3963 ae
3467 3896 3696 3964 ordine
3737 3899 4071 3984 eligantur
4116 3909 4186 3965 et
4228 3899 4444 3984 desig-

2481 3989 2728 4048 nentur
2769 3981 2855 4047 ad
2895 3982 3213 4062 efficium,
3270 3984 3385 4067 qui
3427 3984 3793 4067 praefuturi
3836 3994 4011 4052 sunt.
4101 3984 4444 4051 Habemus

2482 4089 2556 4133 re
2651 4067 2787 4133 lam
2839 4089 2924 4134 ex
2979 4067 3183 4135 verbo
3224 4068 3387 4149 Dei,
3449 4069 3535 4135 ad
3578 4091 3777 4155 quam
3821 4072 4172 4137 electiones
4217 4091 4447 4137 omnes

2482 4154 2664 4237 exlgi
2704 4154 3064 4237 oportebat.
3127 4154 3422 4221 Exstant
3458 4157 3669 4221 multa
3711 4164 4013 4222 veterum
4043 4157 4446 4241 synodorum

2482 4239 2767 4319 decreta,
2814 4240 3048 4323 quibus
3083 4240 3447 4324 prudenter
3480 4249 3548 4306 et
3590 4241 3942 4326 diligenter
3976 4242 4446 4326 praescribun-

2483 4334 2594 4391 tur
2635 4345 3070 4410 quaeeunque
3126 4325 3211 4392 ad
3266 4335 3515 4392 rectam
3565 4326 3853 4412 eligendi
3908 4328 4188 4393 formam
4237 4328 4440 4411 perti-

2483 4418 2663 4477 nent.
2752 4411 3106 4478 Proferant
3182 4412 3546 4480 adversarii
3637 4413 3880 4492 nestri,
3970 4413 4081 4480 vel
4172 4414 4444 4479 unicum

2481 4497 2864 4582 exemplum
2905 4496 3257 4565 canonicae
3294 4498 3645 4577 electionis,
3693 4505 3762 4564 et
3803 4519 3915 4564 eos
3934 4499 4170 4566 vicisse
4213 4518 4449 4566 conee-

2626 4786 2687 4855 1)
2730 4786 2889 4843 Haec
2936 4786 3133 4843 Gallus
3178 4786 3408 4843 Βὸσνόιω
3453 4789 3537 4843 ita
3580 4788 3775 4845 vertit.-
3816 4788 3893 4844 Ils
3936 4790 4181 4845 tiennent
4237 4804 4444 4844 comme

2488 4856 2656 4912 chose
2692 4858 3004 4926 approuvee
3049 4871 3154 4938 par
3188 4872 3389 4911 umes
3402 4899 3417 4924 ‚
3464 4856 3673 4914 d'avoir
3707 4857 3903 4913 brelan
3947 4857 4016 4913 de
4051 4859 4177 4914 ieux
4213 4857 4445 4912 deshon-

2485 4931 2674 4981 nestes
2694 4940 2764 4980 en
2799 4925 2944 4980 leurs
2961 4940 3217 4992 maisons,
3255 4940 3459 4980 comme
3496 4924 3562 4980 de
3600 4933 3780 4982 cartes
3814 4934 3871 4982 et
3906 4925 3974 4981 de
3999 4926 4128 4982 dez:
4167 4924 4257 4995 d’y
4291 4925 4448 4980 aveir

2486 4993 2676 5049 dames
2708 4995 2781 5047 im
2821 4993 3047 5063 udiques
3083 5000 3141 5049 et
3174 4992 3311 5049 faire
3344 4995 3618 5063 banquetz
3654 4994 4059 5052 deserdennez:
4096 4992 4305 5050 d’avoir
4338 4994 4450 5048 eui·

2489 5062 2607 5118 sine
2641 5062 2781 5117 frian
2819 5077 2851 5117 e
2887 5070 2945 5117 et
2976 5062 3124 5117 table
3157 5064 3465 5118 excessivo:
3512 5062 3711 5119 d’estre
3749 5070 4075 5133 somptueux
4121 5079 4189 5119 en
4225 5078 4451 5118 acceus-

2486 5138 2726 5187 tremens
2760 5137 2819 5186 et
2848 5137 3036 5187 toute·
3068 5136 3255 5187 austes
3288 5147 3544 5202 pompos,
3592 5132 3660 5188 de
3698 5131 3814 5188 s'en
3848 5131 4091 5202 glerifler
4137 5146 4344 5187 comme
4380 5129 4455 5185 de

2488 5199 2663 5255 belles
2695 5205 2904 5256 vertas.
