4967 5992
552 362 633 424 47
1868 357 1992 421 LE
2036 354 2640 422 OATEOHJSME
2683 357 2812 422 DE
2854 357 3255 424 GENEVE.
4476 358 4557 421 48

551 547 722 615 belle
765 566 1128 630 apparence
1162 567 1284 629 par
1326 543 1590 611 dehors:
1635 545 1691 609 si
1736 554 1885 609 sont
1919 543 2076 609 elles
2114 545 2503 622 mauvaises,

552 634 702 718 puis
743 653 871 715 666
905 631 967 695 16
1002 653 1201 697 66661
1235 639 1336 698 est
1367 651 1654 714 pervers,
1690 630 1907 714 lequel
1941 630 2173 697 DOEU
2206 629 2502 716 regardo.

1350 839 1417 873 m
1450 838 1707 873 mmm.

718 891 856 956 Par
900 889 1039 956 cela
1081 897 1154 953 tu
1191 889 1471 968 conclus,
1516 886 1645 971 que‘
1688 910 1853 953 nous
1887 909 1972 953 ne
2015 908 2313 971 pouvons
2357 908 2506 970 pre-

551 977 741 1045 venir
780 975 959 1040 Dieu
1003 995 1125 1058 par
1176 996 1298 1039 noz
1341 974 1640 1055 merites,
1698 995 1864 1058 pour
1906 973 2208 1038 l’induire
2253 979 2295 1038 6
2339 994 2506 1038 nous

552 1063 706 1129 bien
750 1063 938 1127 faire:
996 1062 1162 1127 mais
1206 1061 1617 1126 aucontraire
1658 1081 1742 1125 ne
1783 1060 2027 1126 faisons
2071 1079 2196 1142 que
2239 1059 2507 1124 l’irriter

552 1156 777 1214 contre
821 1169 1005 1212 nous.

1392 1249 1654 1303 n’nurm.

720 1320 943 1385 Voire.
1014 1321 1107 1386 Et
1147 1328 1462 1404 pourtant
1504 1317 1567 1383 ie
1611 1316 1701 1401 dy
1736 1338 1860 1400 666
1901 1338 2022 1401 par
2055 1338 2129 1383 sa
2171 1336 2333 1400 pure
2377 1316 2505 1380 mi-

553 1406 876 1473 sericorde
930 1415 995 1471 et
1048 1405 1249 1471 bonte
1265 1456 1280 1484 ,
1348 1425 1501 1470 sans
1568 1425 1821 1469 aucune
1888 1401 2366 1468 consideration
2421 1400 2505 1467 de

549 1514 671 1559 noz
716 1513 977 1558 oeuvres
992 1544 1008 1571 ,
1064 1492 1112 1555 il
1163 1512 1329 1555 nous
1375 1511 1415 1555 a
1543 1488 1840 1573 greables
1894 1511 1977 1555 en
2020 1488 2209 1554 Iesus
2251 1486 2501 1566 Christ,

550 1599 719 1644 nous
760 1579 1092 1660 imputant
1131 1576 1198 1641 16
1239 1575 1471 1642 iustice
1549 1574 1806 1658 'iceluy,
1853 1582 1919 1640 et
1953 1595 2037 1640 ne
2080 1595 2247 1640 nous
2285 1574 2502 1656 impu-

549 1671 698 1730 tant
739 1665 927 1746 point
968 1684 1089 1727 noz
1131 1662 1344 1727 fantes
1389 1661 1566 1743 (Tite
1611 1666 1668 1739 3,
1713 1662 1801 1743 5).

676 1768 683 1777 '
1348 1782 1415 1818 u.-
1449 1783 1708 1818 mmm.

721 1834 1071 1901 Oomment
1123 1832 1291 1898 donc
1334 1833 1543 1898 dis-tu
1584 1853 1713 1915 que
1766 1831 2073 1897 l’homme
2118 1839 2218 1897 est
2259 1831 2503 1896 iustifie

547 1942 671 2006 par
711 1919 907 2006 Foy?

1387 2019 1653 2074 L’nurm.

721 2092 976 2157 Pource
1027 2090 1215 2173 qu’en
1283 2098 1558 2175 croyant
1574 2141 1591 2168 ,
1658 2095 1724 2153 et
1789 2095 2100 2155 recevant
2151 2108 2237 2153 en
2290 2107 2498 2172 vraye

548 2179 759 2243 fiance
813 2175 895 2242 de
936 2197 1143 2243 cueur
1193 2175 1290 2241 les
1332 2195 1696 2258 promesses
1749 2173 1830 2240 (16
1874 2173 2244 2258 l'Evangile
2257 2226 2273 2253 ‚
2330 2194 2501 2239 nous

549 2271 821 2330 entrons
863 2285 948 2328 en
989 2261 1357 2346 possession
1401 2261 1481 2326 (16
1524 2271 1697 2327 ceste
1735 2261 1988 2326 iustice.

1284 2388 1323 2431 ,1
1348 2383 1415 2417 ue
1449 2383 1707 2418 mmm

723 2435 826 2499 'ru
869 2442 1124 2512 entens,
1169 2454 1298 2517 que
1332 2453 1583 2498 comme
1617 2432 1849 2498 DIEU
1884 2451 2051 2498 nous
2094 2431 2161 2496 la
2194 2441 2504 2513 presente

547 2541 669 2601 par
704 2519 1104 2604 l'Evangile‚
1151 2519 1332 2583 aussi
1374 2518 1437 2583 le
1479 2539 1721 2603 moyen
1764 2516 1846 2583 (16
1887 2517 1953 2581 16
1989 2518 2300 2597 recevoir,
2343 2518 2505 2584 c’est

546 2625 667 2688 par
709 2605 873 2691 Foy.

1400 2704 1665 2759 ὕεται-1111.

721 2773 896 2860 Ouy.

1313 2894 1379 2929 m
1415 2896 1672 2931 inmun.
1693 2876 1736 2941 ι)

719 2950 836 3026 [fol.
881 2949 988 3025 23]
1042 2945 1218 3011 Mais
1269 2945 1420 3029 puis
1474 2966 1599 3028 que
1647 2946 1824 3010 Dieu
1882 2967 2045 3012 nous
2099 2967 2140 3011 a
2192 2969 2323 3014 une
2376 2949 2503 3015 fois

548 3052 760 3111 recen,
804 3031 901 3096 les
945 3051 1207 3097 oeuvres
1246 3052 1374 3113 que
1416 3053 1581 3096 nous
1614 3032 1860 3097 faisons
1894 3053 2016 3115 par
2049 3052 2122 3098 sa
2157 3054 2369 3117 grace,
2414 3041 2500 3101 he

546 3117 670 3203 luy
713 3124 861 3184 sont
904 3116 1063 3183 elles
1101 3137 1220 3200 pas
1262 3115 1663 3200 plaisantes?

1394 3219 1657 3274 dmm.
1978 3270 1983 3275 .

720 3288 881 3374 06)Γ
912 3289 1084 3367 bien,
1120 3295 1355 3354 entant
1387 3288 1541 3373 qu’il
1572 3289 1670 3355 les
1703 3297 1966 3372 accepte
1998 3289 2498 3374 liberallement,

547 3383 615 3442 et
654 3395 786 3442 non
829 3396 947 3459 pas
991 3396 1156 3459 pour
1196 3374 1341 3440 leur
1381 3394 1621 3458 propre
1664 3374 1934 3459 dignite.

1342 3496 1410 3530 1013
1442 3496 1701 3532 mm.

720 3545 1109 3613 Comment?
1155 3567 1241 3611 ne
1285 3545 1624 3612 sont-elles
1665 3567 1786 3631 pas
1832 3546 2063 3632 dignes
2107 3548 2348 3617 d’estre
2390 3572 2498 3618 ac-

546 3641 821 3716 66116666,
867 3632 1014 3715 puis
1059 3632 1324 3714 qu’elles
1363 3632 1719 3715 procedent
1759 3632 1850 3698 du
1894 3634 2106 3700 sainct
2137 3636 2419 3721 EspritZ

1390 3733 1654 3788 n’mtrm.

720 3801 871 3866 Non
961 3823 1052 3866 as.
1144 3803 1207 3867 A
1247 3823 1440 3867 cause
1484 3803 1645 3884 qu’il
1679 3827 1728 3889 y
1769 3825 1810 3869 a
1850 3809 2177 3872 tousiours
2220 3809 2497 3893 quelque

544 3888 858 3953 infirmite
947 3909 983 3952 6
1025 3896 1249 3952 nostre
1292 3888 1478 3953 chair
1526 3889 1765 3955 11166166
1807 3912 2077 3977 parmy,
2137 3892 2297 3959 dont
2338 3894 2497 3962 elles

547 3985 697 4041 sont
736 3973 1058 4040 666111666.

1342 4095 1408 4129 LE
1442 4094 1698 4131 mum.

542 4232 611 4298 bl
692 4143 891 4295 ἳ91161
936 4166 1083 4211 6616
1118 4143 1286 4209 (16116
1329 4145 1391 4209 16
1437 4166 1675 4231 moyen
1721 4146 1801 4211 de
1844 4148 1939 4214 les
1984 4150 2223 4216 rendre
2268 4174 2497 4238 66166-

611 4253 683 4298 66
2196 4264 2203 4275 =

1271 4370 1274 4374 Δ
1395 4333 1659 4389 1361116111.

721 4400 798 4467 81
840 4402 1000 4467 61166
1043 4413 1191 4469 sont
1233 4403 1462 4468 faictes
1505 4425 1589 4469 en
1636 4405 1763 4490 foy.
1853 4405 2028 4472 O'est
2061 4414 2103 4473 6
2146 4407 2314 4489 dire,
2370 4432 2498 4493 666

544 4486 613 4549 16
652 4506 975 4567 personne
1011 4489 1136 4554 soit
1170 4498 1472 4555 66666166
1507 4513 1591 4555 611
1635 4511 1710 4557 66
1744 4493 2120 4559 conscience
2161 4516 2286 4578 666
2322 4495 2498 4562 Ι)166

546 4592 632 4635 116
674 4568 772 4636 166
814 4575 1194 4639 examinem
1248 4595 1367 4658 pas
1424 4584 1466 4641 6
1516 4577 1584 4641 16
1635 4579 1931 4663 rigueur:
1987 4580 2153 4646 mais
2208 4603 2291 4647 en
2345 4603 2496 4648 cou-

548 4666 748 4721 vrant
784 4657 881 4722 les
923 4659 1413 4741 imperfectione
1442 4669 1510 4728 et
1550 4663 1858 4745 macules,
1904 4687 2025 4748 par
2067 4665 2136 4732 la
2156 4675 2387 4752 purete
2414 4668 2496 4736 de

548 4742 735 4808 Iesus
780 4741 1025 4822 Christ,
1068 4746 1164 4810 les
1208 4745 1468 4812 tiendra
1511 4770 1759 4816 comme
1800 4752 2165 4833 parfaictes.

858 5118 916 5181 1)
954 5120 1035 5173 Le
1068 5119 1154 5173 20.
1191 5120 1486 5176 dimanehe.
1542 5149 1608 5160 —
1652 5125 1764 5179 Des
1798 5125 2003 5183 bonnes
2039 5146 2250 5187 oeuvres
2284 5134 2375 5201 qui
2410 5140 2535 5188 sont
2569 5134 2764 5188 faictes
2801 5150 2868 5189 en
2905 5134 3037 5203 Foy.
3087 5163 3154 5173 —
3205 5135 3282 5189 Le
3319 5151 3510 5201 moyen

2609 544 2897 611 habeant
2936 546 3007 611 in
3050 547 3258 613 oculis
3294 546 3655 623 hominum,
3699 546 3874 611 mala
3909 554 4066 612 sunt
4108 544 4558 623 nihilominus,

2560 699 2570 715 ‚
2608 630 2922 712 quamdiu
2964 652 3076 697 cor
3115 654 3394 715 pravum
3438 648 3565 729 est,
3622 631 3795 716 quod
3838 631 4187 716 praecipue
4230 632 4415 697 Deus
4457 630 4557 696 in·

2609 724 2849 781 tuetur.

3457 840 3716 875 mmm

2781 888 2960 955 Η1116
3014 891 3354 955 constituis
3372 942 3388 969 ,
3458 912 3590 955 non
3645 910 3836 973 posse
3898 911 4019 955 nos
4088 887 4244 953 ullis
4305 886 4562 953 meritis

2609 974 2830 1039 Deum
2865 976 3269 1059 praevenire,
3306 985 3422 1040 aut
3455 996 3810 1058 provocare
3856 976 3998 1041 eius
4048 973 4559 1040 beneficentiam.

2611 1056 2795 1140 Quin
2873 1063 3086 1144 potius
3153 1061 3466 1145 quidquid
3551 1070 3848 1127 tenemus
3915 1069 4034 1126 aut
4098 1059 4564 1145 aggrediamur

2609 1165 2900 1229 operum,
2947 1149 3082 1213 1166
3127 1169 3202 1214 66
3242 1147 3648 1214 damnationi
3686 1148 3826 1213 eius
3869 1147 4221 1239 subiacere.
4243 1148 4301 1229 ²)

3506 1269 3659 1305 PUER-

2781 1316 2894 1383 Sic
2938 1319 3164 1384 sentio:
3240 1319 3476 1402 Itaque
3517 1340 3703 1384 mera
3737 1339 3856 1385 sua
3899 1316 4365 1397 misericordia,
4411 1316 4560 1382 nul·

2559 1434 2566 1444 -
2605 1401 2796 1485 loque
2852 1423 3125 1487 operum
3177 1414 3479 1488 respectu
3494 1454 3508 1481 ‚
3575 1426 3693 1470 nos
3747 1404 3954 1488 gratis
4013 1404 4428 1486 amplectitur
4483 1404 4555 1468 in

2606 1486 2891 1568 christo,
2935 1498 3356 1574 acceptosque
3389 1491 3606 1572 habet,
3649 1490 3827 1555 illius
3860 1490 4180 1556 iustitiam
4223 1488 4412 1555 nobis
4453 1509 4562 1554 ac-

2606 1583 2861 1657 ceptam
2914 1574 3182 1643 ferendo
3196 1628 3213 1655 ,
3280 1599 3357 1642 ac
3411 1579 3468 1641 si
3522 1584 3747 1643 nostra
3805 1584 4006 1642 esset:
4082 1582 4350 1659 peccata
4403 1595 4561 1640 vero

2609 1670 2836 1725 nostra
2878 1661 3066 1727 nobis
3108 1683 3244 1728 non
3284 1661 3690 1747 imputando.

3457 1784 3715 1819 unum-mk.

2778 1829 3081 1913 Qualiter
3123 1854 3281 1920 ergo
3327 1833 3489 1900 dicis
3533 1833 3873 1899 iustificari
3917 1852 4039 1898 nos
4083 1830 4258 1897 fide?

2777 2087 3105 2171 Quoniam
3151 2091 3308 2157 dum
3342 2041 3779 2158 certgugrdis
3823 2089 4062 2157 fiducia
4098 2087 4564 2189 amplectimur

2605 2176 2933 2260 evangelii
2974 2179 3435 2260 promissiones
3451 2229 3465 2253 ,
3522 2178 3722 2243 huius
3739 2229 3754 2253 ,
3811 2198 4011 2260 quam
4056 2175 4227 2254 dioc,
4273 2176 4562 2240 iustitiae

2605 2263 3083 2344 possessionem
3118 2262 3595 2347 quodammodo
3640 2263 4079 2347 adipiscimur.

2778 2432 2924 2498 Hoc
2976 2454 3134 2517 ergo
3177 2437 3306 2501 vis:
3352 2386 3717 2514 iusffiffin,
3766 2443 3841 2500 ut
3885 2435 4072 2500 nobis
4113 2453 4231 2515 per
4272 2450 4563 2517 evange-

2605 2516 2771 2582 lium
2814 2519 3089 2583 offertur
3132 2541 3173 2585 a
3213 2521 3379 2599 Deo,
3424 2522 3520 2585 ita
3560 2520 3690 2586 fide
3734 2543 3774 2585 a
3815 2519 4004 2587 nobis
4046 2518 4263 2603 recipi.

3507 2728 3658 2764 PUER-

2783 2773 2898 2841 816
2941 2783 3056 2841 est.

2693 2870 2705 2883 ο
2875 2930 2884 2939 .
3445 2899 3703 2935 mmm

2779 2946 3059 3027 Verum,
3120 2969 3203 3014 ex
3245 2970 3373 3031 quo
3415 2970 3535 3016 nos
3579 2949 3782 3016 semel
3825 2949 4166 3034 amplexus
4210 2956 4310 3016 est
4351 2950 4557 3029 Deus,

2607 3053 2827 3099 annon
2877 3034 2980 3098 illi
3035 3041 3301 3118 accepta
3353 3042 3508 3101 sunt
3559 3057 3787 3120 opera,
3840 3056 4006 3121 quae
4050 3038 4284 3121 spiritu
4330 3044 4560 3103 sancto

2602 3139 2724 3184 nos
2768 3119 3093 3204 dirigente
3130 3121 3449 3186 facimus?

2774 3292 3057 3358 Placent
3094 3293 3211 3373 illi,
3256 3316 3391 3360 non
3432 3244 3737 3379 prssnffri'ae
3780 3300 4002 3361 tamen
4038 3294 4378 3380 dignitatis
4416 3316 4558 3363 me-

2605 3379 2750 3458 rito,
2796 3377 2911 3445 sed
2945 3387 3269 3463 quatenus
3306 3401 3427 3446 suo
3461 3383 3685 3446 favore
3718 3380 4078 3447 liberaliter
4111 3402 4190 3447 66
4222 3380 4555 3468 dignatur.

2774 3552 3008 3634 Atqui,
3056 3573 3258 3635 quum
3302 3574 3343 3617 a
3385 3575 3417 3618 s
3443 3502 3893 3619 ¹'iiiiltssuw'uganoto
3934 3553 4284 3637 prodeant,
4337 3574 4557 3622 annon

2603 3637 2897 3703 favorem
2936 3647 3398 3721 promerentur

2775 3810 2868 3874 At
2919 3808 3227 3875 nonnihil
3282 3759 4080 3893 sempeiuqinnquinamenti
4134 3817 4253 3893 [fol.
4304 3820 4412 3896 30]
4470 3834 4557 3881 ex

2602 3896 2987 3961 infirmitate
3031 3898 3247 3962 carnis
3294 3896 3663 3961 admixtum
3708 3905 3826 3976 est,
3872 3918 4001 3980 quo
4042 3898 4379 3968 vitiantur.

2767 4152 2968 4305 gude
3011 4155 3241 4238 igitur,
3297 4162 3410 4221 aut
3446 4104 3878 4239 granata-done
3923 4159 4066 4239 fiet,
4110 4165 4187 4223 ut
4228 4161 4372 4226 Deo
4412 4160 4554 4245 pla-

2602 4262 2764 4306 66611

3503 4362 3652 4397 run.

2777 4413 2938 4479 8616
2970 4419 3070 4479 est
3103 4410 3284 4492 fides,
3323 4433 3486 4496 quae
3511 4416 3792 4497 gratiam
3814 4416 3947 4480 illis
3982 4416 4308 4483 conciliet:
4346 4440 4554 4503 quum

2602 4499 2757 4563 11616
2808 4497 3087 4565 fiduciae
3130 4508 3307 4564 certo
3349 4499 3726 4580 innitimur,
3781 4523 3915 4567 non
3956 4514 4243 4570 ventura
4284 4526 4426 4571 esse
4470 4503 4557 4571 ad

2602 4584 2926 4651 calculum
2998 4585 3240 4650 summi
3297 4586 3490 4665 iuris,
3562 4586 3733 4670 quod
3787 4588 3998 4657 Deus
4034 4587 4121 4654 ad
4182 4591 4554 4658 severitatis

2602 4692 2759 4737 suae
2801 4671 3096 4754 regulam
3134 4672 3399 4756 exigere
3442 4673 3585 4755 ipsa
3626 4673 3818 4739 nolit:
3865 4673 3980 4739 sed
4008 4676 4281 4743 obtectis
4323 4698 4554 4743 eorum

2601 4758 2813 4836 vitiis,
2868 4766 2937 4823 et
2991 4755 3290 4824 sordibus
3344 4758 3596 4824 Christi
3648 4761 3936 4841 puritate
3991 4762 4417 4844 consepultis,
4474 4784 4553 4830 eo

2598 4843 2739 4909 loco
2785 4844 3038 4923 habeat,
3084 4864 3159 4909 66
3202 4846 3259 4908 61
3301 4845 3589 4926 perfecta
3629 4856 3853 4911 essent
3894 4855 3961 4911 et
4002 4847 4312 4927 absoluta.

3596 5151 3694 5189 our
3739 5135 3874 5192 faire
3911 5152 4122 5193 (11611166
4161 5139 4484 5209 aggreables
4519 5143 4555 5197 6

548 5184 699 5239 Dieu.
748 5216 801 5225 -
842 5187 923 5241 La
959 5204 1120 5263 yraye
1154 5191 1267 5258 Foy
1304 5189 1439 5244 n'est
1472 5192 1660 5246 iamais
1694 5194 1893 5261 oysive.
1927 5221 1996 5235 -
2030 5197 2145 5264 Qus
2181 5201 2312 5255 c'est
2347 5218 2450 5270 que
2486 5203 2663 5256 croire
2700 5218 2768 5256 en
2800 5203 2953 5256 Iesus
2989 5203 3183 5257 Ohrist.
3223 5233 3287 5241 —
3325 5203 3438 5272 Foy
3478 5210 3533 5258 et
3609 5205 3870 5260 enitence.

853 5257 912 5323 2)
958 5257 1103 5312 &aa
1138 5259 1423 5313 manuales
1460 5258 1593 5313 1561
1633 5277 1774 5331 seqq.
1808 5262 2033 5318 habent.-
2067 5268 2198 5321 nihil
2232 5286 2389 5337 quam
2427 5270 2544 5325 eius
2580 5273 2714 5324 iram
2748 5273 2917 5337 magis
2954 5288 3019 5326 ac
3055 5273 3224 5340 magis
3256 5274 3309 5326 in
3347 5288 3446 5327 nos
3481 5273 3793 5328 accendere.
