4967 5992
2033 378 2772 449 PROLEGOMENA.
4131 386 4419 455 XXVII

701 580 1209 669 IOANNIS
1280 580 1291 684 Ι
1371 592 1765 660 OALVINI
1807 593 1968 658 AD·
1987 591 2321 677 ΙΜΟΝΙΤΙΟ
2366 604 2516 674 QVA
2562 594 3005 682 O-flstenditur
3058 604 3258 681 quam
3316 608 3352 663 e
3396 618 3469 663 re
3512 597 3927 666 Christianae
3968 602 4126 685 reip.
4174 603 4291 688 fo-{
4310 612 4414 670 ret

392 707 794 776 Sanctorum
850 727 1124 789 corpora
1190 712 1259 770 et
1313 705 1620 788 reliquias
1674 703 1930 791 ve-llut
1980 703 2055 768 in
2110 704 2568 774 inuentarium
2621 708 2860 792 redigi:
2930 730 3097 793 quae
3152 716 3291 774 tam
3343 709 3414 773 in
3464 710 3473 792 Ι
3521 710 3718 777 Italia
3772 719 3970 794 quam
4038 713 4110 777 in
4170 713 4411 794 Gallia,

394 817 787 899 Germania,
842 818 1090 901 Hispa·
1110 804 1277 900 lnia,
1334 816 1739 899 caeterisque
1792 813 2169 899 regionibus
2222 815 2569 884 habentur.
2633 818 2648 896 Ι
2708 820 2770 884 Ε
2816 819 3073 886 Gallico
3129 841 3249 904 per
3305 820 3650 887 Nicolaum
3698 821 4072 890 Gallasium
4127 826 4196 889 in
4242 826 4407 907 sor-l

390 951 655 997 monem
696 930 1018 996 Latinum
1063 946 1400 995 conversa.
1444 932 1455 1007 ξ
1513 934 1866 1001 (Emblema.)
1920 925 1931 1009 Ι
1983 934 2352 1006 ΘΕΝΕῩΑΕ,
2403 927 2413 1013 Ι
2463 939 2610 995 PER
2652 939 2995 996 IOANNEM
3040 940 3469 1011 GERARDVM,
3521 932 3529 1016 Ι
3585 938 3767 998 1548.

703 1039 1053 1107 Emblema
1093 1040 1163 1103 in
1206 1038 1400 1104 titulo
1443 1038 1731 1121 positum
1774 1045 1876 1103 est
1927 1036 2148 1120 palma
2191 1058 2343 1103 oum
2394 1060 2601 1122 puero
2642 1062 2907 1106 ramum
2960 1041 3516 1126 apprehendente,
3564 1045 3805 1128 absque
3841 1045 4091 1131 adagio.
4161 1047 4410 1113 Forma

392 1152 543 1218 libri
585 1152 921 1219 octonaria
960 1150 1194 1216 minor.
1285 1147 1769 1230 quaterniones
1809 1169 1929 1214 sex
1972 1169 2121 1214 eum
2167 1148 2435 1215 dimidio
2480 1152 2780 1236 (A—G).
2870 1153 3167 1238 Paginae
3209 1161 3595 1220 numeratae
3634 1159 3734 1235 99,
3782 1158 4142 1223 centesima
4178 1178 4405 1224 vacua.

393 1262 711 1347 Sequenti
753 1263 905 1328 folio
948 1269 1128 1329 recto
1170 1260 1529 1344 inscriptus
1574 1268 1676 1326 est
1717 1258 1901 1327 locus
1945 1280 2023 1324 ex
2073 1261 2361 1326 secunda
2401 1262 2526 1346 Ep.
2575 1263 2658 1327 ad
2704 1263 3322 1331 Thessalonicenses
3363 1267 3710 1349 repetitus,
3756 1288 3949 1334 verso
3989 1289 4146 1334 vero
4192 1278 4410 1335 errata

390 1374 717 1441 nonnulla
768 1374 1203 1457 corriguntur.
1294 1371 1597 1454 Denique
1651 1370 1956 1436 ultimum
2013 1370 2242 1436 folium
2296 1393 2567 1438 versum
2625 1382 2818 1441 ornat
2882 1374 3141 1459 gladius
3197 1375 3484 1442 Gerardi
3538 1379 3881 1444 flammeus
3946 1379 4089 1446 sine
4156 1379 4406 1465 adagio.

391 1487 681 1552 'sextum
724 1483 1057 1569 praeeedit
1098 1484 1415 1569 praefatio
1459 1483 1837 1565 interpretis
1880 1481 2071 1548 haec:

1724 1679 2032 1744 Nicolaus
2079 1679 2418 1746 Gallasius
2444 1682 2592 1763 piis
2634 1681 2958 1748 lectoribus
3005 1681 3070 1748 S.

702 1817 1081 1884 Incredibile
1121 1816 1406 1899 profecto
1458 1816 1772 1882 videretur
1824 1821 1955 1881 tam
1997 1835 2216 1882 crassa
2258 1818 2611 1898 impostura
2655 1837 2730 1884 ac
2773 1822 2902 1883 tam
2944 1820 3255 1886 diuturna
3299 1822 3619 1888 seductum
3657 1823 3861 1904 fuisse
3903 1824 4110 1888 orbem
4153 1827 4408 1890 univer-

385 1951 561 2011 m,
617 1930 749 1996 nisi
802 1949 936 1995 rem
989 1931 1202 2010 ipsam
1244 1928 1441 1993 oculis
1482 1928 1900 2007 intueremur,
1948 1932 2132 2009 atque
2189 1928 2670 2011 intelliyeremus
2713 1933 2886 1995 iusta
2929 1929 3063 1995 Dei
3103 1932 3382 1998 vindicta
3424 1934 3497 1998 id
3535 1932 3775 2015 factum
3818 1954 3967 2013 esse,
4019 1941 4090 2000 ut
4131 1934 4409 2000 homines

384 2064 429 2106 a
471 2041 730 2106 veritate
773 2041 969 2106 alieni
1011 2040 1446 2106 addicerentur
1486 2039 1823 2119 mendacio,
1868 2044 2051 2119 atque
2090 2039 2183 2103 ita
2225 2045 2704 2105 excaecarentur
2745 2045 2814 2104 ut
2858 2061 3055 2121 error,
3101 2043 3264 2109 sicut
3305 2045 3402 2109 ait
3445 2043 3709 2125 Paulus,
3754 2046 3921 2111 vires
3964 2052 4020 2110 et
4063 2046 4409 2128 efficaciam

386 2151 696 2220 obtineret.
792 2152 969 2232 Quod
1010 2171 1203 2233 quum
1244 2149 1425 2216 hodie
1468 2151 1778 2215 immensa
1810 2148 1942 2215 Dei
1985 2149 2249 2215 bonitate
2293 2151 2684 2232 patefactum
2727 2154 2811 2215 sit
2852 2157 2909 2217 et
2949 2155 3140 2222 veluti
3185 2154 3378 2237 diyito
3420 2162 3988 2237 commonstratum‚
4047 2177 4163 2222 nos
4206 2156 4411 2222 adhuc

384 2283 596 2329 caecos
638 2282 784 2343 esse,
829 2268 940 2327 aut
982 2263 1054 2327 in
1108 2261 1373 2326 tenebris
1427 2261 1778 2327 delitescere
1819 2260 2077 2326 minime
2118 2261 2296 2341 decet,
2337 2282 2534 2342 quum
2575 2263 2962 2341 praesertim
2998 2263 3131 2329 luce
3174 2266 3326 2331 adeo
3369 2265 3544 2330 clara
3604 2272 3662 2331 et
3714 2268 3926 2331 lucida
3970 2268 4280 2333 illustrati
4322 2269 4410 2333 si·

382 2394 551 2440 mus.
629 2373 945 2456 Equidem
985 2373 1160 2438 haud
1200 2372 1402 2437 ullum
1438 2370 1574 2453 fore
1618 2371 1888 2438 arbitror
1927 2372 2032 2437 cui
2073 2372 2199 2437 ista
2240 2392 2365 2438 non
2397 2376 2675 2455 pateant,
2719 2373 2852 2438 nisi
2895 2393 3076 2455 quem
3118 2395 3344 2441 sensus
3386 2376 3586 2457 plane
3633 2398 3846 2443 omnes
3885 2379 4254 2460 defecerint,
4299 2381 4410 2444 site

382 2506 506 2569 que
547 2485 786 2552 belluae
845 2505 1035 2567 quam
1090 2482 1329 2549 homini
1381 2482 1667 2549 similior.
1760 2481 1979 2565 Neque
2030 2484 2195 2548 enim
2246 2482 2348 2549 hic
2401 2484 2618 2548 subtili
2660 2484 2877 2566 ayitur
2919 2486 3193 2566 ratione,
3251 2488 3362 2553 sed
3405 2508 3507 2554 res
3550 2489 3695 2569 ipsa
3732 2495 4147 2569 monstratur,
4203 2490 4296 2555 ita
4339 2496 4410 2553 ut

383 2597 487 2663 vel
526 2596 954 2679 stupidissimi
1008 2616 1149 2662 eam
1192 2594 1556 2677 perspicere
1596 2594 1860 2677 possint.
1954 2594 2282 2660 Nostrates
2336 2600 2496 2660 certe
2550 2615 2741 2676 quam
2770 2596 3052 2678 plurimi
3103 2596 3212 2663 hoc
3252 2598 3522 2679 perlecto
3566 2599 3768 2665 libello
3811 2601 3964 2666 adeo
4007 2599 4409 2683 obstupefacti

383 2712 557 2788 sunt,
598 2712 670 2773 ut
710 2728 789 2773 ex
831 2713 1012 2773 antro
1056 2706 1328 2789 quodam
1357 2704 1680 2786 prodiisse
1719 2704 1845 2770 sibi
1886 2706 2258 2787 viderentur,
2303 2711 2486 2787 atque
2534 2706 2947 2789 affirmarent,
2990 2728 3057 2773 se
3099 2708 3170 2774 id
3211 2729 3540 2791 nunquam
3578 2710 3783 2793 fuisse
3823 2711 4181 2777 credituros.
4254 2710 4411 2778 Pro·

382 2818 539 2885 inde
590 2840 659 2885 re
701 2824 1033 2902 perspecta
1086 2819 1327 2883 maiore
1379 2816 1586 2882 studio
1638 2816 1844 2882 Deum
1896 2836 2191 2898 quaerere
2245 2822 2301 2882 et
2357 2818 2830 2901 superstitiones
2882 2818 3211 2886 exhorrere
3255 2826 3595 2902 coeperunt.
3693 2822 3868 2903 Quod
3910 2823 4194 2888 omnibus
4236 2844 4408 2889 even·

380 2937 605 2997 turum
643 2950 821 3013 spero
860 2931 973 3013 qui
1014 2930 1262 2995 invidia
1303 2929 1474 2993 omni
1515 2930 1796 3010 deposita
1838 2949 1978 2994 eum
2021 2933 2241 2994 attente
2280 2929 2555 3013 leyerint.
2645 2928 2871 3010 Itaque
2914 2949 3055 2996 eum
3098 2952 3129 2996 e
3180 2931 3407 3015 yallico
3450 2932 3721 2997 latinum
3758 2932 3910 3013 feci,
3969 2939 4037 2996 ut
4081 2933 4243 3000 nulli
4287 2954 4410 2998 non

382 3042 884 3120 communicetur,
929 3048 1113 3123 atque
1155 3042 1343 3106 etiam
1386 3043 1456 3104 ut
1497 3043 1766 3105 caeterae
1799 3040 2082 3106 nationes
2113 3039 2221 3106 hoc
2264 3041 2542 3121 exemplo
2585 3040 2910 3122 reliquias,
2955 3061 3118 3123 quae
3160 3042 3338 3123 apud
3372 3063 3481 3109 eas
3521 3063 3653 3109 esse
3683 3043 3999 3124 feruntur,
4035 3043 4403 3110 describant.

386 3152 526 3220 Nec
568 3153 735 3219 enim
786 3152 887 3218 hic
942 3151 1137 3217 unius
1193 3151 1464 3217 hominis
1516 3156 1605 3216 est
1657 3150 1846 3217 labor.
1941 3149 2176 3216 Plures
2230 3150 2288 3216 ei
2330 3152 2593 3216 intentos
2637 3171 2769 3216 esse
2809 3157 3067 3234 oportet,
3125 3159 3183 3219 et
3226 3174 3390 3236 quae
3433 3155 3504 3219 in
3547 3175 3924 3237 unaquaque
3964 3157 4215 3239 reqione
4257 3161 4406 3221 sunt

383 3264 683 3348 colliqere.
784 3261 1086 3329 Calvinus
1137 3263 1305 3328 enim
1353 3267 1561 3328 noster
1612 3281 1821 3327 omnes
1874 3263 2100 3327 rescire
2153 3281 2275 3327 non
2318 3263 2549 3341 potuit.
2647 3262 2920 3327 Tantum
2964 3283 3073 3329 eas
3115 3265 3455 3347 descripsit
3502 3285 3666 3347 quas
3718 3266 3850 3346 ipsi
3904 3271 4036 3331 tum
4075 3267 4287 3332 videre
4335 3267 4413 3331 li-

384 3376 547 3453 cuit,
604 3380 737 3439 tum
792 3376 974 3441 certis
1014 3373 1384 3440 testimoniis
1428 3374 1721 3457 accipere.
1817 3372 2159 3456 Propterea
2201 3372 2475 3438 libellum
2518 3372 2680 3440 hunc
2723 3374 3169 3440 admonitionis
3212 3375 3337 3441 loco
3389 3395 3521 3441 esse
3562 3376 3783 3456 voluit,
3828 3383 3924 3456 ut,
3980 3397 4174 3459 quum
4216 3397 4412 3458 prae-

383 3488 580 3569 cipua
616 3506 831 3551 rerum
871 3486 1084 3569 capita
1113 3486 1612 3567 perstrinxisset,
1654 3484 1886 3551 caeter-i
1928 3483 2157 3566 quibus
2197 3484 2417 3568 reliyio
2459 3485 2636 3550 cordi
2679 3488 2767 3550 est
2809 3486 3271 3569 accinyerentur
3311 3485 3459 3551 huic
3492 3487 3698 3566 operi:
3756 3506 3876 3568 quo
3917 3488 4123 3570 mayis
4165 3507 4239 3552 ac
4281 3508 4413 3552 ma-

380 3598 490 3682 9=is
530 3596 848 3662 hominum
889 3596 1230 3678 stupiditas
1271 3601 1329 3661 et
1371 3595 1899 3662 inconsiderantia
1941 3596 2145 3662 excuti
2187 3596 2456 3677 possint.
2537 3594 2675 3659 Hoc
2729 3595 2930 3679 iyitur
2970 3618 3013 3662 a
3068 3596 3236 3663 vobis
3277 3597 3580 3663 maiorem
3621 3599 3694 3663 in
3735 3598 3987 3663 niodum
4033 3604 4182 3680 peto
4225 3603 4411 3681 atque

388 3708 650 3788 obsecro,
693 3713 762 3773 ut
805 3713 1046 3773 tantum
1089 3707 1264 3789 apud
1305 3728 1414 3773 vos
1455 3707 1764 3788 ponderis
1804 3705 2023 3773 habeat
2064 3706 2165 3773 hic
2206 3705 2470 3785 libellus,
2516 3710 2820 3786 quantum
2861 3708 3039 3790 apud
3069 3708 3220 3790 pios
3261 3706 3538 3773 homines
3573 3707 3796 3775 habere
3838 3710 4037 3789 debet,
4084 3715 4273 3790 utque
4315 3709 4411 3775 la·

388 3818 597 3886 borem
636 3820 712 3884 in
744 3820 1029 3885 vertendo
1070 3839 1273 3884 meum
1316 3817 1458 3884 boni
1500 3822 1555 3883 et
1597 3818 1782 3900 aequi
1824 3816 2180 3883 consulatis.
2272 3815 2348 3881 Si
2390 3816 2560 3882 sales
2603 3822 2662 3882 et
2704 3818 2884 3897 iocos,
2929 3818 3159 3899 quibus
3200 3817 3467 3900 refertus
3502 3825 3606 3900 est,
3653 3821 3864 3886 minus
3907 3822 4208 3903 expressi,
4254 3821 4411 3903 coyi-

388 3935 515 3997 tate
555 3950 704 3996 suos
745 3931 966 4013 cuique
1006 3929 1262 4014 linquae
1302 3949 1436 3996 esse
1482 3929 1748 4012 lepores,
1795 3929 1906 4011 qui
1960 3928 2273 3995 interdum
2311 3928 2468 3993 aliis
2509 3947 2633 3993 non
2675 3930 3056 3996 conveniunt.
3144 3929 3232 3996 In
3274 3929 3383 3995 hoc
3425 3937 3579 3997 certe
3624 3932 4032 4013 potissimum
4075 3930 4407 4007 elaboravi,
4535 4010 4540 4019 Ι

387 4047 463 4107 ut
502 4046 799 4108 verterem
840 4042 1052 4107 omnia
1098 4040 1381 4122 fideliter.
1486 4040 1709 4107 Valete.
1800 4039 1965 4106 Idib.
2013 4038 2209 4105 Mart.
2257 4043 2456 4103 1548.

698 4153 806 4219 De
861 4152 1276 4220 versionibus
1333 4152 1607 4237 anglicis
1660 4161 1729 4217 et
1787 4152 2179 4237 germanicis
2233 4150 2357 4216 hoe
2408 4149 2551 4216 loco
2605 4150 2800 4234 plura
2856 4150 3095 4218 addere
3150 4151 3679 4236 supersedemus,
3736 4173 3857 4236 pro
3916 4162 4206 4234 tempore
4252 4151 4410 4215 satis

384 4262 707 4331 habentes
761 4263 1076 4332 lectorem
1133 4263 1217 4329 ad
1272 4264 1577 4329 notitiam
1632 4263 1994 4329 litei-ariam
2040 4283 2080 4328 a
2121 4263 2198 4327 P.
2245 4262 2486 4347 Henry
2530 4265 2966 4347 conseriptam
3021 4263 3324 4348 ablegare
3379 4264 3483 4343 (Τ.
3529 4264 3656 4329 IlI.
3705 4265 3877 4347 App.
3922 4284 3983 4344 p.
4035 4263 4187 4341 205)
4244 4280 4410 4345 quae

384 4382 612 4441 tamen
655 4375 1069 4459 aliquatenus
1113 4374 1570 4441 emendatione
1613 4374 1882 4460 indiget.
1975 4373 2245 4441 Scilicet
2285 4373 2501 4440 versio
2543 4373 2922 4459 Mylhusiae
2979 4375 3049 4440 in
3093 4374 3352 4440 Alsatia
3394 4396 3449 4439 a.
3504 4378 3665 4438 1559
3711 4375 4033 4457 impressa
4077 4373 4157 4437 ab
4203 4373 4412 4437 altera

382 4486 521 4554 Iao.
568 4486 1007 4572 Eysenbergii
1046 4487 1313 4553 omnino
1357 4485 1618 4553 diversa
1675 4493 1808 4566 est;
1864 4484 2221 4553 Fisohartii
2275 4504 2433 4549 vero
2490 4487 2898 4567 prooemium
2940 4487 3268 4569 poeticum
3313 4485 3445 4550 iam
3501 4493 3653 4548 ante
3698 4505 3754 4550 a.
3807 4490 3966 4548 1584
4012 4485 4082 4548 in
4128 4483 4412 4549 editione

382 4598 614 4683 aliqua
656 4600 813 4664 anni
853 4596 1324 4681 praecedentis,
1369 4618 1569 4682 quam
1613 4599 1736 4681 ipsi
1782 4595 2209 4680 possidemus,
2255 4602 2486 4661 exstat.
