4967 5992
378 335 497 397 369

376 520 795 603 colliquescat
849 520 1061 587 cordis
1116 519 1392 585 durities
1406 571 1421 598 ,
1491 520 1814 604 melleque
1877 541 1954 586 ae
2021 520 2329 586 sensibile

377 607 469 672 illi
514 629 627 672 eor
669 608 804 684 fiat,
851 612 919 672 et
959 613 1186 688 aptum
1230 604 1473 671 divinis
1517 606 2077 688 impressionibus.
2139 605 2329 671 Alte·

377 714 517 757 ram
573 701 828 776 partem
888 691 1123 776 accipit
1186 712 1307 774 pro
1361 691 1760 756 iustificante
1816 693 2058 775 gratia,
2118 699 2195 755 ut
2260 693 2331 756 in

377 779 504 843 Dei
545 779 909 861 praeceptis
953 776 1291 842 ambulare
1348 777 1636 861 incipiat.
1727 776 1874 843 Hoc
1917 777 2179 859 quidem
2226 799 2327 841 so-

376 864 570 929 lenne
628 873 729 929 est
792 864 932 929 eius
996 862 1347 928 artificium
1366 915 1382 941 ,
1457 863 1528 926 in
1594 861 1938 928 tractanda
2004 864 2330 945 scriptura

376 949 708 1032 quodlibet
754 970 834 1013 ex
881 948 1172 1031 quolibet
1227 950 1456 1015 faeere.
1544 948 1882 1030 Propheta
1926 948 2327 1031 metaphori-

376 1058 539 1112 cam,
584 1056 712 1118 qua
757 1057 912 1100 usus
954 1035 1187 1111 fuerat,
1232 1034 1680 1117 loquutionem
1715 1034 1997 1117 simplici
2032 1035 2328 1099 oratione

376 1123 662 1205 exponit.
752 1119 1094 1203 Siquidem
1138 1141 1220 1184 ex
1269 1118 1524 1204 lapideo
1568 1141 1680 1185 cor
1735 1121 1949 1185 facere
1994 1139 2324 1197 carneum,

375 1207 764 1290 metaphora
822 1214 937 1270 est.
1038 1207 1288 1271 Facere
1331 1215 1406 1270 ut
1459 1206 1590 1289 legi
1639 1205 1948 1271 obediant
2002 1205 2324 1282 homines,

375 1292 655 1376 simplex
721 1305 787 1356 et
843 1293 986 1357 sine
1033 1294 1248 1376 figura
1304 1293 1528 1356 oratic.
1618 1292 1748 1356 Hie
1803 1292 2181 1374 ingeniosus
2223 1291 2327 1353 in-

374 1393 629 1463 terpres
673 1401 755 1443 ex
800 1399 872 1442 re
914 1399 1046 1443 una
1090 1376 1253 1442 duas
1296 1378 1468 1442 facit.
1534 1377 1678 1441 Iam
1723 1376 1925 1442 verba
1969 1377 2329 1459 prophetae

373 1465 627 1532 levibus
669 1464 945 1548 argutiis
985 1463 1252 1527 trahere
1290 1462 1370 1527 ad
1407 1484 1602 1528 suum
1645 1464 2051 1546 propositum
2089 1460 2325 1527 studet.

374 1551 604 1634 Quum
660 1572 729 1615 se
778 1551 1104 1614 facturum
1167 1549 1489 1631 promittit
1534 1550 1748 1626 Deus,
1809 1556 1885 1613 ut
1941 1548 2013 1611 in
2057 1546 2328 1612 iustitiis

373 1638 511 1706 suis
564 1636 1005 1712 ambulemus,
1070 1656 1199 1699 non
1275 1635 1402 1699 nisi
1480 1632 1981 1717 cooperantibus
2046 1633 2330 1718 gratiam

371 1725 548 1789 hane
592 1742 662 1787 se
706 1722 1018 1786 daturum
1062 1719 1409 1804 significat.
1467 1720 1613 1785 Hoc
1656 1741 1909 1802 quoque
1954 1740 2152 1784 sensu
2187 1718 2326 1784 Da·

370 1807 490 1874 vid
534 1809 730 1882 canit,
777 1808 1062 1872 facturos
1116 1827 1235 1870 nos
1291 1807 1357 1870 in
1413 1806 1558 1871 Deo
1613 1808 1927 1871 virtutem
1971 1805 2175 1889 (Psal.
2226 1810 2325 1882 60,

378 1897 508 1976 14).
599 1893 753 1959 Huc
810 1891 1075 1956 tandem
1131 1891 1409 1956 redeunt
1453 1893 1706 1969 omnia,
1753 1891 1848 1956 sie
1887 1891 2109 1955 Deum
2155 1891 2328 1956 bona

370 1999 576 2064 opera
619 1980 832 2044 facere
876 1979 943 2041 in
990 1977 1393 2054 hominibus,
1439 1987 1514 2041 ut
1557 1977 1754 2042 simul
1800 1998 1879 2041 ea
1920 1978 2180 2041 faciant-
2208 1975 2325 2039 ho-

370 2067 616 2131 mines:
665 2086 784 2129 nec
823 2064 1014 2128 aliter
1048 2063 1378 2129 efficacem
1418 2084 1560 2127 esse
1596 2063 1896 2146 gratiam,
1933 2083 2130 2143 quam
2166 2060 2327 2125 dum

369 2151 597 2217 oblato
654 2151 843 2215 nobis
897 2150 1039 2214 eius
1101 2148 1347 2213 auxilio
1428 2168 1562 2212 non
1627 2145 1959 2211 desumus.
2059 2146 2328 2211 Interea

368 2259 512 2302 non
571 2235 1067 2308 animadvertit,
1124 2234 1296 2299 hane
1338 2253 1597 2315 quoque
1651 2241 1907 2315 partem
1964 2230 2324 2296 secundum

366 2344 483 2402 ea,
543 2341 711 2405 quae
766 2321 955 2395 citat,
1011 2319 1205 2384 Pauli
1262 2319 1488 2396 verba,
1548 2318 1671 2384 sub
1724 2319 1939 2402 gratia
1981 2318 2323 2395 contineri,

360 2430 450 2473 ne
505 2409 750 2472 frustra
790 2406 1133 2480 offeratur,
1179 2402 1293 2469 sed
1339 2402 1423 2468 ad
1464 2403 1780 2482 fructum,
1828 2402 1893 2467 id
1939 2413 2056 2480 est,
2102 2404 2185 2467 ad
2231 2405 2323 2468 ef-

358 2495 620 2558 fectum
676 2512 884 2572 usque
928 2490 1285 2573 perveniat.
1385 2489 1556 2553 Nam
1602 2511 1804 2571 quum
1862 2488 2069 2555 divini
2131 2488 2323 2554 bene-

357 2576 604 2662 placiti
655 2598 820 2660 opus
875 2597 1015 2641 esse
1071 2575 1353 2652 dicatur,
1421 2585 1489 2639 et
1541 2575 1713 2639 bona
1767 2576 1837 2638 in
1894 2573 2163 2639 homine
2206 2595 2322 2640 vo-

359 2665 611 2739 luntas,
658 2673 725 2726 et
762 2663 871 2745 qui
912 2661 1066 2726 inde
1108 2661 1403 2726 nascitur
1444 2668 1747 2738 conatus,
1793 2681 1999 2742 usque
2042 2659 2124 2724 ad
2170 2681 2324 2743 ope-

359 2751 455 2815 ris
522 2747 1073 2830 complementum
1092 2798 1105 2820 ,
1173 2746 1396 2811 offerri
1451 2754 1711 2810 tantum
1775 2747 2054 2830 gratiam
2072 2797 2085 2822 ,
2155 2766 2323 2828 quae

362 2834 554 2900 utilis
598 2833 859 2898 demum
905 2832 1127 2897 futura
1170 2833 1274 2909 sit,
1322 2833 1376 2897 si
1422 2852 1569 2896 eam
1615 2832 1900 2914 recipere
1945 2830 2197 2896 homini
2241 2832 2320 2895 li-

360 2921 549 2994 beat,
611 2920 828 2983 minus
882 2929 1058 2984 certe
1113 2917 1382 2982 dimidio
1435 2917 1613 2983 illius
1668 2928 1785 2983 est.
1875 2919 2081 3000 Atqui
2136 2917 2319 2981 dam-

360 3006 618 3072 nationi
663 3024 807 3070 esse
852 3004 1159 3088 gratiam,
1206 3006 1260 3076 si
1306 3012 1686 3087 respuatur,
1734 3001 1886 3068 alibi
1929 3002 2105 3067 idem
2143 3004 2319 3068 Pau-

357 3093 465 3158 lus
536 3091 729 3156 docet
793 3090 899 3154 his
952 3087 1176 3156 verbis
1232 3090 1455 3171 (Rom.
1497 3092 1555 3166 2,
1593 3096 1651 3153 4.
1692 3091 1786 3171 5):
1859 3090 1970 3152 An
2033 3090 2317 3173 ignoras,

359 3177 541 3261 quod
588 3175 844 3241 bonitas
884 3174 1015 3241 Dei
1060 3175 1144 3240 ad
1184 3176 1657 3258 poenitentiam
1717 3181 1864 3252 [pag.
1908 3177 2052 3253 190]
2100 3183 2163 3239 te
2207 3173 2319 3238 ad-

357 3262 591 3330 ducit?
694 3262 796 3326 Tu
869 3271 1088 3326 autem
1154 3260 1514 3325 seeundum
1569 3259 1875 3325 duritiem
1945 3258 2156 3325 cordis
2221 3260 2321 3324 tui

359 3348 778 3415 thesaurizas
832 3347 950 3411 tibi
1007 3348 1193 3410 iram.
1280 3345 1683 3430 Hypoeritas
1738 3345 2092 3427 alloquitur
2144 3346 2320 3411 Pau-

352 3435 482 3508 lus,
532 3434 646 3517 qui
691 3453 1005 3516 prospero
1037 3453 1259 3497 rerum
1295 3451 1602 3498 successu
1643 3431 1872 3505 inflati,
1912 3432 2065 3512 quia
2100 3432 2319 3495 Deum

354 3520 484 3587 sibi
533 3519 892 3603 propitium
938 3539 1080 3583 esse
1122 3518 1602 3601 imaginantur,
1650 3538 1770 3582 nec
1811 3516 1891 3581 de
1935 3517 2321 3599 resipiscen-
2374 3567 2384 3592 ,

355 3607 450 3670 tia
489 3613 655 3671 sunt
691 3605 973 3680 solliciti,
1013 3615 1080 3668 et
1108 3603 1418 3668 iudicium
1448 3604 1572 3667 Dei
1599 3613 2045 3667 contemnunt.
2094 3601 2320 3683 Quum

352 3714 520 3777 ergo
580 3690 707 3756 Dei
760 3689 1169 3774 benignitate
1227 3691 1320 3755 sic
1379 3690 1764 3766 abutantur,
1822 3710 1896 3753 eo
1951 3693 2320 3772 graviorem

351 3779 498 3843 fore
547 3777 678 3843 Dei
723 3774 1080 3840 vindictam
1129 3776 1439 3852 minatur,
1485 3796 1610 3857 quo
1656 3774 1902 3839 (liutius
1936 3796 2080 3839 eam
2117 3773 2320 3839 distu-

352 3864 533 3929 lerit.
628 3861 874 3926 Debuit
918 3882 1074 3945 ergo
1123 3861 1427 3944 Pighius,
1487 3869 1623 3923 tam
1668 3860 1948 3942 peritus,
1992 3881 2110 3925 suo
2151 3860 2320 3924 iudi-

351 3951 474 4026 ci0,
527 3946 868 4013 dividendi
929 3948 1248 4031 magister
1292 3961 1358 4011 et
1401 3946 1672 4019 artifex,
1728 3968 1861 4010 non
1905 3947 2320 4028 praetermit-

351 4049 520 4114 tere,
575 4033 656 4098 de
700 4054 828 4115 quo
871 4033 1183 4098 bonitatis
1242 4053 1481 4116 genere
1522 4031 1777 4097 Paulus
1830 4031 1966 4097 illic
2010 4031 2316 4114 disputet.

351 4121 535 4186 Nam
587 4131 928 4184 externam
977 4119 1102 4183 Dei
1157 4118 1711 4194 benedict-ionem,
1766 4139 1896 4199 qua
1937 4117 2319 4183 indifferen-

351 4219 460 4272 ter
521 4208 730 4271 bonos
785 4206 973 4269 iuxta
1031 4226 1107 4269 ac
1160 4204 1367 4268 malos
1422 4204 1866 4286 prosequitur,
1931 4224 2079 4269 cum
2127 4203 2318 4285 spiri-

351 4293 522 4359 tuali
576 4291 1089 4375 regenerationis
1131 4291 1377 4374 gratia,
1434 4310 1564 4372 qua
1620 4290 1860 4355 eleetos
1915 4310 2067 4355 suos
2125 4310 2319 4370 pecu-

347 4377 619 4443 liariter
682 4375 1022 4460 dignatur,
1087 4374 1512 4452 coufundere,
1582 4375 1866 4439 hominis
1922 4385 2025 4440 est
2081 4395 2317 4459 parum

349 4462 779 4529 considerati.
887 4461 1116 4544 Neque
1184 4481 1344 4525 vero
1423 4471 1558 4523 tam
1633 4461 2005 4543 ignorantia
2069 4469 2317 4542 peccat,

346 4571 562 4633 quam
621 4548 891 4612 malitia..
992 4546 1161 4628 Quis
1226 4547 1400 4611 enim
1466 4567 1631 4629 puer
1689 4546 1883 4610 huius
1941 4548 2320 4630 argumenti

347 4636 605 4708 vitium
663 4655 797 4698 non
847 4632 1329 4697 animadvertat
1383 4653 1458 4697 ac
1511 4630 1765 4695 rideat?
1855 4631 2205 4697 Invehitur
2249 4634 2318 4695 in

347 4742 465 4787 eos
523 4720 802 4795 Paulus,
862 4740 1021 4801 quos
1065 4719 1191 4783 Dei
1239 4717 1580 4794 beneficia,
1637 4717 1875 4799 quibus
1918 4718 2192 4784 invitari
2236 4717 2319 4782 ad

343 4806 837 4889 poenitentiam
883 4804 1273 4879 debuerant,
1321 4803 1534 4886 magis
1576 4801 1661 4868 ad
1703 4803 2122 4868 securitatem
2164 4824 2319 4868 eon-

343 4891 837 4972 fidentiamque
858 4891 1075 4956 carnis
1098 4890 1517 4956 obstinabant
1577 4889 1760 4972 Ergo
1784 4888 2055 4970 spiritus
2074 4889 2317 4954 saneti-

343 4978 692 5045 ficationis
735 4996 937 5058 quum
980 4977 1270 5054 offertur,
1313 4974 1533 5057 respui
1578 4981 1806 5058 potest.

536 5059 860 5144 Sequitur
903 5061 1182 5126 alterum
1227 5070 1713 5146 argumentum.
1797 5058 2077 5125 Pulsare
2120 5081 2190 5124 se
2235 5058 2318 5123 ad

341 5151 612 5216 ostium
658 5154 953 5213 nostrum
1002 5147 1157 5212 dicit
1192 5146 1520 5223 Christus,
1567 5156 1640 5211 ut
1677 5147 2045 5229 aperiamus
2084 5144 2315 5229 (Apoc.

344 5239 406 5310 3,
452 5235 601 5316 20).
703 5231 927 5313 Quum
983 5254 1141 5316 ergo
1191 5232 1486 5298 clausum
1554 5231 1638 5298 sit
1701 5233 1796 5297 illi
1849 5229 2065 5298 cordis
2108 5232 2319 5295 nostri

580 5334 803 5388 Caluini
832 5348 1016 5402 opem.
1093 5335 1208 5389 Vol.
1251 5334 1345 5388 VI.

1861 333 1991 398 DE
2037 331 2392 399 LIBERO
2437 333 2912 403 ARBI'I'RIO.

4271 343 4398 408 370

2435 522 2679 588 ostium
2722 527 2842 608 pe‘r
2884 531 3177 608 peecata,
3224 526 3367 608 ipse
3411 527 3657 610 pulsat,
3706 528 4040 606 sollicitat,
4084 538 4152 593 et
4192 529 4393 596 variis

2432 607 2646 673 modis
2692 629 2768 674 ac
2810 610 3071 688 mediis,
3130 633 3257 694 quo
3313 612 3434 678 sibi
3489 615 3861 696 aperiamus
3904 615 4102 681 eorda
4146 627 4391 693 nostra,

2433 713 2555 793 nos
2600 705 2930 778 provocat.
3020 696 3202 761 Nulli
3258 718 3414 781 ergo
3456 696 3640 765 deest
3685 702 4116 782 praeveniens
4159 703 4391 784 gratia,

2435 800 2548 861 qui
2605 779 2798 848 modo
2857 803 2969 846 cor
3022 803 3211 847 suum
3271 782 3353 848 ad
3410 785 3735 866 pulsantis
3781 807 4035 862 vocem,
4082 785 4392 852 sollicita-

2432 865 2711 943 tionem,
2769 868 3292 948 provoeationem
3353 889 3487 934 non
3542 870 3829 936 indurat.
3930 871 4085 955 Ipse
4139 872 4389 955 pulsat:

2411 950 2550 1014 sed
2595 972 2715 1015 nos
2760 953 2821 1017 ei
2866 954 3119 1034 aperire
3165 953 3502 1030 debemus,
3555 957 3936 1040 priusquam
3991 959 4268 1024 introire
4309 959 4394 1023 ad

2431 1055 2549 1099 nos
2598 1036 2772 1101 velit.
2841 1036 3052 1118 Quasi
3098 1058 3253 1104 vero
3297 1061 3429 1106 non
3472 1041 3607 1107 illic
3652 1063 4002 1125 expressus
4037 1052 4210 1109 esset
4244 1043 4392 1126 pul-

2430 1121 2621 1185 sandi
2657 1121 2909 1200 modus,
2957 1143 3213 1206 nempe,
3260 1126 3434 1208 quod
3480 1147 3636 1192 voce
3680 1135 3748 1192 et
3780 1128 4233 1194 exhortatione
4269 1151 4390 1194 nos

2432 1205 2755 1273 sollicitet.
2847 1206 2982 1273 Sed
3038 1209 3153 1291 qui
3207 1213 3447 1275 mentis
3503 1213 3715 1295 aperit
3766 1213 3987 1278 oeulos
4032 1223 4106 1279 ut
4149 1215 4390 1279 intelli-

2433 1298 2647 1375 gatur,
2672 1293 2810 1376 ipse
2845 1295 3044 1358 etiam
3077 1293 3274 1359 corda
3310 1298 3523 1378 aperit
3560 1305 3638 1361 ut
3660 1298 4064 1364 exaudiatur.
4112 1300 4389 1367 Utrum-

2433 1398 2560 1459 que
2604 1399 2760 1444 vero
2806 1377 3054 1444 Christi
3110 1381 3400 1446 officium
3452 1392 3568 1446 est.
3655 1382 3832 1462 Quid
3886 1385 4088 1468 igitur
4132 1386 4389 1467 proficit

2433 1463 2746 1547 Pighius,
2803 1473 2942 1528 tam
2985 1466 3328 1547 pueriliter
3369 1467 3795 1550 ineptiendo?
3884 1470 4149 1536 Clamat
4192 1470 4386 1536 Chri-

2430 1558 2592 1626 stus,
2638 1572 2708 1614 se
2751 1550 3032 1632 pulsare.
3104 1552 3374 1617 Fateor:
3424 1574 3659 1635 nempe
3702 1554 3874 1619 sieut
3915 1558 4203 1639 exponit,
4249 1578 4388 1622 mo-

2433 1634 2646 1700 nendo
2690 1643 2758 1699 et
2801 1635 3139 1702 hortando.
3231 1635 3411 1718 Quid
3452 1659 3631 1704 nunc
3670 1648 3773 1705 est
3813 1640 4112 1722 aperire?
4168 1642 4388 1707 Moni-

2431 1721 2678 1786 tionem
2722 1719 2917 1786 corde
2952 1723 3261 1804 recipere,
3307 1732 3375 1787 et
3417 1724 3683 1789 obedire
3714 1724 4170 1792 exhortationi.
4237 1732 4385 1807 [pag.

2439 1811 2586 1885 191]
2631 1806 2779 1872 Hoc
2828 1805 2898 1870 in
2945 1807 3134 1872 nobis
3189 1809 3392 1873 situm
3435 1811 3528 1873 fin
3581 1810 3633 1872 ‘t
3675 1809 3982 1893 Pighius:
4040 1812 4225 1877 Deus
4268 1834 4386 1877 au-

2430 1901 2563 1956 tem
2608 1892 2734 1957 sibi
2778 1890 3097 1957 vendicat.
3188 1891 3514 1961 Circumci
3564 1916 3690 1972 am,
3735 1897 3969 1978 inquit,
4015 1918 4126 1963 eor
4173 1905 4381 1971 tuum,

2431 1984 2505 2042 ut
2548 1977 2777 2042 audias
2823 1997 3052 2043 vocem
3096 1999 3311 2043 meam
3353 1978 3582 2058 (Dent.
3621 1984 3719 2058 30,
3764 1981 3855 2061 6).
3942 1981 4191 2048 Contra
4225 2003 4384 2048 vero

2433 2062 2607 2127 hane
2639 2064 2710 2127 in
2753 2061 2999 2148 populo
3024 2062 3377 2130 israelitico
3420 2066 3769 2142 caecitatis,
3815 2069 4120 2151 stuporis,
4156 2076 4385 2134 eontu-

2430 2149 2676 2214 maciae
2719 2167 2984 2214 causam
3020 2148 3314 2232 assignat
3346 2150 3635 2232 Moyses,
3670 2151 3841 2233 quod
3876 2151 4222 2231 Dominus,
4269 2173 4386 2217 ne·

2429 2255 2557 2315 que
2610 2234 2833 2300 oculos
2888 2233 2970 2297 ad
3026 2231 3384 2298 videndum
3428 2235 3746 2312 dedisset,
3806 2256 4021 2320 neque
4066 2258 4258 2304 aures
4302 2237 4386 2302 ad

2429 2317 2846 2396 audiendum,
2885 2340 3097 2402 neque
3132 2340 3246 2385 cor
3271 2320 3354 2385 ad
3374 2320 3879 2404 intelligendum
3907 2321 4138 2406 (Dent.
4167 2327 4267 2400 29,
4294 2325 4381 2402 4).

2431 2407 2524 2470 At
2568 2405 2882 2470 reclamat
2901 2403 3202 2488 Pighius,
3248 2407 3508 2470 tametsi
3554 2428 3594 2471 a
3616 2405 3761 2470 Deo
3798 2406 4201 2486 adiuvemur,
4246 2428 4384 2472 non

2426 2500 2652 2555 tamen
2706 2489 2965 2556 obstare
3018 2490 3084 2554 id
3143 2490 3493 2573 quominus
3551 2492 3793 2574 partim
3840 2493 4037 2558 etiam
4079 2500 4384 2561 nostrum

2427 2577 2534 2654 sit,
2583 2585 2649 2641 et
2692 2575 2937 2654 videre,
2981 2585 3050 2640 et
3093 2575 3339 2650 audire,
3381 2585 3451 2641 et
3493 2577 3879 2661 intelligere.
3963 2577 4216 2644 Verum
4261 2598 4383 2662 ego

2425 2661 2873 2811 probatiogem
2914 2662 3193 2744 requiro,
3231 2683 3350 2745 pro
3385 2683 3517 2745 qua
3552 2670 3902 2728 extraneas
3938 2684 4207 2745 prorsus
4243 2685 4385 2731 am·

2470 2767 2510 2810 a
2558 2768 2627 2811 es
2671 2769 2711 2812 a
2764 2756 2883 2813 ert.

2512 2769 2556 2830 g
2600 2831 2833 2898 Simile
2888 2842 2991 2899 est
3033 2832 3208 2914 quod
3254 2832 3441 2898 addit
3486 2855 3567 2897 ex
3612 2834 3936 2916 propheta
3979 2833 4097 2919 (Is.
4140 2840 4240 2913 55,
4282 2838 4378 2918 7):

2423 2918 2859 3000 Derelinquat
2898 2918 3142 3001 impius
3174 2918 3351 2988 viam
3394 2939 3604 2998 suam,
3649 2925 3719 2983 et
3746 2920 4072 2986 Dominus
4114 2922 4385 2988 misere-

2426 3004 2605 3069 bitur
2656 3005 2817 3070 eius.
2905 3004 3079 3082 Hoc,
3150 3005 3398 3087 inquit,
3460 3014 3563 3069 est
3605 3004 3748 3070 Deo
3805 3005 4063 3087 aperire
4117 3008 4380 3084 ostium,

2423 3090 2765 3172 iniquitati
2787 3091 3203 3169 renunciare;
3249 3088 3422 3173 quod
3466 3089 3538 3154 in
3572 3097 3638 3154 te
3672 3091 3961 3174 positum
3996 3111 4139 3156 esse
4173 3091 4379 3158 vides.

2423 3176 2614 3239 Itane
2632 3174 2665 3238 ⁴?
2703 3185 2780 3240 ut
2813 3175 3154 3241 conversio
3193 3174 3276 3239 ad
3317 3176 3552 3253 Deum,
3591 3195 3758 3257 quae
3793 3197 3952 3241 vera
3986 3187 4089 3241 est
4122 3179 4381 3243 animae

2426 3262 2818 3326 resurreetio
2836 3312 2849 3336 ,
2897 3261 2967 3324 in
3012 3260 3298 3325 hominis
3343 3269 3664 3342 potestate
3706 3268 4094 3344 reponatur,
4139 3283 4266 3344 quo
4309 3285 4380 3329 se

2425 3369 2464 3411 a
2507 3355 2721 3411 morte
2755 3347 2826 3410 in
2867 3346 3077 3410 vitam
3112 3345 3401 3411 excitare
3444 3343 3688 3428 possit?
3758 3348 3850 3410 At
3890 3347 4105 3412 facere
4145 3346 4215 3411 id
4259 3369 4379 3413 nos

2426 3441 2709 3514 oportet,
2762 3443 2838 3495 ut
2891 3432 3280 3495 misereatur
3345 3432 3554 3496 nostri
3612 3430 3825 3496 Deus:
3886 3452 4014 3512 quo
4069 3432 4379 3517 intelligit

2425 3518 2707 3600 Pighius
2748 3516 3230 3583 iustificationis
3274 3517 3557 3600 gratiam
3600 3513 3946 3599 designari.
4038 3514 4113 3582 Si
4158 3520 4378 3582 omnia

2424 3602 2526 3667 illi
2568 3603 2743 3668 ultro
2788 3600 3159 3683 concedam,
3203 3602 3426 3667 statim
3472 3601 3721 3667 vicerit.
3789 3602 4041 3667 Verum
4087 3604 4179 3668 sie
4222 3613 4378 3669 sunt

2425 3691 2617 3753 firma
2685 3690 2826 3755 eius
2880 3689 3131 3762 omnia,
3189 3699 3266 3752 ut
3322 3686 3521 3752 unius
3577 3687 3828 3752 verbuli
3887 3689 4018 3753 ictu
4075 3690 4376 3770 protinus

2425 3774 2786 3840 concidant.
2887 3774 3370 3839 Poenitentiam
3441 3773 3696 3856 flagitat
3751 3771 3968 3849 Deus,
4028 3795 4234 3856 quum
4293 3774 4376 3839 ad

2425 3871 2836 3944 peccatorum
2919 3861 3367 3928 remissionem
3447 3859 3758 3941 populum
3828 3864 4048 3924 vocat:
4136 3860 4373 3941 quibus

2425 3947 2625 4010 etiam
2681 3945 2928 4010 duobus
2984 3945 3295 4010 membris
3348 3953 3555 4008 totam
3600 3943 3924 4027 evangelii
3968 3945 4070 4009 sui
4115 3945 4374 4027 praedi-

2423 4032 2750 4098 cat-ionem
2805 4030 3082 4097 includit
3135 4029 3444 4096 Christus
3487 4031 3721 4114 (Marc.
3769 4035 3817 4106 l,
3866 4030 3991 4112 15).
4077 4030 4207 4095 Hie
4256 4052 4373 4095 no-

2427 4139 2577 4182 vam
2618 4118 2945 4201 argutiam
3000 4117 3356 4183 fabricatur
3399 4115 3711 4199 Pighius,
3758 4116 3839 4180 ab
3882 4115 4229 4198 iniquitate
4270 4138 4372 4181 re-

2422 4203 2683 4278 cedere,
2738 4204 3300 4285 praeparationem
3345 4223 3489 4267 esse
3526 4200 3842 4277 hominis,
3899 4222 4030 4282 qua
4070 4202 4212 4266 Deo
4255 4202 4372 4266 ob-

2421 4289 2599 4354 viam
2655 4286 2991 4372 procedat:
3051 4287 3567 4354 misericordiam
3625 4294 3843 4350 autem
3897 4286 4211 4364 Deiesse
4267 4308 4370 4351 re-

2423 4376 2861 4458 generationis
2905 4374 3206 4458 gratiam,
3252 4394 3381 4455 qua
3424 4372 3754 4436 hominem
3794 4369 4076 4434 adiuvet.
4147 4370 4379 4452 Quan-

2423 4471 2563 4524 tum
2611 4480 2767 4526 vero
2812 4459 2895 4524 ad
2935 4460 3518 4543 perseverantiam,
3556 4456 4137 4538 quotidianumque
4173 4478 4379 4540 usque

2421 4546 2506 4610 ad
2560 4547 2762 4611 finem
2823 4546 3187 4629 profectum
3244 4545 3508 4616 attinet,
3568 4549 3645 4606 ut
3700 4541 4033 4605 hominem
4077 4543 4382 4610 ostendat

2420 4633 2755 4715 cooperari
2778 4632 2942 4706 Dee,
2987 4630 3101 4707 illo
3123 4629 3398 4712 apostoli
3441 4626 3815 4692 testimonio
3846 4627 4096 4691 utitur:
4143 4628 4378 4694 Gratia

2423 4717 2553 4782 Dei
2605 4717 2679 4781 in
2733 4737 2838 4780 me
2893 4735 3104 4781 vacua
3171 4736 3304 4779 non
3370 4715 3493 4778 fuit
3562 4713 3625 4796 (l
3670 4711 3819 4778 Cor.
3871 4717 3965 4791 15,
4019 4713 4139 4793 10).
4240 4714 4377 4780 Sed

2422 4822 2555 4885 qua
2598 4803 2722 4868 hoe
2762 4801 3015 4867 ratione
3061 4799 3250 4879 dicat,
3296 4795 3780 4865 observandum
3819 4798 3962 4862 fuit.
4026 4799 4222 4864 Ratio
4259 4821 4373 4864 au·

2425 4898 2554 4964 tem
2614 4896 2744 4965 est,
2811 4885 2983 4969 quod
3047 4885 3195 4968 plus
3253 4885 3521 4969 reliquis
3587 4884 3892 4949 omnibus
3956 4883 4372 4950 laboraverit.

2424 4972 2560 5040 Sed
2619 4994 2705 5038 ne
2759 4972 3013 5038 labores
3058 4992 3210 5037 suos
3264 4969 3565 5037 iactando
3612 4968 3968 5052 quidquam
4024 4969 4148 5034 sibi
4193 4991 4374 5034 arro·

2421 5079 2583 5142 gare
2638 5058 3006 5136 videretur,
3079 5078 3234 5122 mox
3301 5056 3771 5122 correctionem
3827 5053 4155 5120 adhibuit:
4222 5055 4374 5121 Non

2422 5166 2569 5228 ege,
2625 5142 2741 5210 sed
2796 5143 3010 5228 gratia
3044 5144 3192 5208 -Dei
3254 5163 3418 5226 quae
3470 5160 3728 5212 meemn
3798 5147 3966 5217 erat,
4032 5146 4151 5204 aut
4205 5161 4374 5222 quae

2426 5236 2573 5309 [pag.
2615 5235 2762 5310 192]
2808 5228 3037 5294 aderat
3077 5228 3262 5293 mihi.
3330 5229 3604 5295 Gratiae
3645 5226 3774 5291 Dei
3814 5226 3948 5290 iam
3992 5225 4374 5307 praecipuas
4444 5293 4451 5300 ,

3895 5326 3969 5378 el.
