4967 5992
596 358 719 421 287

594 543 802 625 Atqui
847 540 1293 607 voluntarium
1332 538 1717 623 intelligunt
1771 559 2026 617 omnes,
2084 535 2255 620 quod
2310 538 2379 602 in
2435 558 2554 621 po-

594 634 831 694 testate
874 634 1098 690 nostra
1140 632 1258 700 est,
1303 632 1378 689 ut
1417 625 1505 690 sit
1539 624 1645 690 vel
1689 644 1825 688 non
1866 625 1977 688 sit:
2025 644 2146 688 nec
2181 623 2557 687 necessitati

593 711 953 780 subiicitur.
1042 710 1297 775 Verum
1353 710 1526 793 quod
1582 708 1777 774 aliter
1820 708 2209 775 Ambrosius
2262 709 2407 792 ipse
2449 708 2555 772 in-

593 796 886 880 telligat,
956 816 1088 861 non
1141 795 1339 860 altius
1398 795 1847 860 testimonium
1904 800 2150 877 petam,
2217 815 2414 877 quam
2471 816 2556 859 ex

594 881 827 949 eadem
868 881 1140 965 pagina,
1188 903 1272 946 ex
1312 902 1441 964 qua
1485 881 1768 963 sumpsit
1808 880 2089 964 Pighius
2133 879 2305 962 quod
2349 877 2555 944 addu-

597 970 705 1035 cit.
794 967 970 1032 Nam
1009 988 1209 1049 quum
1255 965 1335 1030 de
1379 988 1504 1030 usu
1546 966 1714 1050 legis
1759 972 2015 1044 tractat,
2056 964 2162 1029 his
2197 964 2415 1030 verbis
2451 965 2557 1029 in-

594 1060 700 1119 ter
738 1052 866 1117 alia
908 1053 1140 1116 utitur:
1188 1051 1484 1118 Accessit
1527 1050 1867 1118 vinculum
1884 1102 1901 1130 ,
1946 1070 2084 1115 non
2126 1050 2391 1116 solutio:
2441 1048 2559 1115 ad-

599 1137 737 1204 dita
778 1145 879 1203 est
920 1145 1336 1220 peccatorum
1378 1137 1627 1221 agnitio
1641 1188 1657 1215 ,
1715 1158 1849 1202 non
1892 1137 2208 1201 remissio.
2296 1136 2561 1200 Profuit

599 1231 819 1290 tamen
887 1222 1081 1287 mihi:
1165 1224 1347 1305 coepi
1411 1223 1707 1289 confiteri
1773 1221 1949 1304 quod
2012 1220 2365 1305 negabam,
2433 1229 2555 1287 etc.

596 1308 794 1375 Item:
840 1306 1017 1372 Illud
1061 1329 1188 1390 quo
1231 1330 1317 1373 ue
1360 1307 1528 1372 mihi
1570 1306 1869 1391 prodest,
1925 1306 2095 1390 qued
2139 1327 2274 1370 non
2317 1306 2559 1372 iustifi-

596 1416 827 1461 camur
881 1415 966 1458 ex
1019 1393 1200 1477 operi
1249 1414 1329 1458 us
1385 1392 1569 1477 legis.
1659 1392 1812 1457 Non
1869 1393 2047 1456 enim
2110 1392 2317 1457 habeo
2382 1390 2559 1458 unde

597 1479 866 1565 gloriari
907 1480 979 1543 in
1021 1478 1328 1561 operibus
1373 1484 1522 1558 [pag.
1562 1483 1668 1556 76]
1712 1477 1877 1542 meis
1922 1477 2203 1559 possim:
2262 1498 2395 1541 non
2437 1477 2558 1542 ha-

593 1566 718 1632 beo
760 1564 939 1630 unde
984 1585 1090 1629 me
1133 1565 1370 1629 iactem
1389 1615 1405 1642 ,
1463 1570 1529 1628 et
1579 1561 1727 1628 ideo
1785 1562 2112 1647 gloriabor
2153 1563 2224 1627 in
2268 1562 2555 1628 Christe.

595 1652 711 1716 An
744 1651 908 1716 haec
953 1655 1224 1728 starent,
1270 1650 1401 1713 nisi
1436 1648 1752 1731 peccandi
1786 1648 2156 1714 necessitati
2201 1648 2397 1713 homo
2433 1648 2558 1714 sibi

597 1736 868 1802 relictus
928 1733 1407 1801 subiiceretur?
1497 1734 1628 1798 Hic
1681 1755 1932 1817 quoque
1990 1733 2155 1798 mihi
2228 1734 2560 1800 succurrit

596 1820 1046 1906 Augustinus:
1115 1821 1225 1903 qui
1293 1818 1595 1886 adductis
1663 1818 1874 1885 tribus
1940 1820 2331 1885 testimoniis
2388 1819 2559 1884 nihil

595 1907 820 1972 minus
864 1906 1148 1971 sensisse
1192 1905 1618 1970 Ambrosium
1672 1906 1946 1982 evincit,
2000 1925 2199 1987 quam
2238 1905 2415 1988 quod
2457 1905 2559 1970 illi

600 1990 863 2076 affingit
916 1990 1213 2074 Pighius.
1302 1991 1634 2069 Primum,
1699 1991 1856 2074 quia
1919 1990 1992 2054 in
2044 1990 2211 2057 libre
2264 1990 2345 2056 de
2401 1991 2560 2074 fuga

599 2076 862 2155 saeculi,
907 2074 1068 2141 dum
1112 2075 1193 2140 ad
1233 2075 1681 2158 quaerendum
1717 2076 1847 2141 Dei
1890 2075 2213 2141 auxilium
2246 2097 2367 2140 nos
2404 2076 2559 2141 horÎ‡-

600 2168 785 2227 tatur
800 2213 816 2241 ,
876 2182 1010 2226 non
1056 2161 1128 2226 in
1169 2169 1492 2245 potestate
1535 2167 1762 2228 nestra
1806 2182 1947 2227 esse
1990 2182 2102 2227 cor
2144 2167 2447 2227 nostrum
2492 2170 2562 2227 et

596 2259 860 2313 nostras
919 2246 1346 2332 cogitationes
1402 2247 1623 2331 palam
1679 2249 2046 2313 confirmet:
2113 2246 2351 2312 deinde
2406 2248 2561 2329 quia

596 2333 669 2398 in
717 2333 973 2399 Lucam
1018 2333 1112 2398 ita
1155 2333 1423 2399 scribat:
1482 2333 1636 2398 Non
1674 2332 1971 2398 humana
2013 2339 2278 2397 tantum
2323 2332 2558 2400 volun-

596 2426 734 2485 tate
785 2417 1050 2484 videtur
1107 2418 1280 2501 quod
1336 2418 1584 2483 benum
1648 2426 1778 2497 est,
1845 2417 1963 2483 sed
2027 2415 2199 2484 sicut
2251 2417 2557 2483 Christus

598 2505 882 2583 dederit,
941 2505 1055 2587 qui
1109 2512 1186 2568 ut
1238 2503 1309 2568 id
1362 2504 1535 2587 quod
1589 2502 1834 2568 bonum
1889 2508 2017 2581 est,
2072 2502 2263 2569 nobis
2305 2524 2559 2587 quoque

597 2590 813 2657 videri
856 2588 1104 2653 bonum
1158 2589 1365 2670 possit
1416 2597 1754 2672 operatur:
1808 2608 2004 2671 quem
2059 2589 2237 2652 enim
2289 2589 2561 2654 misere-

597 2683 740 2755 tur,
781 2682 849 2739 et
891 2681 1098 2740 vocat.
1188 2674 1420 2756 Itaque
1464 2695 1669 2756 quum
1712 2675 1857 2756 quis
1909 2672 2104 2738 fidem
2152 2695 2222 2739 se
2277 2674 2562 2740 voluisse

596 2759 842 2827 habere
905 2758 1096 2837 dicit,
1163 2779 1298 2823 non
1358 2765 1560 2842 negat
1624 2757 1845 2823 Deum
1906 2758 2204 2824 voluisse.
2293 2760 2358 2824 A
2416 2762 2561 2825 Deo

601 2846 780 2910 enim
833 2849 1271 2928 praeparatur
1316 2842 1637 2908 voluntas.
1725 2843 1821 2909 Ut
1874 2844 2053 2908 enim
2110 2845 2296 2910 Deus
2356 2845 2562 2910 hono-

600 2937 785 2995 retur
828 2949 869 2992 a
912 2928 1177 3007 sanctis,
1223 2929 1362 2994 eius
1405 2931 1619 3013 gratia
1661 2937 1777 2994 est.
1865 2928 2069 2993 Item:
2118 2928 2336 3009 Quem
2376 2932 2564 2996 Deus

601 3014 937 3100 dignatur,
982 3019 1200 3078 vocat:
1249 3021 1315 3077 et
1351 3034 1547 3096 quem
1585 3014 1745 3093 vult,
1788 3014 2171 3098 religiosum
2213 3015 2385 3081 facit.
2452 3017 2563 3082 Ex

602 3100 709 3166 his
763 3098 984 3166 verbis
1039 3098 1346 3183 colligere
1400 3122 1532 3165 non
1599 3099 1855 3165 dubitat
1906 3102 2356 3185 Augustinus,
2426 3110 2563 3167 tam

601 3184 787 3264 fidei,
854 3204 1053 3267 quam
1105 3183 1429 3250 bonerum
1496 3206 1799 3269 operum,
1866 3192 2001 3251 tam
2066 3187 2560 3271 cogitatienum,

601 3291 799 3354 quam
840 3270 1164 3335 bonorum
1207 3270 1560 3336 affectuum
1604 3278 1669 3336 et
1712 3271 1978 3336 initium
2023 3281 2091 3336 et
2130 3294 2561 3356 perseveran-

600 3358 764 3426 tiam
807 3355 929 3422 soli
972 3355 1120 3421 Deo
1163 3355 1588 3422 Ambrosium
1644 3355 1963 3436 tribuere,
2021 3358 2402 3425 hominibus
2444 3381 2562 3425 au-

599 3443 791 3508 ferre.
880 3439 1089 3507 Cuius
1133 3441 1232 3505 rei
1277 3441 1335 3507 si
1376 3441 1522 3524 quis
1566 3442 1733 3507 mihi
1777 3441 1977 3507 fidem
2019 3464 2154 3508 non
2196 3443 2424 3523 habet,
2479 3444 2561 3509 li-

599 3528 798 3594 brum
838 3524 919 3591 de
961 3526 1132 3591 bono
1176 3528 1704 3609 perseverantiae
1747 3526 1942 3612 legat.

774 3612 859 3676 In
921 3610 1182 3676 citando
1239 3611 1711 3696 Chrysostomo
1775 3635 1861 3678 ne
1921 3614 2207 3680 multum
2270 3614 2562 3694 sudaret,

598 3698 820 3763 locum
860 3694 1184 3762 duntaxat
1226 3717 1268 3761 a
1288 3717 1397 3762 me
1431 3696 1784 3763 adductum
1814 3700 2287 3782 transscripsit:
2333 3700 2450 3765 ubi
2483 3711 2563 3766 ut

602 3803 800 3849 omne
854 3783 1291 3848 excusationis
1349 3782 1829 3868 subterfugium
1870 3786 2324 3868 peccatoribus
2382 3786 2561 3851 elau-

603 3867 750 3947 dat,
802 3867 1049 3931 bonum
1106 3877 1174 3932 et
1215 3869 1468 3933 malum
1511 3870 1852 3935 constituit
1892 3869 1965 3934 in
2010 3870 2297 3935 hominis
2343 3878 2561 3954 potes-

600 3960 767 4020 tate:
825 3952 995 4017 nihil
1043 3974 1199 4037 crgo
1234 3952 1364 4019 illis
1400 3954 1689 4034 obstare,
1734 3955 1865 4020 nisi
1900 3956 2053 4038 quia
2087 3955 2324 4021 nolint:
2371 3979 2562 4040 posse

601 4043 800 4119 enim,
840 4039 895 4104 si
921 4038 1141 4104 velint.
1218 4039 1384 4104 Mali
1419 4061 1685 4104 causam
1719 4061 1855 4105 non
1890 4041 2046 4107 alibi
2081 4042 2327 4124 quaeri,
2363 4065 2563 4126 quam

600 4126 676 4191 in
717 4124 985 4209 propria
1027 4123 1313 4189 hominis
1354 4124 1717 4205 voluntate,
1761 4147 1846 4192 ne
1882 4127 2010 4191 alio
2047 4126 2308 4212 culpam
2344 4136 2562 4194 trans-

598 4210 869 4278 ferendo
912 4229 1273 4276 exonerare
1316 4231 1386 4275 se
1422 4210 1602 4288 velit,
1649 4211 1816 4276 mihi
1869 4212 2127 4294 placere
2180 4235 2313 4279 000
2358 4215 2562 4281 861061

599 4304 877 4363 testatus
921 4318 1087 4362 sum.
1180 4292 1359 4376 Quin
1412 4295 1612 4361 etiam
1667 4318 1876 4362 unum
1931 4298 2054 4364 hoc
2098 4306 2200 4365 est
2242 4320 2326 4365 ex
2369 4321 2562 4384 prae-

601 4383 814 4546 3á¼“á½²á¼·á½³
836 4381 1218 4533 &iiiiii-3
1253 4382 2558 4555 11Î¾á½³á¾–á¿–á¿—á½·á¾ŽÎžá½²á¼’Ï‰á¿‘á½²á¿–Î¹Î¾á¿—á¿—á½²á¼’á¿¶Î¾á¿¦á¿—á¿–Î¾Î‡

604 4558 949 4630 sostcmus,
992 4573 1127 4617 non
1170 4553 1581 4619 dissimulavi
1622 4553 1759 4620 illic
1799 4553 1958 4638 quid
2001 4556 2169 4621 mihi
2206 4555 2557 4623 videretur.

776 4635 944 4701 Post
982 4637 1154 4703 hanc
1197 4641 1726 4706 testimoniorum
1782 4641 2189 4726 congeriem,
2246 4643 2432 4725 quasi
2485 4664 2560 4708 re

604 4720 923 4800 confecta,
962 4722 1135 4803 quod
1177 4722 1258 4788 ab
1301 4725 1487 4791 initio
1528 4747 1647 4809 pro
1693 4734 1958 4794 esuerat
2000 4727 2269 4794 demum
2309 4728 2563 4813 colligit

604 4805 917 4892 Pighius:
960 4810 1107 4885 [pag.
1145 4813 1251 4886 77]
1293 4831 1491 4892 quam
1528 4812 1609 4877 de
1692 4815 1917 4878 umani
1952 4813 2207 4880 arbitrii
2241 4815 2562 4882 servitute

602 4893 993 4977 profitemur
1049 4894 1473 4975 sententiam,
1539 4918 1671 4963 uno
1734 4900 1994 4982 piorum
2057 4901 2382 4981 omnium,
2448 4902 2563 4985 qui

605 4977 883 5043 saeculis
927 4977 1230 5043 omnibus
1273 4981 1701 5062 exstiterunt,
1746 5004 2071 5056 consensu
2113 4986 2446 5053 damnari:
2494 4994 2563 5053 et

606 5083 831 5128 meum
872 5061 1292 5129 mendacium
1337 5063 1674 5132 evidenter
1717 5068 2045 5136 detectum
2090 5093 2252 5152 esse,
2299 5073 2415 5156 qui
2445 5073 2559 5154 ita,

607 5155 725 5214 aut
779 5147 1052 5215 obscure
1111 5155 1228 5215 aut
1280 5150 1462 5216 varie
1515 5151 1578 5215 lo
1622 5161 1813 5220 uutos
1868 5155 1949 5220 de
2001 5156 2126 5223 hac
2178 5180 2252 5223 re
2306 5166 2561 5225 veteres

607 5233 888 5301 dixerim
901 5286 920 5316 ,
977 5240 1055 5301 ut
1106 5233 1269 5302 certi
1326 5236 1463 5301 fere
1519 5237 1591 5300 ni
1646 5239 1659 5252 â€™
1730 5261 1814 5305 ex
1858 5261 2085 5307 eorum
2138 5244 2402 5329 scriptis
2455 5266 2560 5311 re-

1899 348 2273 416 RESPON
2275 348 2429 418 510
2472 348 2851 417 CONTRA
2892 345 3310 415 PIGHIUM

4489 351 4612 415 288

2657 538 2829 603 ferre
2871 535 3082 602 liceat.
3173 535 3395 601 Velim
3442 541 3663 600 autem
3703 535 4050 618 ignoscant
4099 535 4264 599 mihi
4319 535 4613 617 lectores,

2660 624 2716 688 si
2766 624 2835 687 in
2890 620 3345 705 respondendo
3399 620 3755 686 cothurnos
3808 620 3956 686 illos
4009 620 4271 686 altiores
4325 642 4466 687 non
4515 623 4618 689 in-

2660 707 2877 787 duam,
2916 705 3153 791 quibus
3187 707 3257 771 in
3293 727 3413 772 nos
3448 707 3734 790 insurgit
3767 704 4200 772 adversarius.
4267 707 4423 772 Non
4442 707 4620 773 enim

2660 793 3222 878 magniloquentia
3264 813 3415 858 cum
3460 813 3565 870 eo,
3622 791 3739 857 sed
3782 792 4062 859 veritate
4116 798 4371 858 certare
4426 793 4618 859 insti-

2662 879 2791 944 tui:
2839 900 3007 962 quae
3047 885 3124 944 ut
3167 885 3268 943 cst
3310 878 3621 961 simplex,
3667 877 3764 943 ita
3805 876 4063 961 placida
4104 878 4419 943 orationis
4463 880 4618 945 sim-

2662 965 2955 1048 plicitate
2998 969 3307 1030 contenta
3359 971 3476 1028 est.
3564 962 3906 1046 Principio
3961 963 4194 1046 igitur,
4253 984 4463 1046 quum
4515 986 4618 1031 ecâ€”

2661 1051 2894 1117 clesiae
2938 1070 3326 1115 consensum
3371 1048 3558 1114 nobis
3602 1048 3911 1127 obiectat,
3966 1049 4138 1114 hanc
4182 1047 4307 1113 sibi
4351 1070 4621 1134 respon-

2662 1137 2912 1201 sionem
2955 1156 3087 1200 1100
3130 1135 3334 1201 verbo
3389 1133 3652 1200 habeat:
3712 1156 3847 1199 non
3900 1154 4042 1199 esse
4095 1134 4410 1202 ecelesiae
4465 1157 4619 1201 conÎ‡-

2663 1243 2959 1299 sensum,
3026 1220 3156 1286 nisi
3218 1221 3330 1303 qui
3391 1229 3828 1303 congruenter
3881 1227 4163 1303 apteque
4225 1241 4347 1303 per
4399 1223 4620 1287 omnia

2662 1306 2864 1373 verbo
2917 1308 3045 1372 Dei
3111 1313 3212 1370 est
3276 1314 3771 1371 consentaneus.
3861 1305 4013 1370 Non
4078 1325 4222 1371 esse
4286 1327 4484 1388 porro
4533 1306 4618 1372 ad

2662 1392 3004 1458 hominum
3057 1391 3299 1474 placita
3347 1388 3818 1474 torquendum,
3872 1390 4046 1473 quod
4099 1390 4372 1474 spiritus
4430 1412 4619 1459 sanc-

2663 1485 2800 1557 tus,
2858 1478 2971 1560 qui
3025 1476 3268 1541 scilicet
3312 1477 3601 1558 optimus
3643 1485 3745 1541 est
3785 1474 4091 1560 loquendi
4143 1476 4413 1556 art-ifex,
4467 1498 4618 1560 pro-

2661 1564 2879 1647 phetis
2936 1569 3003 1627 et
3055 1561 3366 1645 apostolis
3423 1562 3568 1628 sine
3622 1561 3818 1627 dubio
3874 1562 4246 1646 dictaverit:
4306 1561 4505 1645 idque
4547 1564 4620 1629 in

2662 1671 2815 1714 eum
2857 1650 3089 1727 finem,
3146 1655 3227 1712 ut
3278 1647 3434 1712 inde
3478 1667 3704 1712 omnes
3745 1656 3817 1711 et
3857 1648 4199 1713 hominum
4243 1654 4312 1713 et
4354 1648 4617 1731 angelo-

2661 1756 2812 1800 rum
2865 1733 3201 1800 doctrinae
3253 1733 3780 1799 aestimarentur.
3868 1731 4150 1815 Quoties
4209 1754 4248 1798 6
4431 1755 4619 1800 suam

2660 1820 2844 1885 illam
2888 1819 3281 1886 cantilenam
3325 1818 3493 1883 mihi
3537 1818 3805 1896 occinetâ€š
3852 1818 3933 1884 de
3977 1819 4181 1885 unive
4324 1819 4338 1833 â¸
4412 1818 4618 1885 eccle-

2662 1907 2798 1970 siae
2850 1926 3207 1983 consensu,
3267 1905 3575 1970 continuo
3633 1905 3985 1987 excipiam,
4044 1924 4392 1988 perperam
4433 1926 4616 1989 sepa-

2661 1992 2828 2070 rari,
2897 2012 3066 2074 quae
3119 1991 3303 2055 Deus
3357 1995 3674 2073 perpetuo
3716 2010 3894 2054 nexu
3951 1989 4313 2073 copulavit:
4370 1997 4442 2056 et
4484 2012 4616 2055 me-

2661 2077 2823 2142 liore
2872 2098 3097 2155 sensu,
3159 2097 3235 2141 ac
3287 2074 3724 2141 commodiore
3778 2076 3918 2141 loco
3971 2075 4402 2158 proverbium
4455 2074 4616 2141 illud

2662 2162 2914 2228 Christi
2957 2163 3027 2226 in
3070 2182 3227 2226 eum
3268 2161 3683 2243 retorquebo:
3730 2160 3864 2228 Ubi
3906 2160 4204 2240 cadaver,
4250 2161 4389 2227 illic
4433 2161 4617 2245 aqui-

2660 2247 2783 2313 lae.
2871 2247 3046 2312 Nam
3105 2255 3179 2310 ut
3230 2246 3523 2311 fidelium
3572 2246 3937 2312 sententiae
3987 2267 4107 2330 pro
4151 2255 4474 2331 perpetuo
4515 2268 4616 2313 ec-

2662 2333 2898 2399 clesiae
2954 2352 3275 2399 consensu
3327 2331 3722 2411 habeantur,
3792 2353 3901 2399 eas
3954 2333 4243 2414 primum
4301 2339 4613 2415 tanquam

2662 2419 2915 2502 aquilas
2969 2418 3055 2484 ad
3107 2418 3390 2485 cadaver
3442 2419 3514 2483 in
3558 2417 3812 2484 Christi
3862 2419 4211 2483 veritatem
4269 2419 4616 2485 convenire

2660 2514 2730 2569 et
2784 2505 2972 2588 quasi
3036 2504 3396 2570 coalescere
3461 2524 3730 2571 necesse
3793 2510 3911 2568 est.
3998 2504 4228 2586 Neque
4282 2517 4620 2587 praeterea

2660 2589 2730 2655 id
2774 2590 2949 2674 quod
2991 2610 3111 2673 pro
3163 2591 3457 2656 confesso
3513 2589 3744 2668 sumit,
3803 2589 3904 2653 illi
3953 2589 4266 2668 cencede,
4321 2597 4403 2654 ut
4453 2588 4621 2672 quod

2663 2697 2781 2742 sex
2825 2676 2931 2742 vel
2977 2685 3121 2741 octo
3166 2677 3427 2758 scriptis
3472 2675 3911 2757 prodiderint,
3966 2696 4083 2758 pro
4127 2683 4306 2739 certo
4352 2681 4424 2739 et
4466 2675 4619 2741 defiÎ‡

2663 2763 2803 2827 nito
2867 2762 3177 2828 ecclesiae
3241 2781 3563 2827 consensu
3623 2762 3922 2843 protinus
3999 2759 4452 2844 recipiendum
4517 2762 4616 2826 sit.

2662 2847 2891 2930 Neque
2936 2869 3091 2912 vero
3136 2856 3210 2911 ut
3263 2845 3646 2925 concedam,
3705 2845 3823 2911 illa
3876 2865 3984 2910 me
4039 2853 4418 2930 perurgent.
4509 2846 4619 2911 An

2666 2932 2746 2998 de
2788 2955 2861 2997 re
2895 2937 3068 2997 inter
3103 2953 3328 2998 omnes
3364 2953 3483 2997 suo
3519 2940 3812 3015 tempore
3846 2934 4109 3016 cognita
4144 2938 4208 2996 et
4245 2933 4406 2996 trita
4438 2952 4616 2997 men-

2662 3018 2776 3082 tiri
2842 3016 3205 3084 auderent?
3307 3015 3503 3099 Quod
3569 3019 3624 3083 si
3689 3017 3823 3082 illis
3885 3038 4018 3082 non
4082 3016 4367 3083 habetur
4429 3017 4614 3084 fides:

2664 3104 2859 3187 quale
2937 3103 3219 3187 amplius
3288 3102 3562 3169 restabit
3634 3103 4044 3186 antiquitatis
4121 3103 4612 3169 testimonium?

2663 3190 2809 3274 Ego
2855 3209 3044 3268 vero,
3088 3209 3300 3271 neque
3339 3188 3662 3254 mendacii
3708 3209 3818 3255 eos
3862 3188 4200 3268 insimul0,
4257 3208 4478 3272 neque
4527 3189 4612 3256 sic

2663 3275 2733 3339 in
2778 3282 2993 3340 totum
3047 3274 3346 3358 repudi0,
3402 3273 3575 3357 quod
3620 3273 3701 3340 de
3744 3274 4075 3341 communi
4119 3273 4436 3341 eccleffiae
4476 3281 4610 3355 [pag.

2667 3366 2775 3440 78]
2820 3359 3115 3426 doctrina
3155 3367 3514 3439 testantur,
3569 3369 3644 3424 ut
3685 3381 3805 3444 pro
3844 3359 4068 3439 nihile,
4114 3360 4306 3443 quasi
4348 3382 4482 3426 non
4522 3359 4611 3424 di-

2663 3453 2941 3524 ceretur,
3008 3445 3302 3511 habeam.
3403 3447 3693 3511 Tantum
3758 3445 3844 3511 ad
3885 3446 4151 3530 plenam
4214 3453 4283 3511 et
4347 3444 4613 3512 solidam

2663 3530 3128 3597 certitudinem
3170 3532 3470 3597 sufficere
3511 3552 3698 3615 nege.
3766 3531 3995 3615 Neque
4038 3532 4218 3596 enim
4259 3530 4612 3597 absurdum

2664 3616 2875 3681 videri
2917 3615 3137 3697 debet,
3195 3618 3252 3682 si
3299 3616 3477 3700 'quod
3529 3626 3685 3684 tunc
3737 3617 4172 3683 communiter
4213 3617 4286 3682 in
4328 3618 4606 3684 ecclesiis

2665 3710 3004 3785 receptum
3047 3714 3207 3782 erat,
3251 3701 3348 3768 ita
3390 3724 3501 3768 eos
3546 3704 3791 3768 referre
3835 3702 4081 3782 dixere,
4124 3709 4199 3767 ut
4240 3701 4493 3787 aliquid
4532 3724 4611 3768 ex

2664 3789 2926 3872 proprio
2971 3808 3173 3854 sensu
3214 3788 3552 3872 affingant.
3642 3785 3803 3855 Sive
3843 3788 4016 3873 quod
4059 3795 4382 3871 concepta
4419 3787 4614 3856 semel

2664 3875 2970 3958 opinione
3004 3876 3463 3958 praeoccupati
3498 3896 3631 3939 non
3666 3874 3860 3939 aliter
3894 3881 4224 3957 poterant:
4271 3875 4417 3942 sive
4450 3872 4612 3958 quod

2662 3961 2927 4043 propria
2982 3960 3316 4024 interdum
3359 3967 3428 4025 et
3468 3960 3818 4044 perspicua
3870 3958 4179 4043 loquendi
4220 3959 4613 4043 proprietate

2665 4043 3206 4112 destituebantur.
3306 4045 3504 4112 Unde
3570 4046 3749 4112 enim
3811 4045 4117 4124 Irenaeo,
4184 4044 4611 4124 Tertulliano,

2663 4131 2922 4197 Hilario
2962 4131 3298 4213 spinosum
3341 4130 3511 4197 illud
3564 4139 3633 4196 et
3697 4131 4160 4214 confragosum
4202 4129 4464 4197 dicendi
4503 4152 4612 4214 ge-

2663 4216 2830 4283 nus?
2880 4217 3011 4280 nisi
3053 4214 3228 4299 quod
3269 4216 3569 4301 linguam
3608 4217 3984 4299 impositam
4033 4215 4405 4298 habebant,
4457 4237 4613 4299 que-

2662 4303 2904 4380 minus,
2941 4301 3114 4385 qued
3148 4302 3473 4383 volebant,
3515 4303 3980 4388 exprimerent.
4045 4302 4429 4368 Plurimum
4461 4321 4613 4368 vero

2662 4389 2978 4454 interesse
3042 4409 3234 4476 nemo
3297 4388 3536 4468 nescit,
3603 4389 3841 4472 quibus
3905 4387 4191 4472 quidque
4245 4389 4465 4456 verbis
4517 4387 4615 4452 di-

2661 4482 2868 4541 catur.

2835 4558 2946 4623 Ad
2997 4558 3161 4625 haec
3209 4559 3602 4644 respondeat
3653 4559 3820 4624 mihi
3870 4559 4155 4644 Pighius
4170 4611 4188 4639 ,
4244 4559 4482 4644 plusne
4531 4558 4616 4624 de

2664 4642 2975 4711 ecelesiae
3030 4666 3352 4711 consensu
3407 4646 3666 4728 privato
3732 4645 3986 4711 homini
4048 4644 4449 4712 credendum
4508 4645 4616 4724 sit,

2665 4750 2864 4815 quam
2905 4731 3205 4815 pluribus
3248 4732 3444 4797 simul
3485 4732 3558 4796 in
3600 4730 3933 4816 synodum
3974 4731 4292 4812 collectis,
4348 4733 4459 4815 qui
4511 4752 4617 4797 ec-

2664 4815 2901 4883 clesiae
2943 4818 3228 4897 nomine,
3274 4825 3341 4882 et
3378 4824 3697 4900 tanquam
3739 4839 3823 4883 ex
3861 4818 4071 4900 ipsius
4112 4838 4253 4897 ere,
4301 4817 4475 4901 quod
4510 4817 4618 4882 in-

2664 4911 2768 4968 ter
2809 4925 2880 4969 se
2923 4903 3339 4982 contulerint,
3383 4902 3865 4986 pronuncient?
3940 4903 4005 4967 N
4007 4922 4135 4967 unc
4179 4902 4266 4968 ad
4310 4923 4618 4987 praesen-

2664 4995 2799 5054 tem
2843 4988 3313 5072 quaestionem.
3399 4988 3738 5056 Hilarium
3789 4990 3883 5055 sic
3936 4988 4317 5072 loquentem
4371 4986 4622 5055 inducit

2662 5074 2969 5158 Pighius:
3007 5073 3443 5141 Voluntatem
3475 5083 3773 5141 nestram
3805 5075 3931 5142 1106
3964 5074 4310 5158 proprium
4350 5097 4438 5141 ex
4473 5095 4621 5140 saee

2663 5159 2926 5240 habere,
2969 5166 3047 5226 ut
3087 5161 3278 5227 velit:
3332 5161 3555 5227 Deum
3597 5180 3756 5227 vero
3813 5160 4158 5246 incipienti
4199 5159 4362 5227 dare
4405 5161 4620 5227 incre-

2662 5253 2963 5312 mentum
2978 5299 2997 5329 ,
3062 5247 3501 5330 meritumque
3566 5246 4025 5332 complementi
4086 5269 4175 5314 ex
4225 5248 4421 5314 initio
4468 5267 4622 5313 esse
