4967 5992
534 330 784 400 XXVI
1713 321 2258 393 TRAO'JJATUS
2302 318 2892 389 THEOLOGICI
2932 317 3376 386 MINORES.

853 528 1522 615 ADVERTIS-
1551 525 1558 641 Ι
1586 549 1887 608 SEMENT
1928 524 2298 636 TRESVT1-{
2330 525 2415 608 le
2505 524 2620 607 du
2701 520 2980 634 grand
3047 518 3343 632 proffit
3416 518 3564 629 qui
3639 518 3976 602 reuien-
3998 516 4004 631 Ι
4026 518 4253 602 droit
4345 526 4397 600 a
4474 518 4562 602 la

545 654 1115 774 Chrestiente,
1181 666 1311 750 s’il
1376 695 1466 749 se
1538 666 1694 749 fai-
1717 660 1725 775 Ι
1748 664 1913 759 soit
1987 662 2462 746 inuentoire
2537 660 2643 742 de
2717 669 2913 742 tous
2989 657 3118 740 les
3193 685 3435 768 corps
3504 661 3515 767 Ι
3585 656 3923 764 sainctz,
4006 667 4096 739 et
4162 656 4562 766 reliques,

544 805 693 915 qui
764 810 1037 916 sont]
1109 814 1301 887 tant
1377 832 1483 885 en
1552 802 1846 909 Italie,
1929 799 2180 911 qu'en
2250 798 2619 904 France,
2707 792 3387 906 Al-[lemaigne,
3460 793 4000 905 Hespaigne,
4085 805 4175 876 et
4243 793 4557 907 autres}

544 942 1034 1053 Royaumes
1118 950 1209 1023 et
1277 969 1511 1051 pays.
1586 936 1597 1042 Ι
2047 949 2057 1031 Ι
2113 947 2249 1012 Par
2294 945 2387 1011 M.
2437 945 2636 1012 Ichan
2683 943 2929 1012 Calain.
2983 944 2991 1028 Ι
3418 951 3428 1019 ι
3474 951 3798 1007 ῙΜΡΒΙΜΕ
3854 952 3903 1006 A
3959 951 4290 1022 GENEVE,
4350 944 4358 1026 Ι
4410 960 4565 1042 par

546 1078 816 1160 Iehan
893 1076 1227 1161 Girard.
1299 1081 1311 1185 Ι
1377 1079 1612 1157 1543.

856 1244 1103 1308 Forma
1147 1242 1481 1309 octonaria
1525 1240 1827 1321 minima,
1886 1236 2352 1322 quaterniones
2395 1243 2648 1320 septem
2694 1234 2991 1319 (A—G),
3039 1220 3319 1318 paginae
3364 1240 3754 1299 numeratae
3801 1236 3940 1313 110,
3988 1231 4293 1298 ultimum
4338 1235 4566 1300 folium

548 1356 615 1419 in
663 1354 847 1419 albis,
940 1355 1043 1419 De
1089 1352 1569 1435 subscriptione
1612 1350 1765 1418 vide
1809 1370 1975 1433 quae
2019 1348 2102 1413 ad
2145 1347 2359 1430 ipsum
2408 1352 2667 1412 textum
2709 1345 3185 1412 adnotavimus.

858 1465 1035 1529 Huic
1078 1463 1383 1532 omnibus
1428 1464 1723 1528 numeris
1767 1459 2103 1528 simillima
2147 1464 2249 1524 est
2292 1458 2585 1523 eiusdem
2631 1457 2897 1524 Girardi
2946 1455 3143 1523 editio
3199 1458 3407 1523 altera
3452 1476 3625 1522 anno
3668 1457 3963 1539 sequenti
4008 1457 4317 1543 evulgata
4356 1480 4569 1542 quam,

548 1577 679 1643 nisi
724 1577 1162 1660 paucissimae
1220 1574 1525 1640 adessent
1572 1571 2128 1658 orthographicas
2183 1570 2537 1636 varietates
2595 1578 2823 1635 notatu
2869 1570 2984 1635 vix
3029 1568 3297 1653 dignae,
3357 1587 3397 1632 a
3449 1568 3667 1651 priore
3712 1567 4114 1651 distinguere
4164 1591 4576 1654 nequaquam

557 1710 813 1773 posses3
860 1695 927 1753 et
969 1687 1096 1769 ipsi
1142 1686 1256 1751 diu
1300 1687 1568 1753 titulum
1612 1685 1824 1751 solum
1866 1688 2198 1748 mutatum
2250 1682 2637 1765 putavimus
2693 1702 2896 1764 quum
2949 1681 3191 1765 pagina
3245 1680 3552 1764 paginae,
3607 1678 3895 1761 adeoque
3952 1679 4194 1763 singuli
4237 1682 4574 1766 utriusque

562 1819 797 1865 versus
840 1798 961 1863 sibi
1008 1799 1289 1864 invicem
1334 1795 1822 1880 responderent.
1911 1793 2019 1859 De
2061 1793 2273 1858 forma
2313 1793 2550 1876 igitur,
2610 1791 2817 1875 deque
2873 1792 3380 1876 quaternionum
3424 1801 3491 1856 et
3542 1791 3937 1874 paginarum
3980 1812 4255 1857 numero
4299 1814 4435 1858 non
4478 1802 4579 1861 est

561 1910 734 1992 quod
789 1911 1029 1974 iterum
1095 1909 1405 1975 dicamus.
1507 1906 1868 1990 Exemplar
1935 1905 2314 1984 habuimus,
2374 1903 2547 1986 quod
2606 1904 2872 1970 unicum
2927 1924 3270 1987 superesse
3329 1902 3623 1981 videtur,
3680 1923 3763 1967 ex
3821 1900 4210 1969 bibliotheca
4265 1902 4579 1971 Gothana

562 2022 860 2104 petitum,
907 2023 1009 2085 cui
1055 2021 1288 2085 titulus
1333 2027 1463 2085 est:

874 2148 1890 2263 ADVER'Hs-sssmfflm
1935 2171 2346 2227 TRESVTILE
2396 2162 2405 2244 Ι
2458 2161 2546 2226 du
2602 2161 2816 2245 grand
2872 2161 3071 2242 profit
3128 2160 3240 2243 qui
3295 2159 3701 2237 reuiendroit
3745 2167 3787 2225 a
3829 2161 3895 2226 la
3942 2167 3952 2241 ι
4007 2161 4456 2242 Chrestiente‚
4499 2164 4583 2231 sil

563 2299 633 2343 se
678 2277 893 2341 faisoit
932 2276 1299 2341 inuentoire
1346 2274 1426 2339 de
1477 2275 1486 2358 Ι
1538 2284 1683 2340 tous
1726 2274 1823 2339 les
1868 2294 2057 2357 corps
2099 2274 2364 2352 sainctz,
2409 2279 2478 2338 et
2521 2272 2822 2356 reliques,
2871 2272 2984 2354 qui
3034 2274 3044 2355 Ι
3094 2278 3247 2343 sont
3278 2277 3424 2336 tant
3459 2292 3542 2336 en
3577 2269 3789 2349 Italie,
3827 2277 4022 2356 qu'en
4055 2273 4331 2353 France,
4375 2274 4578 2362 Allo-l

562 2389 842 2471 moigne,
889 2388 1290 2470 Hespaigne,
1337 2393 1405 2451 et
1447 2395 1668 2451 autres
1717 2387 1729 2466 Ι
1778 2386 2157 2468 Royaumes
2201 2391 2266 2449 et
2308 2405 2491 2468 pays.
2558 2383 2566 2465 Ι
2626 2384 2766 2448 Par
2810 2383 2902 2449 M.
2951 2383 3148 2448 lehan
3188 2374 3447 2449 Calain.
3499 2384 3508 2464 Ι
3569 2389 3901 2459 (Embleme.)
3940 2386 3950 2461 Ι
3989 2393 4311 2450 IMPRIME
4355 2396 4406 2448 A
4445 2394 4569 2450 GE-

562 2509 780 2578 NEVE,
828 2497 837 2581 Ι
892 2516 1046 2596 par
1112 2487 1380 2568 Iehan
1452 2483 1789 2568 Girard.
1858 2490 1868 2591 Ι
1942 2498 2126 2560 1544.

870 2642 1217 2707 Emblema
1260 2648 1360 2706 est
1411 2660 1647 2706 manus
1704 2637 1998 2722 gladium
2055 2647 2317 2716 tenens,
2362 2638 2477 2705 sed
2521 2640 2662 2705 sine
2706 2639 3020 2717 flammis,
3069 2658 3220 2704 cum
3266 2638 3497 2724 adagio
3541 2640 3800 2721 saepius
3844 2640 3976 2703 iam
4021 2639 4376 2726 descripto:
4423 2650 4573 2707 NON

562 2764 744 2818 VENI
790 2755 1106 2834 PA-lcEM
1150 2760 1503 2829 MITTERE,
1550 2758 1560 2827 Ι
1615 2760 1752 2815 SED
1800 2758 2156 2813 GLADIVM.

874 2879 1167 2944 Tertiam
1224 2877 1577 2943 editionem
1638 2897 1811 2942 anno
1862 2880 2018 2940 1551
2083 2877 2471 2959 impressam
2527 2877 2755 2943 lauda-t
2796 2878 2872 2943 P.
2921 2877 3157 2962 Henry
3202 2879 3274 2943 Τ.
3322 2877 3449 2942 ΙΠ.
3497 2880 3664 2961 App.
3714 2899 3861 2962 pag.
3912 2882 4036 2943 204
4078 2881 4418 2947 nescimus·
4451 2903 4574 2964 quo

564 3003 791 3057 autore
835 3013 1050 3073 quave
1096 2990 1252 3054 fide:
1301 2989 1500 3053 talem
1546 3010 1664 3054 nos
1709 2988 1975 3072 quidem
2017 3007 2346 3071 nusquam
2388 2995 2717 3055 terrarum
2761 2989 3144 3055 deteximus.
3236 2989 3457 3055 Aliam
3501 3011 3672 3055 anno
3723 2994 3884 3054 1559
3932 2989 4310 3075 evulgatam
4354 3013 4574 3059 recen-

564 3109 666 3170 set
709 3103 1042 3186 catalogus
1101 3099 1530 3166 bibliothecae
1573 3098 1968 3166 Dresdensis
2013 3100 2095 3165 ab
2151 3099 2359 3165 amieo
2403 3101 2472 3165 in
2517 3112 2816 3167 nostrum
2865 3121 3055 3165 usum
3099 3108 3462 3184 excerptus.
3552 3100 3777 3184 Ipsam
3834 3108 4056 3166 tamen
4111 3123 4249 3167 non
4297 3103 4577 3171 vidimus

564 3236 684 3281 nec
731 3213 885 3278 alibi
929 3212 1068 3277 cius
1113 3212 1466 3294 vestigium
1511 3212 1804 3297 relegere
1850 3212 2140 3296 contigit.
3432 3285 3444 3298 ‚

837 3299 1124 3391 ⁸Ultimo
1168 3322 1308 3388 loco
1353 3324 1837 3389 recensebimus
1880 3344 2027 3389 eam
2071 3345 2269 3407 quam
2314 3322 2750 3408 Guelferbyto
2796 3323 3061 3390 allatam
3108 3324 3495 3406 accepimus,
3541 3323 3633 3388 Io.
3682 3323 3967 3407 Crispini
4016 3323 4422 3391 celeberrimi
4464 3347 4575 3411 ge·

565 3438 873 3503 novensis
919 3435 1309 3519 bibliopolae
1352 3435 1527 3501 euris
1573 3433 1840 3516 editam,
1887 3437 1992 3502 cui
2037 3435 2269 3501 titulus
2317 3442 2419 3502 est
2459 3436 2596 3503 hic:

872 3568 1344 3652 ADVER-
1368 3566 1374 3681 Ι
1395 3579 1924 3648 'PISSEMEN'P
1973 3580 1982 3666 Ι
2034 3591 2446 3647 TREsv'rILE
2496 3589 2508 3659 1
2558 3591 2658 3645 DV
2696 3590 2949 3646 GRAND
2985 3582 3269 3665 PRO-{fit
3304 3580 3417 3664 qui
3451 3580 3855 3646 reuiendroit
3888 3587 3932 3645 a
3964 3581 4032 3646 la
4066 3546 4575 3667 Chi-estien-lts,

566 3694 665 3761 s'il
711 3713 779 3758 se
834 3692 1051 3758 faisoit
1108 3692 1482 3759 inuentaire
1540 3692 1620 3758 de
1665 3700 1812 3758 tous
1862 3692 1871 3778 Ι
1919 3693 2017 3758 les
2059 3713 2250 3776 corps
2270 3690 2537 3759 ‘saincte
2582 3701 2651 3759 et
2691 3693 3037 3777 Reliques,
3096 3693 3211 3776 qui
3252 3698 3403 3759 sont
3450 3693 3460 3778 Ι
3512 3699 3657 3756 tant
3696 3712 3782 3756 en
3824 3691 4020 3758 Italie
4064 3698 4257 3776 qu'en
4298 3694 4577 3775 France,

565 3805 748 3872 Alle-
768 3810 1061 3887 lmagne,
1107 3803 1498 3887 Hespagne,
1545 3812 1612 3869 et
1656 3813 1879 3869 autres
1921 3804 2368 3889 Royan-{mes
2412 3812 2478 3869 et
2517 3824 2702 3889 pays.
2757 3804 2765 3889 Ι
2817 3803 2956 3870 Par
3009 3805 3101 3870 M.
3169 3804 3322 3871 Iean
3370 3801 3615 3869 Calain.
3668 3802 3678 3887 Ι
3726 3811 4055 3881 (Embleme.)
4105 3811 4115 3881 Ι
4161 3813 4353 3870 POVR
4396 3815 4578 3870 IEAN

568 3926 890 3982 CRESPIN.
943 3915 952 3997 Ι
1004 3923 1149 3979 PAR
1189 3924 1510 3979 MARMET
1552 3923 1871 3992 REQVEN.
1922 3923 1933 3992 Ι
1990 3919 2171 3980 1563.

875 4052 1223 4117 Emblema
1280 4060 1379 4116 est
1432 4051 1723 4117 anchora
1777 4050 2068 4134 Crispini
2122 4073 2274 4118 cum
2329 4062 2661 4137 serpente,
2720 4075 2916 4137 quam
2970 4062 3206 4119 tenent
3265 4052 3436 4119 duae
3493 4073 3730 4118 manus
3773 4071 3858 4116 ex
3902 4050 4188 4118 nubibus
4246 4060 4579 4136 porrectae

566 4186 718 4232 cum
759 4163 968 4229 literis
1014 4164 1066 4227 Ι.
1117 4161 1190 4229 C.
1274 4162 1524 4227 Forma
1565 4163 1857 4227 minima.
1930 4161 2416 4243 Quaterniones
2460 4171 2711 4248 septem
2756 4165 3062 4250 (A—G);
3115 4165 3395 4249 paginae
3440 4170 3822 4229 numeratae
3873 4168 4010 4228 107.
4079 4161 4387 4248 Quinque
4432 4165 4581 4233 reli-

565 4297 728 4358 quas
770 4275 1022 4341 obtinet
1063 4273 1263 4339 index
1305 4295 1548 4339 rerum.

876 4387 1300 4452 Rcecntiorcs
1337 4385 1658 4451 editiones
1700 4384 1970 4470 gallicas
2016 4387 2371 4469 separatim
2417 4386 2629 4453 editas
2673 4387 2796 4453 hoc
2841 4386 2979 4453 loeo
3023 4408 3142 4470 pro
3187 4406 3369 4452 more
3411 4385 3838 4474 negligimus,
3883 4386 4058 4452 inter
4101 4406 4264 4469 quas
4306 4408 4442 4453 una
4482 4394 4582 4453 est

567 4497 728 4563 anni
780 4503 938 4561 1599
986 4517 1155 4579 quae
1212 4506 1439 4564 nostro
1492 4504 1789 4581 tempore
1841 4498 2054 4562 forma
2106 4504 2175 4561 et
2217 4499 2395 4583 typis
2448 4499 2665 4581 ipsum
2710 4497 3146 4581 antiquiorem
3204 4497 3446 4563 librum
3488 4495 3900 4564 imitantibus
3944 4495 4159 4562 denuo
4202 4497 4386 4581 prelo
4430 4498 4581 4564 sub-

565 4609 735 4676 iect-a
778 4606 1034 4690 prodiit.
1124 4606 1205 4672 In
1251 4609 1743 4676 collectionibus
1785 4610 2216 4676 Tractatuum
2260 4616 2481 4675 exstat
2532 4614 2692 4675 1566
2739 4630 2884 4696 pag.
2935 4614 3303 4689 726—7583
3359 4614 3511 4674 1611
3561 4630 3709 4694 pag.
3756 4610 4097 4673 831—868
4143 4615 4210 4674 et
4250 4609 4320 4673 in
4364 4606 4583 4691 Opus-

568 4721 736 4788 eulis
781 4741 821 4784 a
864 4719 939 4784 P.
988 4719 1275 4784 Lacroix
1319 4721 1514 4787 editis
1557 4743 1705 4806 pag.
1756 4723 2111 4787 135—180.

878 4830 1114 4895 Versio
1160 4829 1440 4897 Gallasii
1493 4834 1697 4897 semel
1751 4834 2103 4916 separatim
2162 4853 2406 4899 excusa
2460 4833 2703 4916 prodiit
2758 4855 2932 4900 anno
2983 4838 3178 4913 1548,
3227 4834 3297 4898 in
3343 4833 3645 4899 omnibus
3690 4831 4088 4916 Corporibus
4131 4836 4356 4914 postea
4397 4851 4582 4915 repe·

569 4943 717 5022 tita,
776 4942 1023 5009 scilicet.
1077 4941 1252 5026 apud
1304 4943 1523 5024 ipsum
1572 4941 1942 5009 Gallesium
1999 4964 2146 5029 pag.
2196 4949 2592 5027 577—604;
2647 4945 2824 5031 apud
2867 4947 3112 5012 Bezam
3156 4964 3303 5028 pag.
3353 4947 3721 5022 330—350,
3781 4944 3853 5009 in
3896 4941 4437 5011 Sanctandreano
4481 4963 4580 5009 se-

569 5053 783 5122 cundo
826 5075 971 5138 pag.
1023 5057 1394 5133 272—2903
1440 5054 1509 5118 in
1554 5051 1901 5120 Stoeriano
1946 5076 2093 5139 pag.
2134 5059 2508 5134 234—2493
2556 5057 2841 5141 denique
2883 5058 2956 5121 in
3000 5054 3594 5122 Amstelodamensi
3639 5076 3789 5140 pag.
3829 5059 4187 5122 203—216.
4251 5053 4582 5121 Editionis

566 5166 902 5250 principie,
947 5167 1135 5232 euius
1179 5164 1519 5248 exemplar
1561 5165 1687 5248 ipsi
1735 5166 2156 5248 possidemus,
2204 5168 2438 5234 titulus
2482 5169 2578 5235 sic
2621 5167 2848 5233 habet:
