<?xml version="1.0" encoding="UTF-8"?>
<!DOCTYPE html PUBLIC "-//W3C//DTD XHTML 1.0 Transitional//EN"
    "http://www.w3.org/TR/xhtml1/DTD/xhtml1-transitional.dtd">
<html xmlns="http://www.w3.org/1999/xhtml" xml:lang="en" lang="en">
 <head>
  <title>
</title>
<meta http-equiv="Content-Type" content="text/html;charset=utf-8" />
  <meta name='ocr-system' content='tesseract 3.04.00' />
  <meta name='ocr-capabilities' content='ocr_page ocr_carea ocr_par ocr_line ocrx_word'/>
</head>
<body>
  <div class='ocr_page' id='page_1' title='image "./ioanniscalvinio02unkngoog_0299.png"; bbox 0 0 4967 5992; ppageno 0'>
   <div class='ocr_carea' id='block_1_1' title="bbox 403 331 522 393">
    <p class='ocr_par' dir='ltr' id='par_1_1' title="bbox 403 331 522 393">
     <span class='ocr_line' id='line_1_1' title="bbox 403 331 522 393; baseline -0.017 0"><span class='ocrx_word' id='word_1_1' title='bbox 403 331 522 393; x_wconf 84' lang='lat'>521</span> 
     </span>
    </p>
   </div>
   <div class='ocr_carea' id='block_1_2' title="bbox 385 517 2360 2060">
    <p class='ocr_par' dir='ltr' id='par_1_2' title="bbox 396 517 2360 946">
     <span class='ocr_line' id='line_1_2' title="bbox 402 517 2359 598; baseline 0 -15"><span class='ocrx_word' id='word_1_2' title='bbox 402 526 634 583; x_wconf 89' lang='lat' dir='ltr'>notum</span> <span class='ocrx_word' id='word_1_3' title='bbox 678 526 779 584; x_wconf 88' lang='lat' dir='ltr'>est</span> <span class='ocrx_word' id='word_1_4' title='bbox 831 517 996 583; x_wconf 90' lang='lat' dir='ltr'>illud</span> <span class='ocrx_word' id='word_1_5' title='bbox 1050 525 1197 598; x_wconf 79' lang='lat' dir='ltr'>[pag.</span> <span class='ocrx_word' id='word_1_6' title='bbox 1240 533 1266 582; x_wconf 91' lang='lat'>1</span> <span class='ocrx_word' id='word_1_7' title='bbox 1285 523 1388 598; x_wconf 83' lang='lat'>18]</span> <span class='ocrx_word' id='word_1_8' title='bbox 1429 518 1776 584; x_wconf 79' lang='lat' dir='ltr'>Ieremias:</span> <span class='ocrx_word' id='word_1_9' title='bbox 1835 519 2085 583; x_wconf 82' lang='lat' dir='ltr'>frustra</span> <span class='ocrx_word' id='word_1_10' title='bbox 2136 518 2359 584; x_wconf 79' lang='lat' dir='ltr'>verbis</span> 
     </span>
     <span class='ocr_line' id='line_1_3' title="bbox 401 600 2360 689; baseline -0.001 -20"><span class='ocrx_word' id='word_1_11' title='bbox 401 600 823 670; x_wconf 76' lang='lat' dir='ltr'><strong>mendacibus</strong></span> <span class='ocrx_word' id='word_1_12' title='bbox 877 604 1145 688; x_wconf 85' lang='lat' dir='ltr'>gloriari</span> <span class='ocrx_word' id='word_1_13' title='bbox 1189 605 1425 689; x_wconf 90' lang='lat' dir='ltr'>impios</span> <span class='ocrx_word' id='word_1_14' title='bbox 1472 603 1870 681; x_wconf 84' lang='lat' dir='ltr'>sacerdotes,</span> <span class='ocrx_word' id='word_1_15' title='bbox 1928 603 2088 668; x_wconf 92' lang='lat' dir='ltr'>dum</span> <span class='ocrx_word' id='word_1_16' title='bbox 2132 602 2360 670; x_wconf 89' lang='lat' dir='ltr'>clami-</span> 
     </span>
     <span class='ocr_line' id='line_1_4' title="bbox 399 688 2359 773; baseline -0.002 -17"><span class='ocrx_word' id='word_1_17' title='bbox 399 697 573 756; x_wconf 89' lang='lat' dir='ltr'>tant:</span> <span class='ocrx_word' id='word_1_18' title='bbox 621 689 945 772; x_wconf 90' lang='lat' dir='ltr'>templum</span> <span class='ocrx_word' id='word_1_19' title='bbox 987 691 1289 770; x_wconf 88' lang='lat' dir='ltr'>Domini,</span> <span class='ocrx_word' id='word_1_20' title='bbox 1333 690 1653 773; x_wconf 86' lang='lat' dir='ltr'>templum</span> <span class='ocrx_word' id='word_1_21' title='bbox 1698 688 1990 767; x_wconf 86' lang='lat' dir='ltr'>Domini,</span> <span class='ocrx_word' id='word_1_22' title='bbox 2037 689 2359 773; x_wconf 92' lang='lat' dir='ltr'>templum</span> 
     </span>
     <span class='ocr_line' id='line_1_5' title="bbox 396 774 2358 859; baseline -0.001 -17"><span class='ocrx_word' id='word_1_23' title='bbox 396 775 704 842; x_wconf 88' lang='lat' dir='ltr'>Domini:</span> <span class='ocrx_word' id='word_1_24' title='bbox 749 796 951 859; x_wconf 91' lang='lat' dir='ltr'>quum</span> <span class='ocrx_word' id='word_1_25' title='bbox 995 797 1079 841; x_wconf 85' lang='lat' dir='ltr'>ex</span> <span class='ocrx_word' id='word_1_26' title='bbox 1124 775 1367 859; x_wconf 91' lang='lat' dir='ltr'>templo</span> <span class='ocrx_word' id='word_1_27' title='bbox 1411 775 1686 841; x_wconf 88' lang='lat' dir='ltr'>Domini</span> <span class='ocrx_word' id='word_1_28' title='bbox 1728 774 2111 859; x_wconf 75' lang='lat' dir='ltr'>speluncam</span> <span class='ocrx_word' id='word_1_29' title='bbox 2155 774 2358 840; x_wconf 91' lang='lat' dir='ltr'>latro-</span> 
     </span>
     <span class='ocr_line' id='line_1_6' title="bbox 396 861 1304 946; baseline -0.002 -18"><span class='ocrx_word' id='word_1_30' title='bbox 396 884 563 928; x_wconf 91' lang='lat' dir='ltr'>num</span> <span class='ocrx_word' id='word_1_31' title='bbox 600 861 878 927; x_wconf 87' lang='lat' dir='ltr'>fecerint</span> <span class='ocrx_word' id='word_1_32' title='bbox 920 861 1076 945; x_wconf 91' lang='lat' dir='ltr'>(Ier.</span> <span class='ocrx_word' id='word_1_33' title='bbox 1117 866 1175 941; x_wconf 90' lang='grc'><strong>7,</strong></span> <span class='ocrx_word' id='word_1_34' title='bbox 1214 863 1304 946; x_wconf 88' lang='grc'>4).</span> 
     </span>
    </p>

    <p class='ocr_par' dir='ltr' id='par_1_3' title="bbox 385 945 2357 2060">
     <span class='ocr_line' id='line_1_7' title="bbox 571 945 2357 1030; baseline 0 -17"><span class='ocrx_word' id='word_1_35' title='bbox 571 945 894 1013; x_wconf 79' lang='lat' dir='ltr'>Similiter</span> <span class='ocrx_word' id='word_1_36' title='bbox 924 946 1233 1013; x_wconf 89' lang='lat' dir='ltr'>ecclesiae</span> <span class='ocrx_word' id='word_1_37' title='bbox 1265 948 1587 1013; x_wconf 86' lang='lat' dir='ltr'>unitatem</span> <span class='ocrx_word' id='word_1_38' title='bbox 1604 998 1623 1027; x_wconf 92' lang='lat'>,</span> <span class='ocrx_word' id='word_1_39' title='bbox 1671 946 1885 1030; x_wconf 88' lang='lat' dir='ltr'>qualis</span> <span class='ocrx_word' id='word_1_40' title='bbox 1917 967 1958 1010; x_wconf 90' lang='lat' dir='ltr'>a</span> <span class='ocrx_word' id='word_1_41' title='bbox 1984 946 2195 1012; x_wconf 92' lang='lat' dir='ltr'>Paulo</span> <span class='ocrx_word' id='word_1_42' title='bbox 2244 947 2357 1013; x_wconf 90' lang='lat' dir='ltr'>de-</span> 
     </span>
     <span class='ocr_line' id='line_1_8' title="bbox 397 1033 2355 1112; baseline -0.002 -10"><span class='ocrx_word' id='word_1_43' title='bbox 397 1034 732 1112; x_wconf 87' lang='lat' dir='ltr'>scribitur,</span> <span class='ocrx_word' id='word_1_44' title='bbox 775 1041 1098 1100; x_wconf 79' lang='lat' dir='ltr'>testamur</span> <span class='ocrx_word' id='word_1_45' title='bbox 1143 1033 1331 1099; x_wconf 90' lang='lat' dir='ltr'>nobis</span> <span class='ocrx_word' id='word_1_46' title='bbox 1356 1053 1497 1099; x_wconf 91' lang='grc'><strong>6666</strong></span> <span class='ocrx_word' id='word_1_47' title='bbox 1540 1039 2041 1111; x_wconf 84' lang='grc'><strong>660106611016111,</strong></span> <span class='ocrx_word' id='word_1_48' title='bbox 2088 1040 2154 1097; x_wconf 85' lang='grc'>61</span> <span class='ocrx_word' id='word_1_49' title='bbox 2196 1052 2355 1098; x_wconf 90' lang='lat' dir='ltr'>ana-</span> 
     </span>
     <span class='ocr_line' id='line_1_9' title="bbox 396 1116 2356 1203; baseline -0.001 -18"><span class='ocrx_word' id='word_1_50' title='bbox 396 1121 625 1187; x_wconf 87' lang='lat' dir='ltr'>thema</span> <span class='ocrx_word' id='word_1_51' title='bbox 665 1121 1180 1203; x_wconf 77' lang='lat' dir='ltr'>pronunciamus</span> <span class='ocrx_word' id='word_1_52' title='bbox 1225 1116 1542 1185; x_wconf 83' lang='lat' dir='ltr'>adversus</span> <span class='ocrx_word' id='word_1_53' title='bbox 1585 1139 1830 1196; x_wconf 90' lang='lat' dir='ltr'>omnes,</span> <span class='ocrx_word' id='word_1_54' title='bbox 1875 1119 1989 1201; x_wconf 91' lang='lat' dir='ltr'>qui</span> <span class='ocrx_word' id='word_1_55' title='bbox 2031 1139 2177 1184; x_wconf 88' lang='lat' dir='ltr'>eam</span> <span class='ocrx_word' id='word_1_56' title='bbox 2219 1119 2356 1184; x_wconf 92' lang='lat' dir='ltr'>ullo</span> 
     </span>
     <span class='ocr_line' id='line_1_10' title="bbox 394 1204 2353 1288; baseline -0.001 -16"><span class='ocrx_word' id='word_1_57' title='bbox 394 1207 591 1273; x_wconf 93' lang='lat' dir='ltr'>modo</span> <span class='ocrx_word' id='word_1_58' title='bbox 642 1206 1060 1272; x_wconf 79' lang='lat' dir='ltr'>violaverint.</span> <span class='ocrx_word' id='word_1_59' title='bbox 1145 1206 1254 1271; x_wconf 85' lang='lat' dir='ltr'>Ab</span> <span class='ocrx_word' id='word_1_60' title='bbox 1307 1205 1432 1270; x_wconf 91' lang='grc'><strong>1100</strong></span> <span class='ocrx_word' id='word_1_61' title='bbox 1487 1205 1711 1288; x_wconf 88' lang='grc'><strong>1160116</strong></span> <span class='ocrx_word' id='word_1_62' title='bbox 1765 1204 2089 1288; x_wconf 88' lang='lat' dir='ltr'>principio</span> <span class='ocrx_word' id='word_1_63' title='bbox 2133 1206 2353 1270; x_wconf 91' lang='lat' dir='ltr'>unita-</span> 
     </span>
     <span class='ocr_line' id='line_1_11' title="bbox 395 1288 2351 1376; baseline -0.001 -17"><span class='ocrx_word' id='word_1_64' title='bbox 395 1300 542 1376; x_wconf 47' lang='lat' dir='ltr'>tem,</span> <span class='ocrx_word' id='word_1_65' title='bbox 592 1292 774 1358; x_wconf 90' lang='lat' dir='ltr'>ducit</span> <span class='ocrx_word' id='word_1_66' title='bbox 828 1291 1108 1371; x_wconf 89' lang='lat' dir='ltr'>Paulus,</span> <span class='ocrx_word' id='word_1_67' title='bbox 1166 1289 1340 1374; x_wconf 92' lang='lat' dir='ltr'>quod</span> <span class='ocrx_word' id='word_1_68' title='bbox 1381 1311 1555 1355; x_wconf 91' lang='lat' dir='ltr'>unus</span> <span class='ocrx_word' id='word_1_69' title='bbox 1600 1291 1689 1356; x_wconf 90' lang='lat' dir='ltr'>sit</span> <span class='ocrx_word' id='word_1_70' title='bbox 1721 1288 1942 1369; x_wconf 90' lang='lat' dir='ltr'>Deus,</span> <span class='ocrx_word' id='word_1_71' title='bbox 1989 1312 2124 1356; x_wconf 92' lang='lat' dir='ltr'>una</span> <span class='ocrx_word' id='word_1_72' title='bbox 2168 1289 2351 1370; x_wconf 89' lang='lat' dir='ltr'>fides,</span> 
     </span>
     <span class='ocr_line' id='line_1_12' title="bbox 393 1376 2354 1462; baseline -0.001 -19"><span class='ocrx_word' id='word_1_73' title='bbox 393 1400 609 1443; x_wconf 92' lang='lat' dir='ltr'>unum</span> <span class='ocrx_word' id='word_1_74' title='bbox 651 1378 1010 1462; x_wconf 88' lang='lat' dir='ltr'>baptisma:</span> <span class='ocrx_word' id='word_1_75' title='bbox 1056 1376 1232 1461; x_wconf 92' lang='lat' dir='ltr'>quod</span> <span class='ocrx_word' id='word_1_76' title='bbox 1277 1399 1450 1442; x_wconf 88' lang='lat' dir='ltr'>unus</span> <span class='ocrx_word' id='word_1_77' title='bbox 1494 1377 1583 1442; x_wconf 88' lang='lat' dir='ltr'>sit</span> <span class='ocrx_word' id='word_1_78' title='bbox 1625 1377 1918 1441; x_wconf 91' lang='lat' dir='ltr'>omnium</span> <span class='ocrx_word' id='word_1_79' title='bbox 1961 1382 2181 1459; x_wconf 89' lang='lat' dir='ltr'>pater,</span> <span class='ocrx_word' id='word_1_80' title='bbox 2240 1377 2354 1459; x_wconf 90' lang='lat' dir='ltr'>qui</span> 
     </span>
     <span class='ocr_line' id='line_1_13' title="bbox 390 1461 2353 1547; baseline -0.001 -18"><span class='ocrx_word' id='word_1_81' title='bbox 390 1486 515 1531; x_wconf 89' lang='lat' dir='ltr'>nos</span> <span class='ocrx_word' id='word_1_82' title='bbox 568 1466 641 1530; x_wconf 92' lang='lat' dir='ltr'>in</span> <span class='ocrx_word' id='word_1_83' title='bbox 694 1486 881 1547; x_wconf 91' lang='lat' dir='ltr'>spem</span> <span class='ocrx_word' id='word_1_84' title='bbox 934 1485 1139 1529; x_wconf 91' lang='lat' dir='ltr'>unam</span> <span class='ocrx_word' id='word_1_85' title='bbox 1196 1462 1531 1531; x_wconf 82' lang='lat' dir='ltr'>vocaverit</span> <span class='ocrx_word' id='word_1_86' title='bbox 1575 1461 1843 1545; x_wconf 86' lang='lat' dir='ltr'>(Ephes.</span> <span class='ocrx_word' id='word_1_87' title='bbox 1885 1467 1943 1542; x_wconf 87' lang='grc'>4,</span> <span class='ocrx_word' id='word_1_88' title='bbox 1985 1463 2072 1545; x_wconf 86' lang='grc'>5).</span> <span class='ocrx_word' id='word_1_89' title='bbox 2163 1463 2353 1528; x_wconf 77' lang='lat' dir='ltr'>Tunc</span> 
     </span>
     <span class='ocr_line' id='line_1_14' title="bbox 390 1547 2351 1635; baseline -0.001 -19"><span class='ocrx_word' id='word_1_90' title='bbox 390 1570 550 1635; x_wconf 87' lang='lat' dir='ltr'>ergo</span> <span class='ocrx_word' id='word_1_91' title='bbox 595 1572 805 1616; x_wconf 90' lang='lat' dir='ltr'>unum</span> <span class='ocrx_word' id='word_1_92' title='bbox 849 1551 1095 1616; x_wconf 87' lang='lat' dir='ltr'>erimus</span> <span class='ocrx_word' id='word_1_93' title='bbox 1136 1569 1402 1634; x_wconf 88' lang='lat' dir='ltr'>corpus,</span> <span class='ocrx_word' id='word_1_94' title='bbox 1448 1555 1526 1612; x_wconf 90' lang='lat' dir='ltr'>ut</span> <span class='ocrx_word' id='word_1_95' title='bbox 1568 1569 1744 1613; x_wconf 91' lang='lat' dir='ltr'>unus</span> <span class='ocrx_word' id='word_1_96' title='bbox 1787 1547 2079 1631; x_wconf 89' lang='lat' dir='ltr'>spiritus,</span> <span class='ocrx_word' id='word_1_97' title='bbox 2126 1568 2351 1631; x_wconf 90' lang='lat' dir='ltr'>quem-</span> 
     </span>
     <span class='ocr_line' id='line_1_15' title="bbox 390 1630 2348 1719; baseline -0.002 -18"><span class='ocrx_word' id='word_1_98' title='bbox 390 1636 743 1701; x_wconf 84' lang='lat' dir='ltr'>admodum</span> <span class='ocrx_word' id='word_1_99' title='bbox 799 1636 936 1702; x_wconf 90' lang='lat' dir='ltr'>illic</span> <span class='ocrx_word' id='word_1_100' title='bbox 990 1635 1339 1719; x_wconf 80' lang='lat' dir='ltr'>praecipit,</span> <span class='ocrx_word' id='word_1_101' title='bbox 1407 1635 1464 1699; x_wconf 90' lang='lat' dir='ltr'>si</span> <span class='ocrx_word' id='word_1_102' title='bbox 1509 1636 1624 1700; x_wconf 92' lang='lat' dir='ltr'>uni</span> <span class='ocrx_word' id='word_1_103' title='bbox 1672 1635 1818 1699; x_wconf 93' lang='lat' dir='ltr'>Deo</span> <span class='ocrx_word' id='word_1_104' title='bbox 1854 1630 2348 1714; x_wconf 86' lang='lat' dir='ltr'>adhaereamus,</span> 
     </span>
     <span class='ocr_line' id='line_1_16' title="bbox 386 1720 2352 1805; baseline -0.001 -18"><span class='ocrx_word' id='word_1_105' title='bbox 386 1721 586 1805; x_wconf 89' lang='lat' dir='ltr'>idque</span> <span class='ocrx_word' id='word_1_106' title='bbox 626 1721 783 1787; x_wconf 88' lang='lat' dir='ltr'>fidei</span> <span class='ocrx_word' id='word_1_107' title='bbox 837 1720 1010 1787; x_wconf 91' lang='lat' dir='ltr'>nodo</span> <span class='ocrx_word' id='word_1_108' title='bbox 1064 1723 1241 1787; x_wconf 85' lang='lat' dir='ltr'>inter</span> <span class='ocrx_word' id='word_1_109' title='bbox 1284 1741 1406 1786; x_wconf 88' lang='lat' dir='ltr'>nos</span> <span class='ocrx_word' id='word_1_110' title='bbox 1450 1720 1758 1804; x_wconf 86' lang='lat' dir='ltr'>colligati.</span> <span class='ocrx_word' id='word_1_111' title='bbox 1848 1720 2059 1784; x_wconf 91' lang='lat' dir='ltr'>Porro</span> <span class='ocrx_word' id='word_1_112' title='bbox 2103 1740 2352 1785; x_wconf 91' lang='lat' dir='ltr'>memo-</span> 
     </span>
     <span class='ocr_line' id='line_1_17' title="bbox 385 1804 2354 1891; baseline -0.002 -18"><span class='ocrx_word' id='word_1_113' title='bbox 385 1809 489 1873; x_wconf 89' lang='lat' dir='ltr'>ria</span> <span class='ocrx_word' id='word_1_114' title='bbox 531 1807 965 1891; x_wconf 89' lang='lat' dir='ltr'>repetendum</span> <span class='ocrx_word' id='word_1_115' title='bbox 1007 1808 1180 1891; x_wconf 91' lang='lat' dir='ltr'>quod</span> <span class='ocrx_word' id='word_1_116' title='bbox 1224 1805 1381 1872; x_wconf 88' lang='lat' dir='ltr'>alibi</span> <span class='ocrx_word' id='word_1_117' title='bbox 1427 1806 1610 1871; x_wconf 86' lang='lat' dir='ltr'>dicit:</span> <span class='ocrx_word' id='word_1_118' title='bbox 1667 1804 1866 1870; x_wconf 89' lang='lat' dir='ltr'>fidem</span> <span class='ocrx_word' id='word_1_119' title='bbox 1912 1826 2054 1870; x_wconf 89' lang='lat' dir='ltr'>csse</span> <span class='ocrx_word' id='word_1_120' title='bbox 2095 1827 2177 1871; x_wconf 86' lang='lat' dir='ltr'>ex</span> <span class='ocrx_word' id='word_1_121' title='bbox 2220 1805 2354 1871; x_wconf 91' lang='lat' dir='ltr'>Dei</span> 
     </span>
     <span class='ocr_line' id='line_1_18' title="bbox 386 1890 2349 1979; baseline -0.002 -17"><span class='ocrx_word' id='word_1_122' title='bbox 386 1891 591 1962; x_wconf 82' lang='lat' dir='ltr'>verbo</span> <span class='ocrx_word' id='word_1_123' title='bbox 657 1894 879 1979; x_wconf 85' lang='lat' dir='ltr'>(Rom.</span> <span class='ocrx_word' id='word_1_124' title='bbox 939 1897 1034 1974; x_wconf 87' lang='lat'>10,</span> <span class='ocrx_word' id='word_1_125' title='bbox 1092 1894 1221 1979; x_wconf 87' lang='lat'>17).</span> <span class='ocrx_word' id='word_1_126' title='bbox 1312 1890 1421 1958; x_wconf 80' lang='lat' dir='ltr'>Sit</span> <span class='ocrx_word' id='word_1_127' title='bbox 1484 1911 1644 1975; x_wconf 86' lang='lat' dir='ltr'>ergo</span> <span class='ocrx_word' id='word_1_128' title='bbox 1708 1891 1833 1955; x_wconf 92' lang='lat' dir='ltr'>hoc</span> <span class='ocrx_word' id='word_1_129' title='bbox 1900 1893 2349 1972; x_wconf 82' lang='lat' dir='ltr'>constitutum,</span> 
     </span>
     <span class='ocr_line' id='line_1_19' title="bbox 385 1976 2352 2060; baseline -0.002 -16"><span class='ocrx_word' id='word_1_130' title='bbox 385 1986 548 2046; x_wconf 90' lang='lat' dir='ltr'>tunc</span> <span class='ocrx_word' id='word_1_131' title='bbox 593 1988 894 2045; x_wconf 81' lang='lat' dir='ltr'>constare</span> <span class='ocrx_word' id='word_1_132' title='bbox 936 1981 1111 2044; x_wconf 89' lang='lat' dir='ltr'>inter</span> <span class='ocrx_word' id='word_1_133' title='bbox 1149 2000 1272 2044; x_wconf 85' lang='lat' dir='ltr'>nos</span> <span class='ocrx_word' id='word_1_134' title='bbox 1314 1985 1612 2044; x_wconf 79' lang='lat' dir='ltr'>sanctam</span> <span class='ocrx_word' id='word_1_135' title='bbox 1647 1976 1986 2054; x_wconf 85' lang='lat' dir='ltr'>unitatem,</span> <span class='ocrx_word' id='word_1_136' title='bbox 2034 1998 2238 2060; x_wconf 86' lang='lat' dir='ltr'>quum</span> <span class='ocrx_word' id='word_1_137' title='bbox 2278 1979 2352 2041; x_wconf 91' lang='lat' dir='ltr'>in</span> 
     </span>
    </p>
   </div>
   <div class='ocr_carea' id='block_1_3' title="bbox 273 2061 2353 2148">
    <p class='ocr_par' dir='ltr' id='par_1_4' title="bbox 273 2061 2353 2148">
     <span class='ocr_line' id='line_1_20' title="bbox 273 2061 2353 2148; baseline 0 -19"><span class='ocrx_word' id='word_1_138' title='bbox 273 2109 284 2116; x_wconf 91' lang='lat'>-</span> <span class='ocrx_word' id='word_1_139' title='bbox 383 2085 559 2148; x_wconf 88' lang='lat' dir='ltr'>pura</span> <span class='ocrx_word' id='word_1_140' title='bbox 600 2064 898 2133; x_wconf 88' lang='lat' dir='ltr'>doctrina</span> <span class='ocrx_word' id='word_1_141' title='bbox 939 2066 1425 2133; x_wconf 89' lang='lat' dir='ltr'>consentientes</span> <span class='ocrx_word' id='word_1_142' title='bbox 1460 2065 1532 2127; x_wconf 90' lang='lat' dir='ltr'>in</span> <span class='ocrx_word' id='word_1_143' title='bbox 1576 2083 1787 2127; x_wconf 90' lang='lat' dir='ltr'>unum</span> <span class='ocrx_word' id='word_1_144' title='bbox 1825 2061 2170 2128; x_wconf 79' lang='lat' dir='ltr'>Christum</span> <span class='ocrx_word' id='word_1_145' title='bbox 2203 2085 2353 2130; x_wconf 82' lang='lat' dir='ltr'>coa·</span> 
     </span>
    </p>
   </div>
   <div class='ocr_carea' id='block_1_4' title="bbox 295 2146 2350 5325">
    <p class='ocr_par' dir='ltr' id='par_1_5' title="bbox 365 2146 2350 3949">
     <span class='ocr_line' id='line_1_21' title="bbox 384 2146 2350 2232; baseline -0.001 -17"><span class='ocrx_word' id='word_1_146' title='bbox 384 2150 713 2217; x_wconf 88' lang='lat' dir='ltr'>lescimus.</span> <span class='ocrx_word' id='word_1_147' title='bbox 799 2152 894 2217; x_wconf 89' lang='lat' dir='ltr'>Et</span> <span class='ocrx_word' id='word_1_148' title='bbox 936 2172 1124 2231; x_wconf 89' lang='lat' dir='ltr'>sane,</span> <span class='ocrx_word' id='word_1_149' title='bbox 1181 2152 1237 2216; x_wconf 89' lang='lat' dir='ltr'>si</span> <span class='ocrx_word' id='word_1_150' title='bbox 1270 2152 1339 2215; x_wconf 91' lang='lat' dir='ltr'>in</span> <span class='ocrx_word' id='word_1_151' title='bbox 1386 2148 1744 2232; x_wconf 79' lang='lat' dir='ltr'>quamlibet</span> <span class='ocrx_word' id='word_1_152' title='bbox 1778 2146 2141 2214; x_wconf 88' lang='lat' dir='ltr'>doctrinam</span> <span class='ocrx_word' id='word_1_153' title='bbox 2197 2171 2350 2216; x_wconf 88' lang='lat' dir='ltr'>con-</span> 
     </span>
     <span class='ocr_line' id='line_1_22' title="bbox 385 2232 2349 2320; baseline 0 -19"><span class='ocrx_word' id='word_1_154' title='bbox 385 2237 648 2320; x_wconf 85' lang='lat' dir='ltr'>spirare</span> <span class='ocrx_word' id='word_1_155' title='bbox 671 2238 1018 2316; x_wconf 89' lang='lat' dir='ltr'>sufficeret,</span> <span class='ocrx_word' id='word_1_156' title='bbox 1064 2258 1192 2319; x_wconf 93' lang='lat' dir='ltr'>quo</span> <span class='ocrx_word' id='word_1_157' title='bbox 1227 2236 1364 2301; x_wconf 90' lang='lat' dir='ltr'>iam</span> <span class='ocrx_word' id='word_1_158' title='bbox 1408 2233 1648 2300; x_wconf 89' lang='lat' dir='ltr'>indicio</span> <span class='ocrx_word' id='word_1_159' title='bbox 1680 2232 1961 2316; x_wconf 89' lang='lat' dir='ltr'>amplius</span> <span class='ocrx_word' id='word_1_160' title='bbox 1994 2253 2034 2297; x_wconf 90' lang='lat' dir='ltr'>a</span> <span class='ocrx_word' id='word_1_161' title='bbox 2054 2237 2349 2317; x_wconf 83' lang='lat' dir='ltr'>profanis</span> 
     </span>
     <span class='ocr_line' id='line_1_23' title="bbox 384 2317 2347 2407; baseline 0 -22"><span class='ocrx_word' id='word_1_162' title='bbox 384 2322 742 2407; x_wconf 89' lang='lat' dir='ltr'>impiorum</span> <span class='ocrx_word' id='word_1_163' title='bbox 808 2321 1198 2388; x_wconf 84' lang='lat' dir='ltr'>factionibus</span> <span class='ocrx_word' id='word_1_164' title='bbox 1263 2321 1395 2386; x_wconf 89' lang='lat' dir='ltr'>Dei</span> <span class='ocrx_word' id='word_1_165' title='bbox 1470 2320 1741 2386; x_wconf 88' lang='lat' dir='ltr'>ecclesia</span> <span class='ocrx_word' id='word_1_166' title='bbox 1817 2317 2347 2387; x_wconf 82' lang='lat' dir='ltr'>discerneretur?</span> 
     </span>
     <span class='ocr_line' id='line_1_24' title="bbox 386 2405 2347 2491; baseline -0.001 -19"><span class='ocrx_word' id='word_1_167' title='bbox 386 2406 837 2488; x_wconf 77' lang='lat' dir='ltr'>Quamobrem</span> <span class='ocrx_word' id='word_1_168' title='bbox 881 2409 1076 2491; x_wconf 90' lang='lat' dir='ltr'>paulo</span> <span class='ocrx_word' id='word_1_169' title='bbox 1110 2415 1260 2491; x_wconf 89' lang='lat' dir='ltr'>post</span> <span class='ocrx_word' id='word_1_170' title='bbox 1289 2405 1632 2490; x_wconf 86' lang='lat' dir='ltr'>subiungit</span> <span class='ocrx_word' id='word_1_171' title='bbox 1654 2405 2006 2488; x_wconf 83' lang='lat' dir='ltr'>apostolus,</span> <span class='ocrx_word' id='word_1_172' title='bbox 2051 2407 2137 2473; x_wconf 90' lang='lat' dir='ltr'>ad</span> <span class='ocrx_word' id='word_1_173' title='bbox 2170 2408 2347 2472; x_wconf 87' lang='lat' dir='ltr'>aedi-</span> 
     </span>
     <span class='ocr_line' id='line_1_25' title="bbox 380 2490 2347 2560; baseline 0 -2"><span class='ocrx_word' id='word_1_174' title='bbox 380 2493 761 2560; x_wconf 88' lang='lat' dir='ltr'>ficationem</span> <span class='ocrx_word' id='word_1_175' title='bbox 803 2493 1112 2560; x_wconf 89' lang='lat' dir='ltr'>ecelesiae</span> <span class='ocrx_word' id='word_1_176' title='bbox 1155 2492 1532 2558; x_wconf 80' lang='lat' dir='ltr'>institutum</span> <span class='ocrx_word' id='word_1_177' title='bbox 1577 2512 1720 2556; x_wconf 89' lang='grc'><strong>6666</strong></span> <span class='ocrx_word' id='word_1_178' title='bbox 1764 2511 1804 2555; x_wconf 90' lang='grc'>6</span> <span class='ocrx_word' id='word_1_179' title='bbox 1839 2490 2109 2558; x_wconf 91' lang='lat' dir='ltr'>Christo</span> <span class='ocrx_word' id='word_1_180' title='bbox 2151 2494 2347 2558; x_wconf 89' lang='lat' dir='ltr'>mini-</span> 
     </span>
     <span class='ocr_line' id='line_1_26' title="bbox 381 2576 2345 2662; baseline 0.002 -19"><span class='ocrx_word' id='word_1_181' title='bbox 381 2579 685 2658; x_wconf 88' lang='lat' dir='ltr'>sterium,</span> <span class='ocrx_word' id='word_1_182' title='bbox 731 2577 939 2646; x_wconf 81' lang='lat' dir='ltr'>donec</span> <span class='ocrx_word' id='word_1_183' title='bbox 980 2579 1451 2662; x_wconf 85' lang='lat' dir='ltr'>perveniamus</span> <span class='ocrx_word' id='word_1_184' title='bbox 1498 2579 1568 2642; x_wconf 91' lang='lat' dir='ltr'>in</span> <span class='ocrx_word' id='word_1_185' title='bbox 1614 2576 1766 2643; x_wconf 91' lang='lat' dir='ltr'>fidei</span> <span class='ocrx_word' id='word_1_186' title='bbox 1810 2577 2161 2659; x_wconf 83' lang='lat' dir='ltr'>unitatem,</span> <span class='ocrx_word' id='word_1_187' title='bbox 2220 2580 2345 2648; x_wconf 88' lang='lat' dir='ltr'>hoc</span> 
     </span>
     <span class='ocr_line' id='line_1_27' title="bbox 381 2662 2342 2748; baseline 0.001 -19"><span class='ocrx_word' id='word_1_188' title='bbox 381 2671 522 2742; x_wconf 82' lang='lat' dir='ltr'>est,</span> <span class='ocrx_word' id='word_1_189' title='bbox 581 2665 985 2748; x_wconf 84' lang='lat' dir='ltr'>agnitionem</span> <span class='ocrx_word' id='word_1_190' title='bbox 1026 2664 1146 2730; x_wconf 90' lang='lat' dir='ltr'>filii</span> <span class='ocrx_word' id='word_1_191' title='bbox 1188 2665 1347 2730; x_wconf 91' lang='lat' dir='ltr'>Dei:</span> <span class='ocrx_word' id='word_1_192' title='bbox 1408 2684 1493 2728; x_wconf 90' lang='lat' dir='ltr'>ne</span> <span class='ocrx_word' id='word_1_193' title='bbox 1537 2663 1745 2729; x_wconf 89' lang='lat' dir='ltr'>simus</span> <span class='ocrx_word' id='word_1_194' title='bbox 1803 2662 2089 2745; x_wconf 89' lang='lat' dir='ltr'>amplius</span> <span class='ocrx_word' id='word_1_195' title='bbox 2132 2666 2342 2748; x_wconf 89' lang='lat' dir='ltr'>pueri,</span> 
     </span>
     <span class='ocr_line' id='line_1_28' title="bbox 378 2747 2344 2834; baseline 0.003 -21"><span class='ocrx_word' id='word_1_196' title='bbox 378 2749 501 2831; x_wconf 85' lang='lat' dir='ltr'>qui</span> <span class='ocrx_word' id='word_1_197' title='bbox 527 2750 1071 2816; x_wconf 81' lang='lat' dir='ltr'>circumferamur</span> <span class='ocrx_word' id='word_1_198' title='bbox 1115 2749 1410 2834; x_wconf 89' lang='lat' dir='ltr'>quolibet</span> <span class='ocrx_word' id='word_1_199' title='bbox 1433 2757 1630 2816; x_wconf 82' lang='lat' dir='ltr'>vento</span> <span class='ocrx_word' id='word_1_200' title='bbox 1674 2747 2031 2830; x_wconf 88' lang='lat' dir='ltr'>doctrinae,</span> <span class='ocrx_word' id='word_1_201' title='bbox 2067 2750 2183 2816; x_wconf 90' lang='lat' dir='ltr'>sed</span> <span class='ocrx_word' id='word_1_202' title='bbox 2227 2773 2344 2818; x_wconf 77' lang='lat' dir='ltr'>ve·</span> 
     </span>
     <span class='ocr_line' id='line_1_29' title="bbox 375 2833 2344 2914; baseline 0.001 -15"><span class='ocrx_word' id='word_1_203' title='bbox 375 2833 645 2899; x_wconf 88' lang='lat' dir='ltr'>ritatem</span> <span class='ocrx_word' id='word_1_204' title='bbox 704 2842 1029 2902; x_wconf 89' lang='lat' dir='ltr'>sectantes</span> <span class='ocrx_word' id='word_1_205' title='bbox 1083 2836 1157 2901; x_wconf 92' lang='lat' dir='ltr'>in</span> <span class='ocrx_word' id='word_1_206' title='bbox 1214 2836 1517 2914; x_wconf 85' lang='lat' dir='ltr'>caritate,</span> <span class='ocrx_word' id='word_1_207' title='bbox 1587 2853 1963 2900; x_wconf 85' lang='lat' dir='ltr'>crescamus</span> <span class='ocrx_word' id='word_1_208' title='bbox 2021 2837 2093 2900; x_wconf 91' lang='lat' dir='ltr'>in</span> <span class='ocrx_word' id='word_1_209' title='bbox 2150 2835 2344 2901; x_wconf 90' lang='lat' dir='ltr'>illum</span> 
     </span>
     <span class='ocr_line' id='line_1_30' title="bbox 375 2920 2342 3005; baseline 0.003 -21"><span class='ocrx_word' id='word_1_210' title='bbox 375 2921 493 3002; x_wconf 86' lang='lat' dir='ltr'>qui</span> <span class='ocrx_word' id='word_1_211' title='bbox 553 2928 656 2984; x_wconf 92' lang='lat' dir='ltr'>est</span> <span class='ocrx_word' id='word_1_212' title='bbox 714 2929 909 3004; x_wconf 90' lang='lat' dir='ltr'>caput</span> <span class='ocrx_word' id='word_1_213' title='bbox 973 2921 1247 3005; x_wconf 87' lang='lat' dir='ltr'>(Ephes.</span> <span class='ocrx_word' id='word_1_214' title='bbox 1299 2926 1359 3002; x_wconf 87' lang='grc'>4,</span> <span class='ocrx_word' id='word_1_215' title='bbox 1412 2922 1538 3000; x_wconf 88' lang='lat'>14).</span> <span class='ocrx_word' id='word_1_216' title='bbox 1627 2920 1988 2986; x_wconf 85' lang='lat' dir='ltr'>Poteratne</span> <span class='ocrx_word' id='word_1_217' title='bbox 2053 2925 2342 3005; x_wconf 86' lang='lat' dir='ltr'>apertius</span> 
     </span>
     <span class='ocr_line' id='line_1_31' title="bbox 375 3006 2340 3078; baseline 0.003 -8"><span class='ocrx_word' id='word_1_218' title='bbox 375 3018 584 3070; x_wconf 85' lang='lat' dir='ltr'>totam</span> <span class='ocrx_word' id='word_1_219' title='bbox 641 3007 949 3073; x_wconf 85' lang='lat' dir='ltr'>ecclesiae</span> <span class='ocrx_word' id='word_1_220' title='bbox 1004 3008 1330 3074; x_wconf 87' lang='lat' dir='ltr'>unitatem</span> <span class='ocrx_word' id='word_1_221' title='bbox 1386 3006 1720 3072; x_wconf 88' lang='lat' dir='ltr'>includere</span> <span class='ocrx_word' id='word_1_222' title='bbox 1794 3006 1866 3071; x_wconf 93' lang='lat' dir='ltr'>in</span> <span class='ocrx_word' id='word_1_223' title='bbox 1944 3014 2173 3073; x_wconf 89' lang='lat' dir='ltr'>sancta</span> <span class='ocrx_word' id='word_1_224' title='bbox 2227 3032 2340 3078; x_wconf 83' lang='lat' dir='ltr'>ve-</span> 
     </span>
     <span class='ocr_line' id='line_1_32' title="bbox 374 3091 2338 3176; baseline 0.002 -19"><span class='ocrx_word' id='word_1_225' title='bbox 374 3112 493 3157; x_wconf 87' lang='lat' dir='ltr'>rae</span> <span class='ocrx_word' id='word_1_226' title='bbox 548 3091 883 3158; x_wconf 88' lang='lat' dir='ltr'>doctrinae</span> <span class='ocrx_word' id='word_1_227' title='bbox 938 3092 1314 3172; x_wconf 87' lang='lat' dir='ltr'>concordia,</span> <span class='ocrx_word' id='word_1_228' title='bbox 1369 3114 1570 3176; x_wconf 90' lang='lat' dir='ltr'>quam</span> <span class='ocrx_word' id='word_1_229' title='bbox 1624 3091 1782 3157; x_wconf 90' lang='lat' dir='ltr'>dum</span> <span class='ocrx_word' id='word_1_230' title='bbox 1841 3092 1928 3160; x_wconf 90' lang='lat' dir='ltr'>ad</span> <span class='ocrx_word' id='word_1_231' title='bbox 1973 3093 2338 3176; x_wconf 84' lang='lat' dir='ltr'>Christum,</span> 
     </span>
     <span class='ocr_line' id='line_1_33' title="bbox 374 3177 2338 3263; baseline 0.002 -21"><span class='ocrx_word' id='word_1_232' title='bbox 374 3177 464 3242; x_wconf 88' lang='lat' dir='ltr'>ad</span> <span class='ocrx_word' id='word_1_233' title='bbox 507 3177 736 3257; x_wconf 90' lang='lat' dir='ltr'>fidem,</span> <span class='ocrx_word' id='word_1_234' title='bbox 783 3184 931 3259; x_wconf 83' lang='lat' dir='ltr'>[pag.</span> <span class='ocrx_word' id='word_1_235' title='bbox 975 3184 1123 3259; x_wconf 87' lang='lat'>119]</span> <span class='ocrx_word' id='word_1_236' title='bbox 1169 3200 1334 3263; x_wconf 88' lang='lat' dir='ltr'>quae</span> <span class='ocrx_word' id='word_1_237' title='bbox 1380 3178 1522 3244; x_wconf 90' lang='lat' dir='ltr'>eius</span> <span class='ocrx_word' id='word_1_238' title='bbox 1566 3199 1604 3243; x_wconf 88' lang='lat' dir='ltr'>a</span> <span class='ocrx_word' id='word_1_239' title='bbox 1654 3179 1901 3244; x_wconf 90' lang='lat' dir='ltr'>nitione</span> <span class='ocrx_word' id='word_1_240' title='bbox 1941 3182 2338 3259; x_wconf 88' lang='lat' dir='ltr'>continetur,</span> 
     </span>
     <span class='ocr_line' id='line_1_34' title="bbox 375 3263 2339 3348; baseline 0.003 -21"><span class='ocrx_word' id='word_1_241' title='bbox 375 3263 462 3328; x_wconf 92' lang='lat' dir='ltr'>ad</span> <span class='ocrx_word' id='word_1_242' title='bbox 506 3264 807 3330; x_wconf 86' lang='lat' dir='ltr'>veritatis</span> <span class='ocrx_word' id='word_1_243' title='bbox 851 3264 1289 3330; x_wconf 89' lang='lat' dir='ltr'>obedientiam</span> <span class='ocrx_word' id='word_1_244' title='bbox 1335 3271 1600 3330; x_wconf 87' lang='lat' dir='ltr'>revocat</span> <span class='ocrx_word' id='word_1_245' title='bbox 1731 3265 1966 3348; x_wconf 88' lang='lat' dir='ltr'>Neque</span> <span class='ocrx_word' id='word_1_246' title='bbox 2015 3286 2171 3331; x_wconf 89' lang='lat' dir='ltr'>vero</span> <span class='ocrx_word' id='word_1_247' title='bbox 2215 3267 2339 3333; x_wconf 90' lang='lat' dir='ltr'>hoc</span> 
     </span>
     <span class='ocr_line' id='line_1_35' title="bbox 372 3348 2338 3434; baseline 0.003 -21"><span class='ocrx_word' id='word_1_248' title='bbox 372 3348 580 3433; x_wconf 86' lang='lat' dir='ltr'>longa</span> <span class='ocrx_word' id='word_1_249' title='bbox 623 3348 1181 3416; x_wconf 85' lang='lat' dir='ltr'>demonstrat-ione</span> <span class='ocrx_word' id='word_1_250' title='bbox 1224 3372 1389 3434; x_wconf 90' lang='lat' dir='ltr'>opus</span> <span class='ocrx_word' id='word_1_251' title='bbox 1435 3349 1637 3415; x_wconf 90' lang='lat' dir='ltr'>habet</span> <span class='ocrx_word' id='word_1_252' title='bbox 1678 3349 1854 3433; x_wconf 89' lang='lat' dir='ltr'>apud</span> <span class='ocrx_word' id='word_1_253' title='bbox 1898 3371 2027 3431; x_wconf 87' lang='lat' dir='ltr'>eos,</span> <span class='ocrx_word' id='word_1_254' title='bbox 2074 3353 2188 3433; x_wconf 91' lang='lat' dir='ltr'>qui</span> <span class='ocrx_word' id='word_1_255' title='bbox 2233 3374 2338 3419; x_wconf 92' lang='lat' dir='ltr'>ec-</span> 
     </span>
     <span class='ocr_line' id='line_1_36' title="bbox 372 3434 2337 3520; baseline 0.001 -18"><span class='ocrx_word' id='word_1_256' title='bbox 372 3434 644 3502; x_wconf 91' lang='lat' dir='ltr'>clesiam</span> <span class='ocrx_word' id='word_1_257' title='bbox 687 3436 981 3520; x_wconf 85' lang='lat' dir='ltr'>cogitant</span> <span class='ocrx_word' id='word_1_258' title='bbox 1024 3435 1194 3502; x_wconf 83' lang='lat' dir='ltr'>ovile</span> <span class='ocrx_word' id='word_1_259' title='bbox 1236 3435 1403 3501; x_wconf 89' lang='lat' dir='ltr'>illud</span> <span class='ocrx_word' id='word_1_260' title='bbox 1447 3456 1607 3516; x_wconf 89' lang='lat' dir='ltr'>esse,</span> <span class='ocrx_word' id='word_1_261' title='bbox 1655 3437 1761 3501; x_wconf 91' lang='lat' dir='ltr'>cui</span> <span class='ocrx_word' id='word_1_262' title='bbox 1804 3436 1983 3502; x_wconf 92' lang='lat' dir='ltr'>solus</span> <span class='ocrx_word' id='word_1_263' title='bbox 2027 3436 2337 3504; x_wconf 87' lang='lat' dir='ltr'>Christus</span> 
     </span>
     <span class='ocr_line' id='line_1_37' title="bbox 370 3519 2336 3605; baseline 0.003 -20"><span class='ocrx_word' id='word_1_264' title='bbox 370 3528 662 3605; x_wconf 86' lang='lat' dir='ltr'>praeest:</span> <span class='ocrx_word' id='word_1_265' title='bbox 722 3523 834 3588; x_wconf 91' lang='lat' dir='ltr'>ubi</span> <span class='ocrx_word' id='word_1_266' title='bbox 876 3543 1010 3587; x_wconf 90' lang='lat' dir='ltr'>una</span> <span class='ocrx_word' id='word_1_267' title='bbox 1051 3523 1192 3588; x_wconf 90' lang='lat' dir='ltr'>eius</span> <span class='ocrx_word' id='word_1_268' title='bbox 1235 3543 1370 3588; x_wconf 83' lang='lat' dir='ltr'>vox</span> <span class='ocrx_word' id='word_1_269' title='bbox 1404 3519 1673 3586; x_wconf 89' lang='lat' dir='ltr'>auditur</span> <span class='ocrx_word' id='word_1_270' title='bbox 1716 3530 1786 3587; x_wconf 90' lang='lat' dir='ltr'>et</span> <span class='ocrx_word' id='word_1_271' title='bbox 1816 3521 2212 3589; x_wconf 87' lang='lat' dir='ltr'>discernitur</span> <span class='ocrx_word' id='word_1_272' title='bbox 2254 3525 2336 3591; x_wconf 91' lang='lat' dir='ltr'>ab</span> 
     </span>
     <span class='ocr_line' id='line_1_38' title="bbox 374 3606 2332 3691; baseline 0.002 -20"><span class='ocrx_word' id='word_1_273' title='bbox 374 3606 745 3673; x_wconf 90' lang='lat' dir='ltr'>alienorum</span> <span class='ocrx_word' id='word_1_274' title='bbox 801 3628 977 3674; x_wconf 87' lang='lat' dir='ltr'>voce.</span> <span class='ocrx_word' id='word_1_275' title='bbox 1066 3609 1289 3691; x_wconf 87' lang='lat' dir='ltr'>Atque</span> <span class='ocrx_word' id='word_1_276' title='bbox 1340 3606 1412 3672; x_wconf 89' lang='lat' dir='ltr'>id</span> <span class='ocrx_word' id='word_1_277' title='bbox 1455 3628 1710 3690; x_wconf 91' lang='lat' dir='ltr'>quoque</span> <span class='ocrx_word' id='word_1_278' title='bbox 1767 3607 1924 3674; x_wconf 90' lang='lat' dir='ltr'>alibi</span> <span class='ocrx_word' id='word_1_279' title='bbox 1968 3610 2332 3690; x_wconf 88' lang='lat' dir='ltr'>confirmat,</span> 
     </span>
     <span class='ocr_line' id='line_1_39' title="bbox 371 3693 2332 3777; baseline 0.002 -20"><span class='ocrx_word' id='word_1_280' title='bbox 371 3713 577 3775; x_wconf 90' lang='lat' dir='ltr'>quum</span> <span class='ocrx_word' id='word_1_281' title='bbox 620 3715 739 3777; x_wconf 91' lang='lat' dir='ltr'>pro</span> <span class='ocrx_word' id='word_1_282' title='bbox 782 3693 1103 3759; x_wconf 89' lang='lat' dir='ltr'>Romanis</span> <span class='ocrx_word' id='word_1_283' title='bbox 1146 3693 1367 3760; x_wconf 92' lang='lat' dir='ltr'>Deum</span> <span class='ocrx_word' id='word_1_284' title='bbox 1417 3704 1754 3776; x_wconf 85' lang='lat' dir='ltr'>precatur,</span> <span class='ocrx_word' id='word_1_285' title='bbox 1813 3701 1887 3759; x_wconf 90' lang='lat' dir='ltr'>ut</span> <span class='ocrx_word' id='word_1_286' title='bbox 1928 3716 2139 3760; x_wconf 86' lang='lat' dir='ltr'>unum</span> <span class='ocrx_word' id='word_1_287' title='bbox 2182 3718 2332 3762; x_wconf 91' lang='lat' dir='ltr'>sen-</span> 
     </span>
     <span class='ocr_line' id='line_1_40' title="bbox 370 3778 2332 3859; baseline 0.004 -17"><span class='ocrx_word' id='word_1_288' title='bbox 370 3779 549 3843; x_wconf 87' lang='lat' dir='ltr'>tiant</span> <span class='ocrx_word' id='word_1_289' title='bbox 592 3800 836 3859; x_wconf 88' lang='grc'><strong>01111166,</strong></span> <span class='ocrx_word' id='word_1_290' title='bbox 883 3779 998 3845; x_wconf 91' lang='lat' dir='ltr'>sed</span> <span class='ocrx_word' id='word_1_291' title='bbox 1043 3779 1405 3846; x_wconf 91' lang='lat' dir='ltr'>secundum</span> <span class='ocrx_word' id='word_1_292' title='bbox 1451 3778 1826 3846; x_wconf 86' lang='lat' dir='ltr'>Christum:</span> <span class='ocrx_word' id='word_1_293' title='bbox 1873 3788 1950 3844; x_wconf 92' lang='lat' dir='ltr'>ut</span> <span class='ocrx_word' id='word_1_294' title='bbox 1983 3783 2332 3849; x_wconf 89' lang='lat' dir='ltr'>unanimes</span> 
     </span>
     <span class='ocr_line' id='line_1_41' title="bbox 365 3863 1495 3949; baseline 0.002 -21"><span class='ocrx_word' id='word_1_295' title='bbox 365 3863 698 3929; x_wconf 90' lang='lat' dir='ltr'>honorent</span> <span class='ocrx_word' id='word_1_296' title='bbox 736 3866 961 3931; x_wconf 92' lang='lat' dir='ltr'>Deum</span> <span class='ocrx_word' id='word_1_297' title='bbox 1033 3866 1224 3931; x_wconf 87' lang='lat' dir='ltr'>Rom.</span> <span class='ocrx_word' id='word_1_298' title='bbox 1269 3871 1367 3946; x_wconf 84' lang='lat'>15,</span> <span class='ocrx_word' id='word_1_299' title='bbox 1406 3866 1495 3949; x_wconf 86' lang='lat'>5).</span> 
     </span>
    </p>

    <p class='ocr_par' dir='ltr' id='par_1_6' title="bbox 295 3949 2331 5325">
     <span class='ocr_line' id='line_1_42' title="bbox 543 3949 2331 4020; baseline 0.002 -4"><span class='ocrx_word' id='word_1_300' title='bbox 543 3950 834 4018; x_wconf 91' lang='lat' dir='ltr'>Proinde</span> <span class='ocrx_word' id='word_1_301' title='bbox 874 3949 957 4016; x_wconf 89' lang='lat' dir='ltr'>ad</span> <span class='ocrx_word' id='word_1_302' title='bbox 1052 3951 1334 4017; x_wconf 90' lang='lat' dir='ltr'>hristum</span> <span class='ocrx_word' id='word_1_303' title='bbox 1369 3950 1685 4017; x_wconf 86' lang='lat' dir='ltr'>accedant</span> <span class='ocrx_word' id='word_1_304' title='bbox 1716 3951 2080 4018; x_wconf 82' lang='lat' dir='ltr'>adversarii</span> <span class='ocrx_word' id='word_1_305' title='bbox 2118 3957 2331 4020; x_wconf 88' lang='lat' dir='ltr'>nostri</span> 
     </span>
     <span class='ocr_line' id='line_1_43' title="bbox 364 4037 2330 4124; baseline 0.002 -22"><span class='ocrx_word' id='word_1_306' title='bbox 364 4038 686 4120; x_wconf 90' lang='lat' dir='ltr'>primum,</span> <span class='ocrx_word' id='word_1_307' title='bbox 743 4045 810 4102; x_wconf 91' lang='lat' dir='ltr'>et</span> <span class='ocrx_word' id='word_1_308' title='bbox 853 4046 1013 4103; x_wconf 90' lang='lat' dir='ltr'>tunc</span> <span class='ocrx_word' id='word_1_309' title='bbox 1056 4059 1200 4104; x_wconf 91' lang='lat' dir='ltr'>reos</span> <span class='ocrx_word' id='word_1_310' title='bbox 1245 4037 1615 4104; x_wconf 86' lang='lat' dir='ltr'>schismatis</span> <span class='ocrx_word' id='word_1_311' title='bbox 1659 4059 1780 4103; x_wconf 91' lang='lat' dir='ltr'>nos</span> <span class='ocrx_word' id='word_1_312' title='bbox 1821 4039 2096 4118; x_wconf 89' lang='lat' dir='ltr'>faciant,</span> <span class='ocrx_word' id='word_1_313' title='bbox 2156 4039 2330 4124; x_wconf 88' lang='lat' dir='ltr'>quod</span> 
     </span>
     <span class='ocr_line' id='line_1_44' title="bbox 367 4121 2328 4208; baseline 0.002 -19"><span class='ocrx_word' id='word_1_314' title='bbox 367 4125 450 4190; x_wconf 91' lang='lat' dir='ltr'>ab</span> <span class='ocrx_word' id='word_1_315' title='bbox 505 4125 671 4208; x_wconf 88' lang='lat' dir='ltr'>ipsis</span> <span class='ocrx_word' id='word_1_316' title='bbox 724 4123 796 4188; x_wconf 91' lang='lat' dir='ltr'>in</span> <span class='ocrx_word' id='word_1_317' title='bbox 850 4123 1151 4190; x_wconf 90' lang='lat' dir='ltr'>doctrina</span> <span class='ocrx_word' id='word_1_318' title='bbox 1208 4121 1525 4189; x_wconf 88' lang='lat' dir='ltr'>dissidere</span> <span class='ocrx_word' id='word_1_319' title='bbox 1583 4123 1728 4189; x_wconf 89' lang='lat' dir='ltr'>ausi</span> <span class='ocrx_word' id='word_1_320' title='bbox 1783 4124 2006 4190; x_wconf 90' lang='lat' dir='ltr'>simus.</span> <span class='ocrx_word' id='word_1_321' title='bbox 2099 4124 2328 4206; x_wconf 79' lang='lat' dir='ltr'>Quum</span> 
     </span>
     <span class='ocr_line' id='line_1_45' title="bbox 364 4208 2326 4293; baseline 0.001 -17"><span class='ocrx_word' id='word_1_322' title='bbox 364 4230 525 4276; x_wconf 80' lang='lat' dir='ltr'>vero</span> <span class='ocrx_word' id='word_1_323' title='bbox 570 4210 702 4276; x_wconf 88' lang='lat' dir='ltr'>iam</span> <span class='ocrx_word' id='word_1_324' title='bbox 750 4208 1025 4293; x_wconf 89' lang='lat' dir='ltr'>planum</span> <span class='ocrx_word' id='word_1_325' title='bbox 1067 4211 1364 4288; x_wconf 86' lang='lat' dir='ltr'>fecerim,</span> <span class='ocrx_word' id='word_1_326' title='bbox 1421 4208 1849 4293; x_wconf 89' lang='lat' dir='ltr'>profligatum</span> <span class='ocrx_word' id='word_1_327' title='bbox 1904 4231 2047 4277; x_wconf 87' lang='grc'><strong>6666</strong></span> <span class='ocrx_word' id='word_1_328' title='bbox 2091 4211 2326 4278; x_wconf 91' lang='lat' dir='ltr'>Chris-</span> 
     </span>
     <span class='ocr_line' id='line_1_46' title="bbox 364 4295 2323 4373; baseline 0.002 -12"><span class='ocrx_word' id='word_1_329' title='bbox 364 4305 509 4361; x_wconf 89' lang='lat' dir='ltr'>tum</span> <span class='ocrx_word' id='word_1_330' title='bbox 544 4318 629 4361; x_wconf 85' lang='lat' dir='ltr'>ex</span> <span class='ocrx_word' id='word_1_331' title='bbox 663 4317 892 4361; x_wconf 89' lang='lat' dir='ltr'>eorum</span> <span class='ocrx_word' id='word_1_332' title='bbox 921 4295 1364 4373; x_wconf 79' lang='lat' dir='ltr'>contuberniO,</span> <span class='ocrx_word' id='word_1_333' title='bbox 1402 4295 1909 4360; x_wconf 81' lang='lat' dir='ltr'>exterminatam</span> <span class='ocrx_word' id='word_1_334' title='bbox 1943 4317 2085 4363; x_wconf 88' lang='lat' dir='ltr'>csse</span> <span class='ocrx_word' id='word_1_335' title='bbox 2121 4317 2323 4364; x_wconf 83' lang='lat' dir='ltr'>evan-</span> 
     </span>
     <span class='ocr_line' id='line_1_47' title="bbox 363 4380 2321 4465; baseline 0.002 -18"><span class='ocrx_word' id='word_1_336' title='bbox 363 4381 519 4465; x_wconf 89' lang='lat' dir='ltr'>gelii</span> <span class='ocrx_word' id='word_1_337' title='bbox 562 4383 705 4448; x_wconf 90' lang='lat' dir='ltr'>eius</span> <span class='ocrx_word' id='word_1_338' title='bbox 750 4380 1131 4460; x_wconf 88' lang='lat' dir='ltr'>doctrinam,</span> <span class='ocrx_word' id='word_1_339' title='bbox 1175 4380 1301 4445; x_wconf 91' lang='lat' dir='ltr'>hoc</span> <span class='ocrx_word' id='word_1_340' title='bbox 1343 4387 1602 4445; x_wconf 85' lang='lat' dir='ltr'>tantum</span> <span class='ocrx_word' id='word_1_341' title='bbox 1645 4382 1719 4445; x_wconf 89' lang='lat' dir='ltr'>in</span> <span class='ocrx_word' id='word_1_342' title='bbox 1762 4381 1950 4447; x_wconf 89' lang='lat' dir='ltr'>nobis</span> <span class='ocrx_word' id='word_1_343' title='bbox 1994 4391 2321 4464; x_wconf 88' lang='lat' dir='ltr'>accusant,</span> 
     </span>
     <span class='ocr_line' id='line_1_48' title="bbox 361 4466 2322 4551; baseline 0.002 -18"><span class='ocrx_word' id='word_1_344' title='bbox 361 4467 536 4549; x_wconf 91' lang='lat' dir='ltr'>quod</span> <span class='ocrx_word' id='word_1_345' title='bbox 579 4468 847 4535; x_wconf 88' lang='lat' dir='ltr'>Christo</span> <span class='ocrx_word' id='word_1_346' title='bbox 889 4468 1106 4551; x_wconf 88' lang='lat' dir='ltr'>potius</span> <span class='ocrx_word' id='word_1_347' title='bbox 1164 4466 1667 4544; x_wconf 87' lang='lat' dir='ltr'>adhaereamus,</span> <span class='ocrx_word' id='word_1_348' title='bbox 1720 4489 1920 4550; x_wconf 89' lang='lat' dir='ltr'>quam</span> <span class='ocrx_word' id='word_1_349' title='bbox 1960 4467 2101 4534; x_wconf 90' lang='lat' dir='ltr'>sibi.</span> <span class='ocrx_word' id='word_1_350' title='bbox 2193 4469 2322 4536; x_wconf 91' lang='lat' dir='ltr'>Cui</span> 
     </span>
     <span class='ocr_line' id='line_1_49' title="bbox 361 4551 2321 4636; baseline 0.003 -19"><span class='ocrx_word' id='word_1_351' title='bbox 361 4554 571 4634; x_wconf 88' lang='lat' dir='ltr'>enim,</span> <span class='ocrx_word' id='word_1_352' title='bbox 641 4554 941 4634; x_wconf 88' lang='lat' dir='ltr'>obsecre,</span> <span class='ocrx_word' id='word_1_353' title='bbox 1006 4551 1476 4636; x_wconf 84' lang='lat' dir='ltr'>persuadeant,</span> <span class='ocrx_word' id='word_1_354' title='bbox 1544 4552 1919 4636; x_wconf 90' lang='lat' dir='ltr'>quicunque</span> <span class='ocrx_word' id='word_1_355' title='bbox 1978 4552 2213 4622; x_wconf 87' lang='lat' dir='ltr'>abduci</span> <span class='ocrx_word' id='word_1_356' title='bbox 2281 4580 2321 4623; x_wconf 89' lang='lat' dir='ltr'>a</span> 
     </span>
     <span class='ocr_line' id='line_1_50' title="bbox 359 4636 2318 4724; baseline 0.002 -20"><span class='ocrx_word' id='word_1_357' title='bbox 359 4636 627 4706; x_wconf 88' lang='lat' dir='ltr'>Christo</span> <span class='ocrx_word' id='word_1_358' title='bbox 671 4640 944 4724; x_wconf 89' lang='lat' dir='ltr'>eiusque</span> <span class='ocrx_word' id='word_1_359' title='bbox 981 4640 1261 4705; x_wconf 78' lang='lat' dir='ltr'>veritate</span> <span class='ocrx_word' id='word_1_360' title='bbox 1294 4645 1618 4717; x_wconf 89' lang='lat' dir='ltr'>recusent,</span> <span class='ocrx_word' id='word_1_361' title='bbox 1664 4647 1741 4702; x_wconf 89' lang='lat' dir='ltr'>ut</span> <span class='ocrx_word' id='word_1_362' title='bbox 1763 4659 1836 4703; x_wconf 93' lang='grc'>66</span> <span class='ocrx_word' id='word_1_363' title='bbox 1868 4639 1941 4703; x_wconf 91' lang='grc'>111</span> <span class='ocrx_word' id='word_1_364' title='bbox 1972 4640 2318 4708; x_wconf 90' lang='lat' dir='ltr'>hominum</span> 
     </span>
     <span class='ocr_line' id='line_1_51' title="bbox 357 4723 2317 4809; baseline 0.004 -21"><span class='ocrx_word' id='word_1_365' title='bbox 357 4725 626 4791; x_wconf 86' lang='lat' dir='ltr'>tradant</span> <span class='ocrx_word' id='word_1_366' title='bbox 667 4733 1086 4809; x_wconf 88' lang='lat' dir='ltr'>potestatem,</span> <span class='ocrx_word' id='word_1_367' title='bbox 1133 4745 1245 4789; x_wconf 88' lang='grc'>606</span> <span class='ocrx_word' id='word_1_368' title='bbox 1289 4723 1723 4801; x_wconf 85' lang='grc'><strong>60111111611006,</strong></span> <span class='ocrx_word' id='word_1_369' title='bbox 1771 4732 1838 4788; x_wconf 85' lang='grc'>61</span> <span class='ocrx_word' id='word_1_370' title='bbox 1881 4723 1963 4790; x_wconf 89' lang='lat' dir='ltr'>ab</span> <span class='ocrx_word' id='word_1_371' title='bbox 2007 4726 2317 4794; x_wconf 88' lang='lat' dir='ltr'>ecelesiae</span> 
     </span>
     <span class='ocr_line' id='line_1_52' title="bbox 356 4809 2317 4896; baseline 0.001 -19"><span class='ocrx_word' id='word_1_372' title='bbox 356 4812 686 4877; x_wconf 76' lang='lat' dir='ltr'>consortio</span> <span class='ocrx_word' id='word_1_373' title='bbox 743 4812 1089 4896; x_wconf 82' lang='lat' dir='ltr'>tranfugas</span> <span class='ocrx_word' id='word_1_374' title='bbox 1155 4809 1339 4876; x_wconf 85' lang='lat' dir='ltr'>esse?</span> <span class='ocrx_word' id='word_1_375' title='bbox 1427 4809 1674 4874; x_wconf 83' lang='lat' dir='ltr'>Fateor</span> <span class='ocrx_word' id='word_1_376' title='bbox 1729 4817 1933 4888; x_wconf 85' lang='lat' dir='ltr'>certe,</span> <span class='ocrx_word' id='word_1_377' title='bbox 2000 4809 2317 4878; x_wconf 91' lang='lat' dir='ltr'>honorem</span> 
     </span>
     <span class='ocr_line' id='line_1_53' title="bbox 357 4894 2314 4982; baseline 0.002 -21"><span class='ocrx_word' id='word_1_378' title='bbox 357 4896 736 4964; x_wconf 89' lang='lat' dir='ltr'>habendum</span> <span class='ocrx_word' id='word_1_379' title='bbox 781 4917 924 4962; x_wconf 90' lang='grc'><strong>6666</strong></span> <span class='ocrx_word' id='word_1_380' title='bbox 969 4894 1441 4974; x_wconf 82' lang='lat' dir='ltr'>sacerdotibus,</span> <span class='ocrx_word' id='word_1_381' title='bbox 1486 4903 1553 4960; x_wconf 90' lang='lat' dir='ltr'>et</span> <span class='ocrx_word' id='word_1_382' title='bbox 1593 4915 1910 4978; x_wconf 85' lang='lat' dir='ltr'>magnum</span> <span class='ocrx_word' id='word_1_383' title='bbox 1954 4917 2097 4961; x_wconf 88' lang='lat' dir='ltr'>esse</span> <span class='ocrx_word' id='word_1_384' title='bbox 2139 4901 2314 4982; x_wconf 89' lang='lat' dir='ltr'>peri-</span> 
     </span>
     <span class='ocr_line' id='line_1_54' title="bbox 295 4979 2311 5070; baseline 0 -23"><span class='ocrx_word' id='word_1_385' title='bbox 295 5021 304 5028; x_wconf 92' lang='lat'><strong>·</strong></span> <span class='ocrx_word' id='word_1_386' title='bbox 351 4983 580 5049; x_wconf 92' lang='lat' dir='ltr'>culum</span> <span class='ocrx_word' id='word_1_387' title='bbox 624 4983 699 5047; x_wconf 93' lang='lat' dir='ltr'>in</span> <span class='ocrx_word' id='word_1_388' title='bbox 742 4981 1055 5067; x_wconf 85' lang='lat' dir='ltr'>despectu</span> <span class='ocrx_word' id='word_1_389' title='bbox 1097 4981 1465 5049; x_wconf 88' lang='lat' dir='ltr'>ordinariae</span> <span class='ocrx_word' id='word_1_390' title='bbox 1507 4981 1865 5066; x_wconf 86' lang='lat' dir='ltr'>potestatis.</span> <span class='ocrx_word' id='word_1_391' title='bbox 1955 4979 2208 5064; x_wconf 77' lang='lat' dir='ltr'>Quare,</span> <span class='ocrx_word' id='word_1_392' title='bbox 2253 4988 2311 5070; x_wconf 72' lang='lat' dir='ltr'>si</span> 
     </span>
     <span class='ocr_line' id='line_1_55' title="bbox 351 5067 2308 5152; baseline 0.004 -21"><span class='ocrx_word' id='word_1_393' title='bbox 351 5088 492 5133; x_wconf 87' lang='lat' dir='ltr'>non</span> <span class='ocrx_word' id='word_1_394' title='bbox 544 5076 793 5135; x_wconf 88' lang='lat' dir='ltr'>temere</span> <span class='ocrx_word' id='word_1_395' title='bbox 845 5068 1215 5135; x_wconf 85' lang='lat' dir='ltr'>ordinariae</span> <span class='ocrx_word' id='word_1_396' title='bbox 1279 5067 1591 5152; x_wconf 87' lang='lat' dir='ltr'>potestati</span> <span class='ocrx_word' id='word_1_397' title='bbox 1655 5067 2100 5132; x_wconf 89' lang='lat' dir='ltr'>resistendum</span> <span class='ocrx_word' id='word_1_398' title='bbox 2164 5091 2308 5140; x_wconf 89' lang='lat' dir='ltr'>esse</span> 
     </span>
     <span class='ocr_line' id='line_1_56' title="bbox 348 5151 2303 5238; baseline 0.002 -18"><span class='ocrx_word' id='word_1_399' title='bbox 348 5151 661 5235; x_wconf 82' lang='lat' dir='ltr'>dixerint,</span> <span class='ocrx_word' id='word_1_400' title='bbox 704 5176 842 5221; x_wconf 91' lang='lat' dir='ltr'>non</span> <span class='ocrx_word' id='word_1_401' title='bbox 883 5153 1234 5223; x_wconf 87' lang='lat' dir='ltr'>difficulter</span> <span class='ocrx_word' id='word_1_402' title='bbox 1274 5152 1763 5221; x_wconf 89' lang='lat' dir='ltr'>subscribimus.</span> <span class='ocrx_word' id='word_1_403' title='bbox 1849 5151 2082 5238; x_wconf 85' lang='lat' dir='ltr'>Neque</span> <span class='ocrx_word' id='word_1_404' title='bbox 2123 5157 2303 5225; x_wconf 91' lang='lat' dir='ltr'>enim</span> 
     </span>
     <span class='ocr_line' id='line_1_57' title="bbox 347 5240 2296 5325; baseline 0.001 -18"><span class='ocrx_word' id='word_1_405' title='bbox 347 5240 553 5308; x_wconf 86' lang='lat' dir='ltr'>rudes</span> <span class='ocrx_word' id='word_1_406' title='bbox 595 5241 757 5309; x_wconf 86' lang='lat' dir='ltr'>adeo</span> <span class='ocrx_word' id='word_1_407' title='bbox 798 5264 1047 5324; x_wconf 89' lang='lat' dir='ltr'>sumus,</span> <span class='ocrx_word' id='word_1_408' title='bbox 1089 5242 1248 5325; x_wconf 91' lang='lat' dir='ltr'>quin</span> <span class='ocrx_word' id='word_1_409' title='bbox 1281 5240 1621 5307; x_wconf 83' lang='lat' dir='ltr'>videamus</span> <span class='ocrx_word' id='word_1_410' title='bbox 1661 5247 1911 5325; x_wconf 87' lang='lat' dir='ltr'>quanta</span> <span class='ocrx_word' id='word_1_411' title='bbox 1940 5241 2032 5308; x_wconf 86' lang='lat' dir='ltr'>sit</span> <span class='ocrx_word' id='word_1_412' title='bbox 2070 5244 2296 5314; x_wconf 82' lang='lat' dir='ltr'>futura</span> 
     </span>
    </p>
   </div>
   <div class='ocr_carea' id='block_1_5' title="bbox 1749 326 3069 397">
    <p class='ocr_par' dir='ltr' id='par_1_7' title="bbox 1749 326 3069 397">
     <span class='ocr_line' id='line_1_58' title="bbox 1749 326 3069 397; baseline 0.002 -2"><span class='ocrx_word' id='word_1_413' title='bbox 1749 326 2476 395; x_wconf 80' lang='lat' dir='ltr'>REFORMANDAE</span> <span class='ocrx_word' id='word_1_414' title='bbox 2521 327 3069 397; x_wconf 82' lang='lat' dir='ltr'>ECCLESIAE.</span> 
     </span>
    </p>
   </div>
   <div class='ocr_carea' id='block_1_6' title="bbox 2368 506 2427 5270">
    <p class='ocr_par' dir='ltr' id='par_1_8' title="bbox 2368 506 2427 5270">
     <span class='ocr_line' id='line_1_59' title="bbox 2368 506 2427 5270; baseline 0 0"><span class='ocrx_word' id='word_1_415' title='bbox 2368 506 2427 5270; x_wconf 95' lang='lat' dir='ltr'> </span> 
     </span>
    </p>
   </div>
   <div class='ocr_carea' id='block_1_7' title="bbox 4301 346 4426 408">
    <p class='ocr_par' dir='ltr' id='par_1_9' title="bbox 4301 346 4426 408">
     <span class='ocr_line' id='line_1_60' title="bbox 4301 346 4426 408; baseline 0.008 -1"><span class='ocrx_word' id='word_1_416' title='bbox 4301 346 4426 408; x_wconf 85' lang='lat'>522</span> 
     </span>
    </p>
   </div>
   <div class='ocr_carea' id='block_1_8' title="bbox 2447 517 4427 3101">
    <p class='ocr_par' dir='ltr' id='par_1_10' title="bbox 2452 517 4427 2145">
     <span class='ocr_line' id='line_1_61' title="bbox 2464 517 4426 613; baseline 0.009 -32"><span class='ocrx_word' id='word_1_417' title='bbox 2464 517 2892 601; x_wconf 81' lang='lat' dir='ltr'>perturbatiO,</span> <span class='ocrx_word' id='word_1_418' title='bbox 2935 520 3062 586; x_wconf 93' lang='lat' dir='ltr'>nisi</span> <span class='ocrx_word' id='word_1_419' title='bbox 3102 523 3422 587; x_wconf 89' lang='lat' dir='ltr'>autoritas</span> <span class='ocrx_word' id='word_1_420' title='bbox 3466 522 3798 590; x_wconf 86' lang='lat' dir='ltr'>deferatur</span> <span class='ocrx_word' id='word_1_421' title='bbox 3828 525 3911 592; x_wconf 90' lang='lat' dir='ltr'>iis</span> <span class='ocrx_word' id='word_1_422' title='bbox 3943 529 4055 611; x_wconf 89' lang='lat' dir='ltr'>qui</span> <span class='ocrx_word' id='word_1_423' title='bbox 4087 541 4426 613; x_wconf 88' lang='lat' dir='ltr'>praesunt.</span> 
     </span>
     <span class='ocr_line' id='line_1_62' title="bbox 2467 602 4426 697; baseline 0.008 -28"><span class='ocrx_word' id='word_1_424' title='bbox 2467 602 2747 670; x_wconf 86' lang='lat' dir='ltr'>Constet</span> <span class='ocrx_word' id='word_1_425' title='bbox 2803 625 2959 690; x_wconf 86' lang='lat' dir='ltr'>ergo</span> <span class='ocrx_word' id='word_1_426' title='bbox 3017 627 3174 672; x_wconf 91' lang='lat' dir='ltr'>suus</span> <span class='ocrx_word' id='word_1_427' title='bbox 3238 609 3610 690; x_wconf 88' lang='lat' dir='ltr'>pastoribus</span> <span class='ocrx_word' id='word_1_428' title='bbox 3666 608 3905 677; x_wconf 82' lang='lat' dir='ltr'>honor:</span> <span class='ocrx_word' id='word_1_429' title='bbox 3974 614 4089 679; x_wconf 90' lang='lat' dir='ltr'>sed</span> <span class='ocrx_word' id='word_1_430' title='bbox 4154 617 4274 697; x_wconf 91' lang='lat' dir='ltr'>ita,</span> <span class='ocrx_word' id='word_1_431' title='bbox 4341 640 4426 685; x_wconf 91' lang='grc'>116</span> 
     </span>
     <span class='ocr_line' id='line_1_63' title="bbox 2466 688 4427 783; baseline 0.009 -31"><span class='ocrx_word' id='word_1_432' title='bbox 2466 688 2621 771; x_wconf 92' lang='lat' dir='ltr'>quid</span> <span class='ocrx_word' id='word_1_433' title='bbox 2676 691 3030 755; x_wconf 90' lang='lat' dir='ltr'>imminuat</span> <span class='ocrx_word' id='word_1_434' title='bbox 3073 713 3155 757; x_wconf 82' lang='lat' dir='ltr'>ex</span> <span class='ocrx_word' id='word_1_435' title='bbox 3212 715 3469 759; x_wconf 88' lang='lat' dir='ltr'>summo</span> <span class='ocrx_word' id='word_1_436' title='bbox 3523 694 3774 762; x_wconf 82' lang='lat' dir='ltr'>Christi</span> <span class='ocrx_word' id='word_1_437' title='bbox 3820 698 4121 783; x_wconf 89' lang='lat' dir='ltr'>imperio:</span> <span class='ocrx_word' id='word_1_438' title='bbox 4189 703 4294 768; x_wconf 93' lang='grc'><strong>0111</strong></span> <span class='ocrx_word' id='word_1_439' title='bbox 4361 711 4427 770; x_wconf 82' lang='grc'>61</span> 
     </span>
     <span class='ocr_line' id='line_1_64' title="bbox 2467 774 4427 866; baseline 0.009 -28"><span class='ocrx_word' id='word_1_440' title='bbox 2467 774 2637 854; x_wconf 86' lang='grc'><strong>11106,</strong></span> <span class='ocrx_word' id='word_1_441' title='bbox 2676 783 2746 841; x_wconf 87' lang='grc'>61</span> <span class='ocrx_word' id='word_1_442' title='bbox 2784 795 3013 842; x_wconf 88' lang='grc'><strong>01111166</strong></span> <span class='ocrx_word' id='word_1_443' title='bbox 3036 777 3119 842; x_wconf 92' lang='lat' dir='ltr'>ad</span> <span class='ocrx_word' id='word_1_444' title='bbox 3146 800 3373 858; x_wconf 89' lang='lat' dir='ltr'>unum,</span> <span class='ocrx_word' id='word_1_445' title='bbox 3422 781 3691 847; x_wconf 88' lang='lat' dir='ltr'>subesse</span> <span class='ocrx_word' id='word_1_446' title='bbox 3726 791 3998 866; x_wconf 91' lang='lat' dir='ltr'>oportet.</span> <span class='ocrx_word' id='word_1_447' title='bbox 4071 787 4221 855; x_wconf 89' lang='lat' dir='ltr'>Hae</span> <span class='ocrx_word' id='word_1_448' title='bbox 4249 791 4427 856; x_wconf 90' lang='lat' dir='ltr'>enim</span> 
     </span>
     <span class='ocr_line' id='line_1_65' title="bbox 2468 858 4425 958; baseline 0.008 -32"><span class='ocrx_word' id='word_1_449' title='bbox 2468 858 2847 927; x_wconf 83' lang='lat' dir='ltr'>conditione</span> <span class='ocrx_word' id='word_1_450' title='bbox 2913 885 2982 929; x_wconf 94' lang='lat' dir='ltr'>se</span> <span class='ocrx_word' id='word_1_451' title='bbox 3046 863 3203 929; x_wconf 92' lang='lat' dir='ltr'>olim</span> <span class='ocrx_word' id='word_1_452' title='bbox 3281 866 3670 932; x_wconf 87' lang='lat' dir='ltr'>israeliticae</span> <span class='ocrx_word' id='word_1_453' title='bbox 3735 869 4048 937; x_wconf 88' lang='lat' dir='ltr'>ecclesiae</span> <span class='ocrx_word' id='word_1_454' title='bbox 4124 875 4425 958; x_wconf 86' lang='lat' dir='ltr'>regimen</span> 
     </span>
     <span class='ocr_line' id='line_1_66' title="bbox 2467 944 4426 1045; baseline 0.008 -35"><span class='ocrx_word' id='word_1_455' title='bbox 2467 944 2726 1012; x_wconf 91' lang='lat' dir='ltr'>dedisse</span> <span class='ocrx_word' id='word_1_456' title='bbox 2781 952 2931 1027; x_wconf 79' lang='lat' dir='ltr'>[pag.</span> <span class='ocrx_word' id='word_1_457' title='bbox 2987 955 3136 1030; x_wconf 89' lang='lat'>120]</span> <span class='ocrx_word' id='word_1_458' title='bbox 3189 951 3662 1032; x_wconf 87' lang='lat' dir='ltr'>sacerdotibus,</span> <span class='ocrx_word' id='word_1_459' title='bbox 3719 961 4004 1021; x_wconf 88' lang='lat' dir='ltr'>testatur</span> <span class='ocrx_word' id='word_1_460' title='bbox 4060 956 4249 1026; x_wconf 90' lang='lat' dir='ltr'>Deus</span> <span class='ocrx_word' id='word_1_461' title='bbox 4305 983 4426 1045; x_wconf 91' lang='lat' dir='ltr'>per</span> 
     </span>
     <span class='ocr_line' id='line_1_67' title="bbox 2466 1031 4423 1128; baseline 0.009 -32"><span class='ocrx_word' id='word_1_462' title='bbox 2466 1031 2865 1099; x_wconf 85' lang='lat' dir='ltr'>Malachiam</span> <span class='ocrx_word' id='word_1_463' title='bbox 2941 1035 3031 1118; x_wconf 87' lang='lat'>(2,</span> <span class='ocrx_word' id='word_1_464' title='bbox 3084 1039 3182 1120; x_wconf 89' lang='lat'>7),</span> <span class='ocrx_word' id='word_1_465' title='bbox 3249 1045 3326 1101; x_wconf 89' lang='lat' dir='ltr'>ut</span> <span class='ocrx_word' id='word_1_466' title='bbox 3391 1038 3604 1105; x_wconf 87' lang='lat' dir='ltr'>factae</span> <span class='ocrx_word' id='word_1_467' title='bbox 3673 1062 3822 1106; x_wconf 93' lang='lat' dir='ltr'>cum</span> <span class='ocrx_word' id='word_1_468' title='bbox 3889 1041 4021 1110; x_wconf 91' lang='lat' dir='ltr'>illis</span> <span class='ocrx_word' id='word_1_469' title='bbox 4104 1046 4423 1128; x_wconf 85' lang='lat' dir='ltr'>pactionis</span> 
     </span>
     <span class='ocr_line' id='line_1_68' title="bbox 2461 1115 4422 1207; baseline 0.009 -25"><span class='ocrx_word' id='word_1_470' title='bbox 2461 1115 2664 1182; x_wconf 88' lang='lat' dir='ltr'>fidem</span> <span class='ocrx_word' id='word_1_471' title='bbox 2714 1126 3145 1202; x_wconf 82' lang='lat' dir='ltr'>praestarent.</span> <span class='ocrx_word' id='word_1_472' title='bbox 3231 1122 3519 1207; x_wconf 91' lang='lat' dir='ltr'>Nempe,</span> <span class='ocrx_word' id='word_1_473' title='bbox 3574 1132 3653 1190; x_wconf 92' lang='lat' dir='ltr'>ut</span> <span class='ocrx_word' id='word_1_474' title='bbox 3707 1127 3880 1192; x_wconf 88' lang='lat' dir='ltr'>labia</span> <span class='ocrx_word' id='word_1_475' title='bbox 3935 1150 4165 1194; x_wconf 90' lang='lat' dir='ltr'>eorum</span> <span class='ocrx_word' id='word_1_476' title='bbox 4208 1142 4422 1200; x_wconf 90' lang='lat' dir='ltr'>custo-</span> 
     </span>
     <span class='ocr_line' id='line_1_69' title="bbox 2462 1202 4421 1298; baseline 0.009 -31"><span class='ocrx_word' id='word_1_477' title='bbox 2462 1202 2683 1268; x_wconf 90' lang='lat' dir='ltr'>dirent</span> <span class='ocrx_word' id='word_1_478' title='bbox 2711 1205 3074 1284; x_wconf 85' lang='lat' dir='ltr'>scientiam,</span> <span class='ocrx_word' id='word_1_479' title='bbox 3122 1215 3197 1271; x_wconf 92' lang='lat' dir='ltr'>ut</span> <span class='ocrx_word' id='word_1_480' title='bbox 3226 1207 3445 1292; x_wconf 86' lang='lat' dir='ltr'>legem</span> <span class='ocrx_word' id='word_1_481' title='bbox 3477 1212 3714 1294; x_wconf 92' lang='lat' dir='ltr'>populo</span> <span class='ocrx_word' id='word_1_482' title='bbox 3749 1224 4170 1298; x_wconf 79' lang='lat' dir='ltr'>exponerent.</span> <span class='ocrx_word' id='word_1_483' title='bbox 4242 1218 4421 1286; x_wconf 90' lang='lat' dir='ltr'>Huic</span> 
     </span>
     <span class='ocr_line' id='line_1_70' title="bbox 2459 1291 4419 1384; baseline 0.01 -32"><span class='ocrx_word' id='word_1_484' title='bbox 2459 1291 2744 1371; x_wconf 87' lang='lat' dir='ltr'>pactioni</span> <span class='ocrx_word' id='word_1_485' title='bbox 2788 1312 2993 1374; x_wconf 89' lang='lat' dir='ltr'>quum</span> <span class='ocrx_word' id='word_1_486' title='bbox 3034 1293 3308 1358; x_wconf 92' lang='lat' dir='ltr'>minime</span> <span class='ocrx_word' id='word_1_487' title='bbox 3352 1301 3510 1361; x_wconf 90' lang='grc'><strong>111110</strong></span> <span class='ocrx_word' id='word_1_488' title='bbox 3553 1304 3810 1364; x_wconf 86' lang='lat' dir='ltr'>starent</span> <span class='ocrx_word' id='word_1_489' title='bbox 3852 1301 4240 1384; x_wconf 88' lang='lat' dir='ltr'>sacerdotes,</span> <span class='ocrx_word' id='word_1_490' title='bbox 4281 1305 4419 1371; x_wconf 87' lang='lat' dir='ltr'>foe-</span> 
     </span>
     <span class='ocr_line' id='line_1_71' title="bbox 2461 1374 4419 1471; baseline 0.009 -32"><span class='ocrx_word' id='word_1_491' title='bbox 2461 1374 2584 1441; x_wconf 91' lang='lat' dir='ltr'>dus</span> <span class='ocrx_word' id='word_1_492' title='bbox 2628 1397 2842 1457; x_wconf 92' lang='lat' dir='ltr'>suum,</span> <span class='ocrx_word' id='word_1_493' title='bbox 2888 1375 3152 1442; x_wconf 88' lang='lat' dir='ltr'>illorum</span> <span class='ocrx_word' id='word_1_494' title='bbox 3194 1380 3470 1462; x_wconf 88' lang='lat' dir='ltr'>perfidia</span> <span class='ocrx_word' id='word_1_495' title='bbox 3513 1382 3919 1469; x_wconf 88' lang='lat' dir='ltr'>abrogatum,</span> <span class='ocrx_word' id='word_1_496' title='bbox 3965 1388 4223 1471; x_wconf 88' lang='lat' dir='ltr'>iamque</span> <span class='ocrx_word' id='word_1_497' title='bbox 4265 1391 4419 1456; x_wconf 90' lang='lat' dir='ltr'>irri-</span> 
     </span>
     <span class='ocr_line' id='line_1_72' title="bbox 2462 1465 4418 1561; baseline 0.01 -37"><span class='ocrx_word' id='word_1_498' title='bbox 2462 1468 2604 1525; x_wconf 89' lang='lat' dir='ltr'>tum</span> <span class='ocrx_word' id='word_1_499' title='bbox 2661 1483 2838 1542; x_wconf 86' lang='lat' dir='ltr'>esse,</span> <span class='ocrx_word' id='word_1_500' title='bbox 2897 1465 3307 1547; x_wconf 89' lang='lat' dir='ltr'>pronunciat.</span> <span class='ocrx_word' id='word_1_501' title='bbox 3397 1467 3786 1550; x_wconf 84' lang='lat' dir='ltr'>Falluntur,</span> <span class='ocrx_word' id='word_1_502' title='bbox 3852 1473 3909 1538; x_wconf 92' lang='grc'>61</span> <span class='ocrx_word' id='word_1_503' title='bbox 3960 1474 4088 1539; x_wconf 88' lang='grc'><strong>6116</strong></span> <span class='ocrx_word' id='word_1_504' title='bbox 4145 1497 4217 1541; x_wconf 92' lang='grc'>66</span> <span class='ocrx_word' id='word_1_505' title='bbox 4269 1476 4418 1561; x_wconf 88' lang='lat' dir='ltr'>lege</span> 
     </span>
     <span class='ocr_line' id='line_1_73' title="bbox 2458 1546 4419 1644; baseline 0.008 -32"><span class='ocrx_word' id='word_1_506' title='bbox 2458 1546 2802 1613; x_wconf 88' lang='lat' dir='ltr'>collocatos</span> <span class='ocrx_word' id='word_1_507' title='bbox 2856 1548 2929 1613; x_wconf 91' lang='lat' dir='ltr'>in</span> <span class='ocrx_word' id='word_1_508' title='bbox 2985 1549 3294 1617; x_wconf 89' lang='lat' dir='ltr'>ecclesiae</span> <span class='ocrx_word' id='word_1_509' title='bbox 3349 1554 3669 1637; x_wconf 85' lang='lat' dir='ltr'>regimine</span> <span class='ocrx_word' id='word_1_510' title='bbox 3720 1556 4162 1640; x_wconf 87' lang='lat' dir='ltr'>arbitrantur,</span> <span class='ocrx_word' id='word_1_511' title='bbox 4219 1583 4419 1644; x_wconf 88' lang='lat' dir='ltr'>quam</span> 
     </span>
     <span class='ocr_line' id='line_1_74' title="bbox 2459 1634 4419 1726; baseline 0.009 -30"><span class='ocrx_word' id='word_1_512' title='bbox 2459 1639 2538 1696; x_wconf 91' lang='lat' dir='ltr'>ut</span> <span class='ocrx_word' id='word_1_513' title='bbox 2579 1634 2881 1700; x_wconf 83' lang='lat' dir='ltr'>veritatis</span> <span class='ocrx_word' id='word_1_514' title='bbox 2925 1636 3053 1700; x_wconf 91' lang='lat' dir='ltr'>Dei</span> <span class='ocrx_word' id='word_1_515' title='bbox 3108 1637 3399 1704; x_wconf 88' lang='lat' dir='ltr'>ministri</span> <span class='ocrx_word' id='word_1_516' title='bbox 3454 1641 3589 1704; x_wconf 90' lang='lat' dir='ltr'>sint</span> <span class='ocrx_word' id='word_1_517' title='bbox 3643 1661 3718 1707; x_wconf 92' lang='grc'>60</span> <span class='ocrx_word' id='word_1_518' title='bbox 3772 1651 3992 1709; x_wconf 88' lang='lat' dir='ltr'>testes.</span> <span class='ocrx_word' id='word_1_519' title='bbox 4082 1644 4419 1726; x_wconf 80' lang='lat' dir='ltr'>Quamdiu</span> 
     </span>
     <span class='ocr_line' id='line_1_75' title="bbox 2460 1721 4419 1810; baseline 0.009 -27"><span class='ocrx_word' id='word_1_520' title='bbox 2460 1739 2648 1802; x_wconf 85' lang='lat' dir='ltr'>erge,</span> <span class='ocrx_word' id='word_1_521' title='bbox 2708 1728 2939 1785; x_wconf 88' lang='lat' dir='ltr'>contra</span> <span class='ocrx_word' id='word_1_522' title='bbox 2982 1721 3179 1788; x_wconf 88' lang='lat' dir='ltr'>officii</span> <span class='ocrx_word' id='word_1_523' title='bbox 3221 1725 3325 1789; x_wconf 91' lang='grc'><strong>6111</strong></span> <span class='ocrx_word' id='word_1_524' title='bbox 3369 1726 3589 1809; x_wconf 90' lang='lat' dir='ltr'>legem</span> <span class='ocrx_word' id='word_1_525' title='bbox 3632 1748 3706 1793; x_wconf 93' lang='grc'>60</span> <span class='ocrx_word' id='word_1_526' title='bbox 3751 1729 4124 1810; x_wconf 79' lang='lat' dir='ltr'>formulam,</span> <span class='ocrx_word' id='word_1_527' title='bbox 4166 1733 4419 1800; x_wconf 92' lang='lat' dir='ltr'>bellum</span> 
     </span>
     <span class='ocr_line' id='line_1_76' title="bbox 2460 1805 4417 1899; baseline 0.01 -32"><span class='ocrx_word' id='word_1_528' title='bbox 2460 1823 2611 1868; x_wconf 91' lang='lat' dir='ltr'>cum</span> <span class='ocrx_word' id='word_1_529' title='bbox 2646 1805 2774 1870; x_wconf 93' lang='lat' dir='ltr'>Dei</span> <span class='ocrx_word' id='word_1_530' title='bbox 2810 1805 3086 1872; x_wconf 86' lang='lat' dir='ltr'>veritate</span> <span class='ocrx_word' id='word_1_531' title='bbox 3168 1829 3351 1876; x_wconf 90' lang='lat' dir='ltr'>erere</span> <span class='ocrx_word' id='word_1_532' title='bbox 3393 1819 3687 1896; x_wconf 88' lang='lat' dir='ltr'>pergent,</span> <span class='ocrx_word' id='word_1_533' title='bbox 3733 1835 3820 1879; x_wconf 91' lang='lat' dir='ltr'>ne</span> <span class='ocrx_word' id='word_1_534' title='bbox 3856 1814 3982 1880; x_wconf 91' lang='lat' dir='ltr'>sibi</span> <span class='ocrx_word' id='word_1_535' title='bbox 4023 1826 4417 1899; x_wconf 86' lang='lat' dir='ltr'>potestatem</span> 
     </span>
     <span class='ocr_line' id='line_1_77' title="bbox 2459 1897 4417 1986; baseline 0.009 -33"><span class='ocrx_word' id='word_1_536' title='bbox 2459 1897 2813 1974; x_wconf 85' lang='lat' dir='ltr'>usurpent,</span> <span class='ocrx_word' id='word_1_537' title='bbox 2874 1912 3068 1974; x_wconf 89' lang='lat' dir='ltr'>quam</span> <span class='ocrx_word' id='word_1_538' title='bbox 3184 1915 3300 1961; x_wconf 92' lang='lat' dir='ltr'>eus</span> <span class='ocrx_word' id='word_1_539' title='bbox 3344 1917 3479 1962; x_wconf 92' lang='lat' dir='ltr'>non</span> <span class='ocrx_word' id='word_1_540' title='bbox 3523 1898 3654 1962; x_wconf 90' lang='lat' dir='ltr'>nisi</span> <span class='ocrx_word' id='word_1_541' title='bbox 3709 1900 3829 1965; x_wconf 89' lang='lat' dir='ltr'>sub</span> <span class='ocrx_word' id='word_1_542' title='bbox 3885 1921 3964 1965; x_wconf 92' lang='grc'>66</span> <span class='ocrx_word' id='word_1_543' title='bbox 4006 1924 4202 1986; x_wconf 87' lang='grc'><strong>0116111</strong></span> <span class='ocrx_word' id='word_1_544' title='bbox 4246 1905 4417 1971; x_wconf 83' lang='lat' dir='ltr'>dixi-</span> 
     </span>
     <span class='ocr_line' id='line_1_78' title="bbox 2457 1977 4418 2066; baseline 0.01 -27"><span class='ocrx_word' id='word_1_545' title='bbox 2457 1997 2607 2041; x_wconf 88' lang='lat' dir='ltr'>mus</span> <span class='ocrx_word' id='word_1_546' title='bbox 2660 1977 3059 2056; x_wconf 90' lang='lat' dir='ltr'>conditione,</span> <span class='ocrx_word' id='word_1_547' title='bbox 3127 1980 3237 2045; x_wconf 84' lang='lat' dir='ltr'>vel</span> <span class='ocrx_word' id='word_1_548' title='bbox 3303 1981 3462 2046; x_wconf 93' lang='lat' dir='ltr'>olim</span> <span class='ocrx_word' id='word_1_549' title='bbox 3528 1984 4002 2066; x_wconf 90' lang='lat' dir='ltr'>sacerdotibus,</span> <span class='ocrx_word' id='word_1_550' title='bbox 4067 1989 4175 2055; x_wconf 82' lang='lat' dir='ltr'>vel</span> <span class='ocrx_word' id='word_1_551' title='bbox 4238 2012 4418 2058; x_wconf 90' lang='lat' dir='ltr'>nunc</span> 
     </span>
     <span class='ocr_line' id='line_1_79' title="bbox 2452 2062 3108 2145; baseline 0.005 -20"><span class='ocrx_word' id='word_1_552' title='bbox 2452 2062 2771 2145; x_wconf 90' lang='lat' dir='ltr'>episcopis</span> <span class='ocrx_word' id='word_1_553' title='bbox 2815 2063 3108 2129; x_wconf 89' lang='lat' dir='ltr'>contulit.</span> 
     </span>
    </p>

    <p class='ocr_par' dir='ltr' id='par_1_11' title="bbox 2447 2147 4414 3101">
     <span class='ocr_line' id='line_1_80' title="bbox 2626 2147 4414 2233; baseline 0.009 -21"><span class='ocrx_word' id='word_1_554' title='bbox 2626 2147 2913 2230; x_wconf 86' lang='lat' dir='ltr'>Verum,</span> <span class='ocrx_word' id='word_1_555' title='bbox 2979 2149 3133 2233; x_wconf 91' lang='lat' dir='ltr'>quia</span> <span class='ocrx_word' id='word_1_556' title='bbox 3197 2150 3508 2218; x_wconf 87' lang='lat' dir='ltr'>ccclesiae</span> <span class='ocrx_word' id='word_1_557' title='bbox 3574 2157 4101 2224; x_wconf 92' lang='lat' dir='ltr'>communionem</span> <span class='ocrx_word' id='word_1_558' title='bbox 4163 2160 4238 2225; x_wconf 91' lang='lat' dir='ltr'>in</span> <span class='ocrx_word' id='word_1_559' title='bbox 4301 2162 4414 2229; x_wconf 92' lang='lat' dir='ltr'>illo</span> 
     </span>
     <span class='ocr_line' id='line_1_81' title="bbox 2451 2233 4414 2323; baseline 0.01 -27"><span class='ocrx_word' id='word_1_560' title='bbox 2451 2233 2796 2316; x_wconf 88' lang='lat' dir='ltr'>regiminis</span> <span class='ocrx_word' id='word_1_561' title='bbox 2830 2256 3090 2319; x_wconf 85' lang='lat' dir='ltr'>genere,</span> <span class='ocrx_word' id='word_1_562' title='bbox 3137 2236 3310 2318; x_wconf 89' lang='lat' dir='ltr'>quod</span> <span class='ocrx_word' id='word_1_563' title='bbox 3345 2238 3473 2321; x_wconf 93' lang='lat' dir='ltr'>ipsi</span> <span class='ocrx_word' id='word_1_564' title='bbox 3516 2240 3641 2305; x_wconf 90' lang='lat' dir='ltr'>sibi</span> <span class='ocrx_word' id='word_1_565' title='bbox 3684 2242 4045 2323; x_wconf 78' lang='lat' dir='ltr'>finxerunt,</span> <span class='ocrx_word' id='word_1_566' title='bbox 4088 2247 4414 2315; x_wconf 89' lang='lat' dir='ltr'>inclusam</span> 
     </span>
     <span class='ocr_line' id='line_1_82' title="bbox 2457 2321 4413 2414; baseline 0.008 -30"><span class='ocrx_word' id='word_1_567' title='bbox 2457 2339 2601 2384; x_wconf 87' lang='lat' dir='ltr'>esse</span> <span class='ocrx_word' id='word_1_568' title='bbox 2655 2321 2954 2403; x_wconf 89' lang='lat' dir='ltr'>persuasi</span> <span class='ocrx_word' id='word_1_569' title='bbox 3024 2330 3209 2400; x_wconf 89' lang='lat' dir='ltr'>sunt,</span> <span class='ocrx_word' id='word_1_570' title='bbox 3280 2342 3357 2386; x_wconf 91' lang='lat' dir='ltr'>eo</span> <span class='ocrx_word' id='word_1_571' title='bbox 3412 2322 3551 2389; x_wconf 91' lang='lat' dir='ltr'>solo</span> <span class='ocrx_word' id='word_1_572' title='bbox 3620 2326 3852 2393; x_wconf 87' lang='lat' dir='ltr'>vicisse</span> <span class='ocrx_word' id='word_1_573' title='bbox 3906 2328 4029 2394; x_wconf 90' lang='lat' dir='ltr'>sibi</span> <span class='ocrx_word' id='word_1_574' title='bbox 4083 2331 4413 2414; x_wconf 83' lang='lat' dir='ltr'>videntur,</span> 
     </span>
     <span class='ocr_line' id='line_1_83' title="bbox 2454 2406 4412 2487; baseline 0.009 -19"><span class='ocrx_word' id='word_1_575' title='bbox 2454 2426 2662 2487; x_wconf 91' lang='lat' dir='ltr'>quum</span> <span class='ocrx_word' id='word_1_576' title='bbox 2707 2407 2897 2472; x_wconf 91' lang='lat' dir='ltr'>nobis</span> <span class='ocrx_word' id='word_1_577' title='bbox 2942 2406 3407 2473; x_wconf 89' lang='lat' dir='ltr'>alienationem</span> <span class='ocrx_word' id='word_1_578' title='bbox 3453 2432 3493 2474; x_wconf 90' lang='lat' dir='ltr'>a</span> <span class='ocrx_word' id='word_1_579' title='bbox 3552 2432 3826 2478; x_wconf 88' lang='lat' dir='ltr'>romana</span> <span class='ocrx_word' id='word_1_580' title='bbox 3875 2414 4028 2481; x_wconf 91' lang='lat' dir='ltr'>sede</span> <span class='ocrx_word' id='word_1_581' title='bbox 4076 2415 4412 2486; x_wconf 89' lang='lat' dir='ltr'>obiiciunt.</span> 
     </span>
     <span class='ocr_line' id='line_1_84' title="bbox 2451 2489 4411 2584; baseline 0.009 -31"><span class='ocrx_word' id='word_1_582' title='bbox 2451 2489 2660 2555; x_wconf 90' lang='lat' dir='ltr'>Nobis</span> <span class='ocrx_word' id='word_1_583' title='bbox 2703 2513 2861 2557; x_wconf 81' lang='lat' dir='ltr'>vero</span> <span class='ocrx_word' id='word_1_584' title='bbox 2916 2491 2995 2558; x_wconf 91' lang='lat' dir='ltr'>de</span> <span class='ocrx_word' id='word_1_585' title='bbox 3038 2494 3328 2576; x_wconf 87' lang='lat' dir='ltr'>primatu</span> <span class='ocrx_word' id='word_1_586' title='bbox 3384 2515 3695 2563; x_wconf 88' lang='lat' dir='ltr'>romanae</span> <span class='ocrx_word' id='word_1_587' title='bbox 3748 2498 3950 2581; x_wconf 78' lang='lat' dir='ltr'>sedis,</span> <span class='ocrx_word' id='word_1_588' title='bbox 4007 2523 4137 2584; x_wconf 90' lang='lat' dir='ltr'>quo</span> <span class='ocrx_word' id='word_1_589' title='bbox 4192 2511 4411 2570; x_wconf 88' lang='lat' dir='ltr'>tanto·</span> 
     </span>
     <span class='ocr_line' id='line_1_85' title="bbox 2451 2577 4412 2669; baseline 0.009 -30"><span class='ocrx_word' id='word_1_590' title='bbox 2451 2597 2618 2666; x_wconf 43' lang='lat' dir='ltr'>pere·</span> <span class='ocrx_word' id='word_1_591' title='bbox 2674 2577 3070 2660; x_wconf 85' lang='lat' dir='ltr'>gloriantur,</span> <span class='ocrx_word' id='word_1_592' title='bbox 3140 2601 3276 2644; x_wconf 93' lang='lat' dir='ltr'>non</span> <span class='ocrx_word' id='word_1_593' title='bbox 3330 2588 3431 2646; x_wconf 93' lang='lat' dir='ltr'>est</span> <span class='ocrx_word' id='word_1_594' title='bbox 3482 2581 3764 2649; x_wconf 88' lang='lat' dir='ltr'>difficilis</span> <span class='ocrx_word' id='word_1_595' title='bbox 3827 2590 4183 2669; x_wconf 81' lang='lat' dir='ltr'>responsiO.</span> <span class='ocrx_word' id='word_1_596' title='bbox 4275 2588 4412 2656; x_wconf 84' lang='lat' dir='ltr'>Sed</span> 
     </span>
     <span class='ocr_line' id='line_1_86' title="bbox 2453 2661 4409 2758; baseline 0.009 -33"><span class='ocrx_word' id='word_1_597' title='bbox 2453 2682 2602 2726; x_wconf 91' lang='lat' dir='ltr'>eam</span> <span class='ocrx_word' id='word_1_598' title='bbox 2659 2661 3201 2746; x_wconf 88' lang='lat' dir='ltr'>disputationem,</span> <span class='ocrx_word' id='word_1_599' title='bbox 3260 2672 3401 2730; x_wconf 91' lang='lat' dir='ltr'>tum</span> <span class='ocrx_word' id='word_1_600' title='bbox 3457 2669 3610 2750; x_wconf 91' lang='lat' dir='ltr'>quia</span> <span class='ocrx_word' id='word_1_601' title='bbox 3663 2670 3865 2736; x_wconf 89' lang='lat' dir='ltr'>nimis</span> <span class='ocrx_word' id='word_1_602' title='bbox 3919 2673 4177 2755; x_wconf 78' lang='lat' dir='ltr'>prolixa</span> <span class='ocrx_word' id='word_1_603' title='bbox 4219 2676 4409 2758; x_wconf 88' lang='lat' dir='ltr'>foret,</span> 
     </span>
     <span class='ocr_line' id='line_1_87' title="bbox 2452 2748 4409 2844; baseline 0.009 -33"><span class='ocrx_word' id='word_1_604' title='bbox 2452 2752 2594 2812; x_wconf 88' lang='lat' dir='ltr'>tum</span> <span class='ocrx_word' id='word_1_605' title='bbox 2635 2748 2789 2831; x_wconf 92' lang='lat' dir='ltr'>quia</span> <span class='ocrx_word' id='word_1_606' title='bbox 2841 2749 3096 2831; x_wconf 90' lang='lat' dir='ltr'>copiose</span> <span class='ocrx_word' id='word_1_607' title='bbox 3145 2757 3425 2817; x_wconf 86' lang='lat' dir='ltr'>tractata</span> <span class='ocrx_word' id='word_1_608' title='bbox 3477 2761 3578 2818; x_wconf 89' lang='lat' dir='ltr'>est</span> <span class='ocrx_word' id='word_1_609' title='bbox 3620 2777 3662 2819; x_wconf 89' lang='lat' dir='ltr'>a</span> <span class='ocrx_word' id='word_1_610' title='bbox 3713 2758 3954 2824; x_wconf 87' lang='lat' dir='ltr'>nostris</span> <span class='ocrx_word' id='word_1_611' title='bbox 4010 2759 4409 2844; x_wconf 88' lang='lat' dir='ltr'>hominibus,</span> 
     </span>
     <span class='ocr_line' id='line_1_88' title="bbox 2452 2832 4408 2931; baseline 0.009 -35"><span class='ocrx_word' id='word_1_612' title='bbox 2452 2832 2562 2931; x_wconf 77' lang='lat' dir='ltr'>hic</span> <span class='ocrx_word' id='word_1_613' title='bbox 2604 2855 2736 2898; x_wconf 92' lang='lat' dir='ltr'>non</span> <span class='ocrx_word' id='word_1_614' title='bbox 2791 2835 3149 2919; x_wconf 84' lang='lat' dir='ltr'>ingrediar.</span> <span class='ocrx_word' id='word_1_615' title='bbox 3239 2838 3525 2903; x_wconf 80' lang='lat' dir='ltr'>Tantum</span> <span class='ocrx_word' id='word_1_616' title='bbox 3560 2840 3684 2907; x_wconf 91' lang='lat' dir='ltr'>hoc</span> <span class='ocrx_word' id='word_1_617' title='bbox 3730 2862 3769 2906; x_wconf 88' lang='lat' dir='ltr'>a</span> <span class='ocrx_word' id='word_1_618' title='bbox 3811 2843 3999 2910; x_wconf 83' lang='lat' dir='ltr'>vobis</span> <span class='ocrx_word' id='word_1_619' title='bbox 4043 2847 4408 2929; x_wconf 89' lang='lat' dir='ltr'>postulabo,</span> 
     </span>
     <span class='ocr_line' id='line_1_89' title="bbox 2448 2919 4411 3016; baseline 0.009 -33"><span class='ocrx_word' id='word_1_620' title='bbox 2448 2919 2881 2986; x_wconf 78' lang='lat' dir='ltr'>invictissime</span> <span class='ocrx_word' id='word_1_621' title='bbox 2936 2920 3183 2987; x_wconf 86' lang='lat' dir='ltr'>Caesar</span> <span class='ocrx_word' id='word_1_622' title='bbox 3258 2931 3325 2989; x_wconf 91' lang='lat' dir='ltr'>et</span> <span class='ocrx_word' id='word_1_623' title='bbox 3386 2924 3815 2993; x_wconf 87' lang='lat' dir='ltr'>illustrissimi</span> <span class='ocrx_word' id='word_1_624' title='bbox 3880 2929 4251 3016; x_wconf 87' lang='lat' dir='ltr'>Principes,</span> <span class='ocrx_word' id='word_1_625' title='bbox 4332 2943 4411 2999; x_wconf 89' lang='lat' dir='ltr'>ut</span> 
     </span>
     <span class='ocr_line' id='line_1_90' title="bbox 2447 3003 4409 3101; baseline 0.009 -32"><span class='ocrx_word' id='word_1_626' title='bbox 2447 3003 2863 3088; x_wconf 83' lang='lat' dir='ltr'>Cyprianum</span> <span class='ocrx_word' id='word_1_627' title='bbox 2886 3006 3169 3074; x_wconf 88' lang='lat' dir='ltr'>audiatis</span> <span class='ocrx_word' id='word_1_628' title='bbox 3190 3008 3640 3093; x_wconf 89' lang='lat' dir='ltr'>disserentem,</span> <span class='ocrx_word' id='word_1_629' title='bbox 3678 3035 3762 3078; x_wconf 80' lang='lat' dir='ltr'>ex</span> <span class='ocrx_word' id='word_1_630' title='bbox 3787 3035 3915 3097; x_wconf 91' lang='lat' dir='ltr'>quo</span> <span class='ocrx_word' id='word_1_631' title='bbox 3936 3017 4154 3101; x_wconf 88' lang='lat' dir='ltr'>potius</span> <span class='ocrx_word' id='word_1_632' title='bbox 4178 3018 4409 3086; x_wconf 91' lang='lat' dir='ltr'>ordine</span> 
     </span>
    </p>
   </div>
   <div class='ocr_carea' id='block_1_9' title="bbox 2448 3091 4530 3186">
    <p class='ocr_par' dir='ltr' id='par_1_12' title="bbox 2448 3091 4530 3186">
     <span class='ocr_line' id='line_1_91' title="bbox 2448 3091 4530 3186; baseline 0.009 -32"><span class='ocrx_word' id='word_1_633' title='bbox 2448 3091 2858 3157; x_wconf 84' lang='lat' dir='ltr'>aestimanda</span> <span class='ocrx_word' id='word_1_634' title='bbox 2935 3094 3024 3158; x_wconf 93' lang='lat' dir='ltr'>sit</span> <span class='ocrx_word' id='word_1_635' title='bbox 3096 3095 3284 3161; x_wconf 78' lang='lat' dir='ltr'>vobis</span> <span class='ocrx_word' id='word_1_636' title='bbox 3375 3116 3534 3161; x_wconf 86' lang='lat' dir='ltr'>vera</span> <span class='ocrx_word' id='word_1_637' title='bbox 3606 3099 3917 3166; x_wconf 89' lang='lat' dir='ltr'>ccclesiae</span> <span class='ocrx_word' id='word_1_638' title='bbox 4016 3107 4407 3186; x_wconf 89' lang='lat' dir='ltr'>communio,</span> <span class='ocrx_word' id='word_1_639' title='bbox 4504 3112 4530 3136; x_wconf 63' lang='lat'>²</span> 
     </span>
    </p>
   </div>
   <div class='ocr_carea' id='block_1_10' title="bbox 2420 3176 4485 5066">
    <p class='ocr_par' dir='ltr' id='par_1_13' title="bbox 2432 3176 4485 4381">
     <span class='ocr_line' id='line_1_92' title="bbox 2453 3176 4410 3266; baseline 0.01 -28"><span class='ocrx_word' id='word_1_640' title='bbox 2453 3197 2649 3259; x_wconf 90' lang='lat' dir='ltr'>quam</span> <span class='ocrx_word' id='word_1_641' title='bbox 2731 3176 2814 3241; x_wconf 90' lang='lat' dir='ltr'>ad</span> <span class='ocrx_word' id='word_1_642' title='bbox 2890 3178 3105 3244; x_wconf 90' lang='lat' dir='ltr'>solum</span> <span class='ocrx_word' id='word_1_643' title='bbox 3179 3201 3525 3247; x_wconf 85' lang='lat' dir='ltr'>romanum</span> <span class='ocrx_word' id='word_1_644' title='bbox 3599 3185 3982 3266; x_wconf 86' lang='lat' dir='ltr'>pontificem</span> <span class='ocrx_word' id='word_1_645' title='bbox 4048 3188 4410 3257; x_wconf 87' lang='lat' dir='ltr'>adversarii</span> 
     </span>
     <span class='ocr_line' id='line_1_93' title="bbox 2445 3262 4409 3342; baseline 0.008 -16"><span class='ocrx_word' id='word_1_646' title='bbox 2445 3262 2660 3327; x_wconf 91' lang='lat' dir='ltr'>nostri</span> <span class='ocrx_word' id='word_1_647' title='bbox 2702 3270 3032 3330; x_wconf 88' lang='lat' dir='ltr'>revocant.</span> <span class='ocrx_word' id='word_1_648' title='bbox 3122 3264 3299 3331; x_wconf 88' lang='lat' dir='ltr'>Nam</span> <span class='ocrx_word' id='word_1_649' title='bbox 3346 3267 3458 3331; x_wconf 92' lang='lat' dir='ltr'>ubi</span> <span class='ocrx_word' id='word_1_650' title='bbox 3504 3268 3982 3337; x_wconf 87' lang='lat' dir='ltr'>ecclesiastieae</span> <span class='ocrx_word' id='word_1_651' title='bbox 4027 3274 4409 3342; x_wconf 90' lang='lat' dir='ltr'>concordiae</span> 
     </span>
     <span class='ocr_line' id='line_1_94' title="bbox 2443 3347 4407 3441; baseline 0.009 -31"><span class='ocrx_word' id='word_1_652' title='bbox 2443 3347 2696 3411; x_wconf 84' lang='lat' dir='ltr'>fontem</span> <span class='ocrx_word' id='word_1_653' title='bbox 2752 3349 3095 3414; x_wconf 90' lang='lat' dir='ltr'>constituit</span> <span class='ocrx_word' id='word_1_654' title='bbox 3148 3351 3219 3414; x_wconf 92' lang='lat' dir='ltr'>in</span> <span class='ocrx_word' id='word_1_655' title='bbox 3278 3352 3415 3416; x_wconf 91' lang='lat' dir='ltr'>solo</span> <span class='ocrx_word' id='word_1_656' title='bbox 3462 3351 3715 3418; x_wconf 90' lang='lat' dir='ltr'>Christi</span> <span class='ocrx_word' id='word_1_657' title='bbox 3758 3357 4164 3441; x_wconf 86' lang='lat' dir='ltr'>episcopatu,</span> <span class='ocrx_word' id='word_1_658' title='bbox 4220 3363 4407 3427; x_wconf 91' lang='lat' dir='ltr'>cuius</span> 
     </span>
     <span class='ocr_line' id='line_1_95' title="bbox 2444 3433 4406 3528; baseline 0.007 -30"><span class='ocrx_word' id='word_1_659' title='bbox 2444 3453 2485 3498; x_wconf 85' lang='lat' dir='ltr'>a</span> <span class='ocrx_word' id='word_1_660' title='bbox 2519 3433 2798 3517; x_wconf 87' lang='lat' dir='ltr'>singulis</span> <span class='ocrx_word' id='word_1_661' title='bbox 2841 3435 2911 3499; x_wconf 92' lang='lat' dir='ltr'>in</span> <span class='ocrx_word' id='word_1_662' title='bbox 2953 3434 3235 3500; x_wconf 90' lang='lat' dir='ltr'>solidum</span> <span class='ocrx_word' id='word_1_663' title='bbox 3280 3444 3537 3520; x_wconf 89' lang='lat' dir='ltr'>partem</span> <span class='ocrx_word' id='word_1_664' title='bbox 3581 3442 3793 3506; x_wconf 90' lang='lat' dir='ltr'>teneri</span> <span class='ocrx_word' id='word_1_665' title='bbox 3829 3443 4132 3524; x_wconf 87' lang='lat' dir='ltr'>affirmat,</span> <span class='ocrx_word' id='word_1_666' title='bbox 4177 3455 4406 3528; x_wconf 88' lang='lat' dir='ltr'>postea</span> 
     </span>
     <span class='ocr_line' id='line_1_96' title="bbox 2442 3518 4403 3614; baseline 0.008 -30"><span class='ocrx_word' id='word_1_667' title='bbox 2442 3518 2810 3604; x_wconf 85' lang='lat' dir='ltr'>subiungit:</span> <span class='ocrx_word' id='word_1_668' title='bbox 2842 3523 2891 3605; x_wconf 90' lang='lat'>¹)</span> <span class='ocrx_word' id='word_1_669' title='bbox 2949 3520 3249 3587; x_wconf 86' lang='lat' dir='ltr'>Ecclesia</span> <span class='ocrx_word' id='word_1_670' title='bbox 3305 3545 3444 3588; x_wconf 88' lang='lat' dir='ltr'>una</span> <span class='ocrx_word' id='word_1_671' title='bbox 3498 3528 3648 3603; x_wconf 83' lang='lat' dir='ltr'>[pag.</span> <span class='ocrx_word' id='word_1_672' title='bbox 3708 3532 3853 3605; x_wconf 84' lang='lat'>121]</span> <span class='ocrx_word' id='word_1_673' title='bbox 3913 3535 4044 3608; x_wconf 91' lang='lat' dir='ltr'>est,</span> <span class='ocrx_word' id='word_1_674' title='bbox 4108 3552 4274 3614; x_wconf 88' lang='lat' dir='ltr'>quae</span> <span class='ocrx_word' id='word_1_675' title='bbox 4331 3533 4403 3597; x_wconf 88' lang='lat' dir='ltr'>in</span> 
     </span>
     <span class='ocr_line' id='line_1_97' title="bbox 2441 3604 4404 3683; baseline 0.008 -15"><span class='ocrx_word' id='word_1_676' title='bbox 2441 3604 2936 3670; x_wconf 86' lang='lat' dir='ltr'>multitudinem</span> <span class='ocrx_word' id='word_1_677' title='bbox 2977 3607 3175 3673; x_wconf 76' lang='lat' dir='ltr'>latius</span> <span class='ocrx_word' id='word_1_678' title='bbox 3216 3608 3625 3676; x_wconf 89' lang='lat' dir='ltr'>incremento</span> <span class='ocrx_word' id='word_1_679' title='bbox 3666 3612 4126 3681; x_wconf 85' lang='lat' dir='ltr'>foecunditatis</span> <span class='ocrx_word' id='word_1_680' title='bbox 4171 3625 4404 3683; x_wconf 76' lang='lat' dir='ltr'>exten-</span> 
     </span>
     <span class='ocr_line' id='line_1_98' title="bbox 2441 3689 4485 3784; baseline 0.007 -30"><span class='ocrx_word' id='word_1_681' title='bbox 2441 3689 2653 3755; x_wconf 87' lang='lat' dir='ltr'>ditur:</span> <span class='ocrx_word' id='word_1_682' title='bbox 2698 3712 2827 3774; x_wconf 92' lang='lat' dir='ltr'>quo</span> <span class='ocrx_word' id='word_1_683' title='bbox 2870 3692 3066 3758; x_wconf 91' lang='lat' dir='ltr'>modo</span> <span class='ocrx_word' id='word_1_684' title='bbox 3110 3692 3265 3760; x_wconf 88' lang='lat' dir='ltr'>solis</span> <span class='ocrx_word' id='word_1_685' title='bbox 3306 3694 3473 3759; x_wconf 91' lang='lat' dir='ltr'>radii</span> <span class='ocrx_word' id='word_1_686' title='bbox 3516 3697 3709 3762; x_wconf 91' lang='lat' dir='ltr'>multi</span> <span class='ocrx_word' id='word_1_687' title='bbox 3751 3697 3869 3764; x_wconf 92' lang='lat' dir='ltr'>sed</span> <span class='ocrx_word' id='word_1_688' title='bbox 3907 3699 4132 3767; x_wconf 91' lang='lat' dir='ltr'>lumen</span> <span class='ocrx_word' id='word_1_689' title='bbox 4168 3724 4400 3784; x_wconf 92' lang='lat' dir='ltr'>unum,</span> <span class='ocrx_word' id='word_1_690' title='bbox 4472 3771 4485 3782; x_wconf 75' lang='grc'><strong>,</strong></span> 
     </span>
     <span class='ocr_line' id='line_1_99' title="bbox 2439 3777 4403 3857; baseline 0.008 -18"><span class='ocrx_word' id='word_1_691' title='bbox 2439 3777 2610 3840; x_wconf 87' lang='grc'><strong>161111</strong></span> <span class='ocrx_word' id='word_1_692' title='bbox 2667 3777 2918 3844; x_wconf 89' lang='lat' dir='ltr'>arboris</span> <span class='ocrx_word' id='word_1_693' title='bbox 2973 3779 3170 3844; x_wconf 91' lang='lat' dir='ltr'>multi</span> <span class='ocrx_word' id='word_1_694' title='bbox 3226 3779 3343 3847; x_wconf 91' lang='lat' dir='ltr'>sed</span> <span class='ocrx_word' id='word_1_695' title='bbox 3394 3780 3597 3848; x_wconf 91' lang='lat' dir='ltr'>robur</span> <span class='ocrx_word' id='word_1_696' title='bbox 3651 3805 3853 3849; x_wconf 92' lang='lat' dir='ltr'>unum</span> <span class='ocrx_word' id='word_1_697' title='bbox 3908 3788 4124 3852; x_wconf 90' lang='lat' dir='ltr'>tenaci</span> <span class='ocrx_word' id='word_1_698' title='bbox 4182 3788 4403 3857; x_wconf 87' lang='lat' dir='ltr'>radice</span> 
     </span>
     <span class='ocr_line' id='line_1_100' title="bbox 2436 3860 4399 3953; baseline 0.008 -27"><span class='ocrx_word' id='word_1_699' title='bbox 2436 3860 2819 3942; x_wconf 86' lang='lat' dir='ltr'>fundatum,</span> <span class='ocrx_word' id='word_1_700' title='bbox 2882 3871 2950 3929; x_wconf 89' lang='lat' dir='ltr'>et</span> <span class='ocrx_word' id='word_1_701' title='bbox 3006 3864 3087 3930; x_wconf 90' lang='lat' dir='ltr'>de</span> <span class='ocrx_word' id='word_1_702' title='bbox 3145 3866 3325 3931; x_wconf 86' lang='lat' dir='ltr'>fonte</span> <span class='ocrx_word' id='word_1_703' title='bbox 3379 3888 3513 3933; x_wconf 89' lang='lat' dir='ltr'>uno</span> <span class='ocrx_word' id='word_1_704' title='bbox 3569 3869 3696 3934; x_wconf 88' lang='lat' dir='ltr'>rivi</span> <span class='ocrx_word' id='word_1_705' title='bbox 3750 3871 4018 3953; x_wconf 92' lang='lat' dir='ltr'>plurimi</span> <span class='ocrx_word' id='word_1_706' title='bbox 4073 3872 4399 3941; x_wconf 88' lang='lat' dir='ltr'>defluunt:</span> 
     </span>
     <span class='ocr_line' id='line_1_101' title="bbox 2437 3950 4403 4026; baseline 0.008 -15"><span class='ocrx_word' id='word_1_707' title='bbox 2437 3950 2880 4015; x_wconf 89' lang='lat' dir='ltr'>numerositas</span> <span class='ocrx_word' id='word_1_708' title='bbox 2945 3950 3101 4015; x_wconf 90' lang='lat' dir='ltr'>licet</span> <span class='ocrx_word' id='word_1_709' title='bbox 3151 3950 3392 4019; x_wconf 85' lang='lat' dir='ltr'>diffusa</span> <span class='ocrx_word' id='word_1_710' title='bbox 3456 3953 3759 4021; x_wconf 86' lang='lat' dir='ltr'>videatur</span> <span class='ocrx_word' id='word_1_711' title='bbox 3832 3956 4230 4025; x_wconf 75' lang='lat' dir='ltr'>exundantis</span> <span class='ocrx_word' id='word_1_712' title='bbox 4294 3983 4403 4026; x_wconf 92' lang='lat' dir='ltr'>co-</span> 
     </span>
     <span class='ocr_line' id='line_1_102' title="bbox 2433 4034 4397 4128; baseline 0.007 -31"><span class='ocrx_word' id='word_1_713' title='bbox 2433 4035 2584 4116; x_wconf 87' lang='lat' dir='ltr'>piae</span> <span class='ocrx_word' id='word_1_714' title='bbox 2604 4034 2929 4118; x_wconf 85' lang='lat' dir='ltr'>largitate,</span> <span class='ocrx_word' id='word_1_715' title='bbox 2971 4036 3192 4102; x_wconf 84' lang='lat' dir='ltr'>unitas</span> <span class='ocrx_word' id='word_1_716' title='bbox 3216 4045 3441 4105; x_wconf 91' lang='lat' dir='ltr'>tamen</span> <span class='ocrx_word' id='word_1_717' title='bbox 3461 4043 3781 4106; x_wconf 89' lang='lat' dir='ltr'>manetin</span> <span class='ocrx_word' id='word_1_718' title='bbox 3813 4044 4083 4128; x_wconf 87' lang='lat' dir='ltr'>origine.</span> <span class='ocrx_word' id='word_1_719' title='bbox 4155 4045 4397 4112; x_wconf 83' lang='lat' dir='ltr'>Avelle</span> 
     </span>
     <span class='ocr_line' id='line_1_103' title="bbox 2433 4119 4393 4214; baseline 0.007 -29"><span class='ocrx_word' id='word_1_720' title='bbox 2433 4119 2698 4185; x_wconf 90' lang='lat' dir='ltr'>radium</span> <span class='ocrx_word' id='word_1_721' title='bbox 2742 4120 2899 4187; x_wconf 91' lang='lat' dir='ltr'>solis</span> <span class='ocrx_word' id='word_1_722' title='bbox 2933 4144 2973 4187; x_wconf 85' lang='lat' dir='ltr'>a</span> <span class='ocrx_word' id='word_1_723' title='bbox 3006 4142 3294 4207; x_wconf 89' lang='lat' dir='ltr'>corpore,</span> <span class='ocrx_word' id='word_1_724' title='bbox 3339 4124 3729 4192; x_wconf 82' lang='lat' dir='ltr'>divisionem</span> <span class='ocrx_word' id='word_1_725' title='bbox 3767 4129 3988 4193; x_wconf 89' lang='lat' dir='ltr'>unitas</span> <span class='ocrx_word' id='word_1_726' title='bbox 4022 4151 4159 4194; x_wconf 92' lang='lat' dir='ltr'>non</span> <span class='ocrx_word' id='word_1_727' title='bbox 4199 4133 4393 4214; x_wconf 88' lang='lat' dir='ltr'>capit.</span> 
     </span>
     <span class='ocr_line' id='line_1_104' title="bbox 2432 4206 4393 4298; baseline 0.006 -27"><span class='ocrx_word' id='word_1_728' title='bbox 2432 4206 2541 4272; x_wconf 81' lang='lat' dir='ltr'>Ab</span> <span class='ocrx_word' id='word_1_729' title='bbox 2598 4206 2829 4272; x_wconf 88' lang='lat' dir='ltr'>arbore</span> <span class='ocrx_word' id='word_1_730' title='bbox 2883 4208 3117 4291; x_wconf 87' lang='lat' dir='ltr'>frange</span> <span class='ocrx_word' id='word_1_731' title='bbox 3176 4231 3465 4293; x_wconf 88' lang='lat' dir='ltr'>ramum,</span> <span class='ocrx_word' id='word_1_732' title='bbox 3524 4212 3779 4277; x_wconf 82' lang='lat' dir='ltr'>fructus</span> <span class='ocrx_word' id='word_1_733' title='bbox 3832 4217 4206 4298; x_wconf 88' lang='lat' dir='ltr'>germinare</span> <span class='ocrx_word' id='word_1_734' title='bbox 4258 4239 4393 4283; x_wconf 91' lang='lat' dir='ltr'>non</span> 
     </span>
     <span class='ocr_line' id='line_1_105' title="bbox 2476 4291 4390 4381; baseline 0.006 -25"><span class='ocrx_word' id='word_1_735' title='bbox 2476 4291 2692 4358; x_wconf 89' lang='lat' dir='ltr'>eterit.</span> <span class='ocrx_word' id='word_1_736' title='bbox 2783 4294 2849 4359; x_wconf 83' lang='lat' dir='ltr'>A</span> <span class='ocrx_word' id='word_1_737' title='bbox 2889 4295 3071 4359; x_wconf 87' lang='lat' dir='ltr'>fonte</span> <span class='ocrx_word' id='word_1_738' title='bbox 3113 4295 3416 4378; x_wconf 88' lang='lat' dir='ltr'>praecide</span> <span class='ocrx_word' id='word_1_739' title='bbox 3458 4298 3676 4363; x_wconf 85' lang='lat' dir='ltr'>rivum</span> <span class='ocrx_word' id='word_1_740' title='bbox 3694 4349 3711 4378; x_wconf 92' lang='lat'>‚</span> <span class='ocrx_word' id='word_1_741' title='bbox 3755 4301 4090 4381; x_wconf 87' lang='lat' dir='ltr'>praecisus</span> <span class='ocrx_word' id='word_1_742' title='bbox 4133 4304 4390 4368; x_wconf 85' lang='lat' dir='ltr'>arescit.</span> 
     </span>
    </p>

    <p class='ocr_par' dir='ltr' id='par_1_14' title="bbox 2420 4378 4393 5066">
     <span class='ocr_line' id='line_1_106' title="bbox 2485 4378 4393 4469; baseline 0.006 -27"><span class='ocrx_word' id='word_1_743' title='bbox 2485 4379 2546 4444; x_wconf 92' lang='lat' dir='ltr'>ic</span> <span class='ocrx_word' id='word_1_744' title='bbox 2577 4384 2645 4442; x_wconf 92' lang='lat' dir='ltr'>et</span> <span class='ocrx_word' id='word_1_745' title='bbox 2674 4378 2948 4446; x_wconf 87' lang='lat' dir='ltr'>ecclesia</span> <span class='ocrx_word' id='word_1_746' title='bbox 2968 4380 3243 4446; x_wconf 92' lang='lat' dir='ltr'>Domini</span> <span class='ocrx_word' id='word_1_747' title='bbox 3281 4381 3426 4448; x_wconf 90' lang='lat' dir='ltr'>luce</span> <span class='ocrx_word' id='word_1_748' title='bbox 3460 4384 3726 4466; x_wconf 87' lang='lat' dir='ltr'>perfusa</span> <span class='ocrx_word' id='word_1_749' title='bbox 3765 4406 3886 4469; x_wconf 91' lang='lat' dir='ltr'>per</span> <span class='ocrx_word' id='word_1_750' title='bbox 3907 4392 4123 4450; x_wconf 91' lang='lat' dir='ltr'>totum</span> <span class='ocrx_word' id='word_1_751' title='bbox 4166 4388 4393 4454; x_wconf 90' lang='lat' dir='ltr'>orbem</span> 
     </span>
     <span class='ocr_line' id='line_1_107' title="bbox 2425 4464 4391 4557; baseline 0.007 -29"><span class='ocrx_word' id='word_1_752' title='bbox 2425 4464 2823 4550; x_wconf 88' lang='lat' dir='ltr'>porrigitur:</span> <span class='ocrx_word' id='word_1_753' title='bbox 2895 4488 3099 4531; x_wconf 90' lang='lat' dir='ltr'>unum</span> <span class='ocrx_word' id='word_1_754' title='bbox 3153 4474 3376 4533; x_wconf 91' lang='lat' dir='ltr'>tamen</span> <span class='ocrx_word' id='word_1_755' title='bbox 3436 4467 3658 4535; x_wconf 91' lang='lat' dir='ltr'>lumen</span> <span class='ocrx_word' id='word_1_756' title='bbox 3718 4478 3846 4550; x_wconf 89' lang='lat' dir='ltr'>est,</span> <span class='ocrx_word' id='word_1_757' title='bbox 3909 4471 4083 4554; x_wconf 91' lang='lat' dir='ltr'>quod</span> <span class='ocrx_word' id='word_1_758' title='bbox 4149 4472 4391 4557; x_wconf 91' lang='lat' dir='ltr'>ubique</span> 
     </span>
     <span class='ocr_line' id='line_1_108' title="bbox 2426 4549 4390 4640; baseline 0.006 -26"><span class='ocrx_word' id='word_1_759' title='bbox 2426 4549 2840 4632; x_wconf 86' lang='lat' dir='ltr'>diffunditur,</span> <span class='ocrx_word' id='word_1_760' title='bbox 2888 4572 3010 4618; x_wconf 89' lang='lat' dir='ltr'>nec</span> <span class='ocrx_word' id='word_1_761' title='bbox 3053 4555 3339 4637; x_wconf 88' lang='lat' dir='ltr'>corporis</span> <span class='ocrx_word' id='word_1_762' title='bbox 3383 4556 3604 4620; x_wconf 88' lang='lat' dir='ltr'>unitas</span> <span class='ocrx_word' id='word_1_763' title='bbox 3649 4563 4009 4640; x_wconf 89' lang='lat' dir='ltr'>separatur.</span> <span class='ocrx_word' id='word_1_764' title='bbox 4096 4558 4390 4626; x_wconf 88' lang='lat' dir='ltr'>Proinde</span> 
     </span>
     <span class='ocr_line' id='line_1_109' title="bbox 2424 4635 4386 4729; baseline 0.005 -29"><span class='ocrx_word' id='word_1_765' title='bbox 2424 4635 2733 4702; x_wconf 88' lang='lat' dir='ltr'>haereses</span> <span class='ocrx_word' id='word_1_766' title='bbox 2778 4644 2845 4702; x_wconf 91' lang='lat' dir='ltr'>et</span> <span class='ocrx_word' id='word_1_767' title='bbox 2899 4638 3257 4704; x_wconf 87' lang='lat' dir='ltr'>schismata</span> <span class='ocrx_word' id='word_1_768' title='bbox 3310 4640 3463 4705; x_wconf 90' lang='lat' dir='ltr'>inde</span> <span class='ocrx_word' id='word_1_769' title='bbox 3519 4641 3677 4707; x_wconf 90' lang='lat' dir='ltr'>oriri</span> <span class='ocrx_word' id='word_1_770' title='bbox 3729 4643 4153 4726; x_wconf 90' lang='lat' dir='ltr'>pronunciat,</span> <span class='ocrx_word' id='word_1_771' title='bbox 4212 4646 4386 4729; x_wconf 91' lang='lat' dir='ltr'>quod</span> 
     </span>
     <span class='ocr_line' id='line_1_110' title="bbox 2423 4721 4386 4814; baseline 0.006 -28"><span class='ocrx_word' id='word_1_772' title='bbox 2423 4721 2509 4786; x_wconf 84' lang='lat' dir='ltr'>ad</span> <span class='ocrx_word' id='word_1_773' title='bbox 2548 4722 2846 4787; x_wconf 80' lang='lat' dir='ltr'>veritatis</span> <span class='ocrx_word' id='word_1_774' title='bbox 2888 4723 3212 4807; x_wconf 84' lang='lat' dir='ltr'>originem</span> <span class='ocrx_word' id='word_1_775' title='bbox 3258 4746 3392 4790; x_wconf 91' lang='lat' dir='ltr'>non</span> <span class='ocrx_word' id='word_1_776' title='bbox 3435 4724 3721 4808; x_wconf 92' lang='lat' dir='ltr'>reditur,</span> <span class='ocrx_word' id='word_1_777' title='bbox 3780 4749 3905 4795; x_wconf 92' lang='lat' dir='ltr'>nec</span> <span class='ocrx_word' id='word_1_778' title='bbox 3949 4737 4146 4814; x_wconf 88' lang='lat' dir='ltr'>caput</span> <span class='ocrx_word' id='word_1_779' title='bbox 4188 4753 4386 4814; x_wconf 90' lang='lat' dir='ltr'>quae-</span> 
     </span>
     <span class='ocr_line' id='line_1_111' title="bbox 2422 4808 4387 4894; baseline 0.006 -24"><span class='ocrx_word' id='word_1_780' title='bbox 2422 4808 2611 4886; x_wconf 87' lang='lat' dir='ltr'>ritur,</span> <span class='ocrx_word' id='word_1_781' title='bbox 2648 4829 2770 4873; x_wconf 91' lang='lat' dir='ltr'>nec</span> <span class='ocrx_word' id='word_1_782' title='bbox 2793 4808 3090 4874; x_wconf 90' lang='lat' dir='ltr'>coelestis</span> <span class='ocrx_word' id='word_1_783' title='bbox 3121 4811 3426 4894; x_wconf 88' lang='lat' dir='ltr'>magistri</span> <span class='ocrx_word' id='word_1_784' title='bbox 3449 4811 3746 4879; x_wconf 89' lang='lat' dir='ltr'>doctrina</span> <span class='ocrx_word' id='word_1_785' title='bbox 3776 4823 4095 4882; x_wconf 87' lang='lat' dir='ltr'>servatur.</span> <span class='ocrx_word' id='word_1_786' title='bbox 4156 4817 4387 4881; x_wconf 81' lang='lat' dir='ltr'>Talem</span> 
     </span>
     <span class='ocr_line' id='line_1_112' title="bbox 2420 4893 4383 4983; baseline 0.004 -26"><span class='ocrx_word' id='word_1_787' title='bbox 2420 4894 2609 4959; x_wconf 89' lang='lat' dir='ltr'>nobis</span> <span class='ocrx_word' id='word_1_788' title='bbox 2652 4893 3093 4960; x_wconf 87' lang='lat' dir='ltr'>hierarchiam</span> <span class='ocrx_word' id='word_1_789' title='bbox 3128 4895 3183 4960; x_wconf 93' lang='lat' dir='ltr'>si</span> <span class='ocrx_word' id='word_1_790' title='bbox 3220 4896 3601 4963; x_wconf 85' lang='lat' dir='ltr'>exhibeant:</span> <span class='ocrx_word' id='word_1_791' title='bbox 3647 4900 3715 4966; x_wconf 92' lang='lat' dir='ltr'>in</span> <span class='ocrx_word' id='word_1_792' title='bbox 3750 4921 3879 4983; x_wconf 91' lang='lat' dir='ltr'>qua</span> <span class='ocrx_word' id='word_1_793' title='bbox 3922 4902 4017 4968; x_wconf 89' lang='grc'>610</span> <span class='ocrx_word' id='word_1_794' title='bbox 4050 4903 4383 4966; x_wconf 89' lang='lat' dir='ltr'>emineant</span> 
     </span>
     <span class='ocr_line' id='line_1_113' title="bbox 2422 4979 4383 5066; baseline 0.001 -17"><span class='ocrx_word' id='word_1_795' title='bbox 2422 4980 2739 5066; x_wconf 89' lang='lat' dir='ltr'>episcopi,</span> <span class='ocrx_word' id='word_1_796' title='bbox 2797 4988 2874 5044; x_wconf 92' lang='lat' dir='ltr'>ut</span> <span class='ocrx_word' id='word_1_797' title='bbox 2930 4979 3198 5046; x_wconf 89' lang='lat' dir='ltr'>Christo</span> <span class='ocrx_word' id='word_1_798' title='bbox 3255 4982 3527 5049; x_wconf 89' lang='lat' dir='ltr'>subesse</span> <span class='ocrx_word' id='word_1_799' title='bbox 3581 5005 3715 5051; x_wconf 91' lang='lat' dir='ltr'>non</span> <span class='ocrx_word' id='word_1_800' title='bbox 3764 4996 4094 5052; x_wconf 89' lang='lat' dir='ltr'>recusent:</span> <span class='ocrx_word' id='word_1_801' title='bbox 4164 4994 4237 5052; x_wconf 91' lang='lat' dir='ltr'>ut</span> <span class='ocrx_word' id='word_1_802' title='bbox 4300 4985 4383 5051; x_wconf 92' lang='lat' dir='ltr'>ab</span> 
     </span>
    </p>
   </div>
   <div class='ocr_carea' id='block_1_11' title="bbox 2538 5149 2793 5160">
    <p class='ocr_par' dir='ltr' id='par_1_15' title="bbox 2538 5149 2793 5160">
     <span class='ocr_line' id='line_1_114' title="bbox 2538 5149 2793 5160; baseline 0 832"><span class='ocrx_word' id='word_1_803' title='bbox 2538 5149 2793 5160; x_wconf 95' lang='lat' dir='ltr'> </span> 
     </span>
    </p>
   </div>
   <div class='ocr_carea' id='block_1_12' title="bbox 2569 5261 3540 5331">
    <p class='ocr_par' dir='ltr' id='par_1_16' title="bbox 2569 5261 3540 5331">
     <span class='ocr_line' id='line_1_115' title="bbox 2569 5261 3540 5331; baseline 0 -16"><span class='ocrx_word' id='word_1_804' title='bbox 2569 5262 2627 5329; x_wconf 88' lang='lat'>1)</span> <span class='ocrx_word' id='word_1_805' title='bbox 2664 5261 2746 5315; x_wconf 87' lang='lat' dir='ltr'>De</span> <span class='ocrx_word' id='word_1_806' title='bbox 2781 5261 3122 5330; x_wconf 83' lang='lat' dir='ltr'>simplicitate</span> <span class='ocrx_word' id='word_1_807' title='bbox 3154 5261 3540 5331; x_wconf 84' lang='lat' dir='ltr'>praelatorum.</span> 
     </span>
    </p>
   </div>
  </div>
 </body>
</html>
