4967 5992
2105 356 2118 370 ·
2180 343 2792 412 APPENDIOES.

4376 344 4505 411 626

1771 617 2217 684 MARTJNJ
2252 616 2320 681 B
2336 567 2631 684 UOER‘I
2671 617 3221 689 CONSILIUM.

658 792 1008 858 Sententiae
1069 791 1168 856 hic
1247 813 1290 857 a
1345 791 1592 856 domino
1661 790 1966 871 Philippo
2023 790 2292 870 scriptae
2363 789 2432 852 in
2482 791 2488 874 f
2532 811 2705 870 num,
2748 792 2932 871 domi,
2977 795 3035 854 et
3080 787 3427 869 ubicunque
3463 789 3863 871 reperiebant,
3907 793 4016 873 qui
4050 792 4277 856 audire
4312 793 4509 857 susti-

483 863 769 947 omnibus
824 878 1144 944 assentior.
1242 875 1396 958 Opto
1448 877 1700 957 quidem
1736 877 2000 959 fratreS,
2054 894 2209 957 quos
2251 873 2438 957 baby-

482 963 685 1031 lonica
723 967 878 1029 tenet
916 963 1268 1043 captivitas,
1313 962 1432 1028 dili
1430 963 1787 1045 yentissime
1828 981 2060 1040 cavere,
2107 980 2183 1025 ne
2224 959 2437 1023 intem-

475 1050 712 1134 pestive
755 1053 809 1114 et
839 1049 1201 1130 petulanter
1235 1049 1651 1129 vituperando
1685 1048 1977 1131 vulyatas
2010 1045 2435 1113 caeremonias

482 1137 831 1217 opinionem
873 1134 1215 1215 impietatis
1248 1133 1422 1216 apud
1453 1133 1662 1215 electos
1693 1133 1840 1212 Dei,
1886 1153 2038 1214 quos
2071 1131 2438 1212 lucrifacere

481 1221 757 1287 Domino
801 1219 1125 1302 oportebat,
1172 1221 1530 1286 incurrant:
1575 1224 1759 1300 atque
1801 1240 1866 1283 eo
1910 1239 1976 1283 se
2011 1217 2261 1282 inutiles
2303 1215 2439 1279 red-

484 1308 656 1385 dant,
699 1307 812 1388 qui
857 1305 1001 1370 illos
1045 1304 1321 1370 Domino
1363 1305 1694 1370 adducant.
1767 1304 1924 1385 Opto
1969 1307 2038 1368 ut
2071 1302 2234 1367 illud
2278 1302 2438 1367 inoer

482 1393 717 1476 fratres
769 1396 1004 1458 certum
1057 1395 1365 1457 teneatur.-
1429 1392 1837 1472 Quaecunque
1893 1389 2025 1456 Dei
2078 1392 2134 1452 et
2198 1385 2437 1451 Christi

482 1483 821 1558 supersunt
877 1478 946 1542 in
1004 1477 1277 1560 wl9atis
1319 1476 1674 1542 lectionibus
1689 1529 1702 1553 ,
1759 1473 2147 1541 concionibus
2189 1477 2246 1536 et
2288 1471 2440 1535 aliis

486 1563 916 1629 ecclesiasticis
957 1563 1328 1642 actionibus,
1374 1565 1466 1628 ita
1504 1562 1726 1628 vitiari
1767 1582 1890 1626 non
1921 1579 2136 1642 posse,
2181 1578 2288 1623 nec
2321 1557 2437 1621 im-

475 1651 711 1732 pietate
755 1649 1212 1726 ministrorum,
1269 1669 1375 1714 nec
1416 1648 1776 1729 irreliqiosa
1818 1648 2238 1711 humanorum
2281 1662 2439 1707 com-

487 1740 832 1800 mentorum
885 1735 1300 1812 admixtione,
1369 1755 1475 1800 nec
1539 1735 1977 1816 superstitione
2041 1730 2436 1807 abutentium,

487 1821 645 1903 Quin
676 1820 786 1902 pii
823 1820 1098 1885 homines
1138 1820 1476 1902 loquentem
1518 1825 1574 1885 et
1613 1825 1887 1903 agentem
1930 1820 1998 1883 in
2043 1816 2178 1882 illis
2217 1814 2441 1881 Domi-

2540 885 2769 943 nerent.
2875 876 3214 944 Utebantur
3251 874 3503 954 quidem
3555 875 3744 939 etiam
3787 876 4276 958 dispensatione,
4335 883 4390 942 et
4432 880 4505 942 in

2540 961 2843 1042 doctrina,
2884 968 2941 1027 et
2986 961 3075 1025 in
3098 961 3521 1026 caeremoniis.
3611 959 4111 1043 Infirmabantur
4146 983 4286 1027 cum
4329 963 4510 1043 infir-

2542 1049 2685 1127 mis,
2729 1046 3142 1113 iudaieabant
3180 1066 3323 1112 cum
3349 1044 3643 1112 Iudaeis:
3686 1048 3795 1113 sed
3838 1052 3906 1112 ut
3947 1048 4158 1114 eleetos
4199 1048 4329 1115 Dei
4371 1064 4509 1114 sen-

2543 1135 2667 1198 sim
2710 1139 2764 1197 et
2805 1134 3025 1199 ordine
3082 1153 3155 1196 ea
3197 1152 3357 1213 quae
3407 1130 3648 1197 Christi
3685 1137 3832 1197 sunt
3875 1134 4175 1212 docerent,
4220 1135 4507 1215 infirmos

2490 1239 2493 1294 ;
2542 1219 3026 1296 corroborarent,
3097 1222 3151 1281 et
3204 1218 3470 1282 sublatis
3533 1218 3832 1283 humanis
3887 1220 4118 1285 studiis
4165 1240 4370 1285 omnes
4426 1221 4500 1285 in

2548 1303 2793 1370 Christo
2820 1324 2999 1385 pura
3031 1309 3086 1368 et
3129 1303 3334 1368 solida
3353 1303 3478 1383 fide
3512 1304 3651 1368 eius
3680 1325 3880 1368 unum
3918 1325 4147 1370 novum
4172 1306 4496 1384 hominem,

2543 1396 2599 1455 et
2652 1391 2723 1455 in
2774 1392 2882 1454 via
2934 1388 3065 1455 Dei
3105 1394 3429 1471 perpetuo.
3463 1389 3925 1469 adolescentem,
3990 1396 4049 1455 et
4109 1393 4194 1457 ad
4255 1412 4499 1456 mensu-

2543 1495 2686 1540 ram
2716 1476 2943 1558 plenae
2986 1474 3236 1539 adultae
3268 1475 3493 1539 aetatis
3528 1473 3765 1540 Christi
3803 1477 4302 1559 yrandescentem
4349 1482 4498 1555 [pag.

2552 1567 2697 1642 108]
2739 1561 3063 1644 efficerent.
3158 1559 3346 1625 Nihil
3389 1560 3893 1641 dissimulabant,
3939 1567 4050 1626 aut
4094 1563 4496 1628 simulabant.

2551 1648 2723 1728 Quae
2766 1647 3022 1730 ayebant
3063 1666 3258 1727 quum
3299 1648 3372 1711 in
3404 1647 3828 1712 communibus
3868 1647 4068 1727 rebus,
4111 1653 4244 1713 tum
4292 1651 4356 1712 in
4398 1669 4500 1713 sa-

2542 1733 2672 1799 cris
2686 1783 2701 1814 ,
2745 1753 2885 1798 vero
2930 1733 3133 1810 corde,
3180 1737 3235 1796 et
3276 1736 3431 1797 recto
3474 1732 3681 1797 studio
3714 1732 4113 1816 ylorificandi
4162 1734 4496 1812 Christum,

2545 1823 2601 1882 et
2657 1817 3094 1900 lucrifaciendi
3133 1817 3369 1900 fratres
3385 1869 3400 1895 ,
3458 1818 3735 1900 ayebant.
3830 1818 4140 1884 Tacebant
4190 1820 4499 1901 quaedam

489 1927 641 1972 num
686 1905 909 1970 audire
952 1911 1006 1972 et
1047 1907 1274 1970 sentire
1315 1910 1559 1988 queant,
1602 1911 1658 1970 et
1700 1904 1787 1970 ad
1831 1906 2269 1969 incrementum
2300 1900 2438 1981 pie-
2489 1937 2493 1978 2
2545 1905 2615 1969 in
2659 1906 2815 1983 loce,
2872 1902 2981 1968 sed
3036 1908 3103 1968 ut
3155 1924 3228 1967 ea
3286 1904 3667 1969 commodius
3725 1908 3778 1967 et
3833 1903 4148 1985 efficacius
4207 1907 4498 1984 decerent,
4534 1917 4541 1922 '

490 1994 639 2058 tatis
693 1991 825 2057 illis
877 1993 986 2057 uti.
1078 1991 1180 2056 Ita
1225 1992 1481 2069 scilicet,
1538 1993 1728 2056 etiam
1760 1995 1910 2071 post
1956 1988 2195 2055 Christi
2235 2005 2440 2051 necem
2489 1985 2495 2068 1
2544 1990 2777 2073 quibus
2843 1989 3090 2054 animos
3155 1994 3211 2053 et
3263 1989 3348 2054 ad
3415 2009 3490 2052 ea
3551 1989 3958 2070 percipienda
4016 1997 4499 2072 praepararent,

490 2079 592 2144 usi
647 2081 793 2141 sunt
843 2077 1244 2143 caeremoniis
1301 2081 1449 2155 [pag.
1495 2082 1640 2155 106]
1695 2074 2259 2157 hierosolymitanis
2275 2121 2290 2150 ‚
2347 2071 2439 2134 vi-
2490 2073 2495 2104 *
2545 2097 2706 2159 quae
2759 2075 2961 2141 adhuc
3010 2075 3417 2140 continebant.-
3457 2079 3796 2155 propterea
3845 2076 4009 2156 quod
4063 2078 4307 2141 tradere
4361 2097 4501 2141 cum

488 2163 666 2228 tiatis
702 2164 1089 2245 yravissima
1133 2163 1462 2243 impietate,
1508 2168 1562 2225 et
1595 2161 2180 2227 administrantium
2218 2178 2341 2234 eas,
2387 2160 2442 2219 et

488 2249 964 2331 usurpantium.-
1017 2253 1150 2312 tum
1215 2249 1405 2312 ctiam
1457 2248 1972 2314 contaminatione
2025 2244 2442 2309 inventionum

2542 2163 2757 2244 fructu
2797 2160 3067 2224 nondum
3098 2165 3405 2240 poterant.
3488 2158 3825 2224 Utebantur
3868 2163 4270 2226 caeremoniis
4312 2164 4500 2227 inter—

2546 2249 2699 2313 dum
2719 2246 3014 2324 iudanis,
3051 2248 3162 2312 sed
3183 2251 3249 2309 ut
3271 2247 3349 2311 ab
3371 2246 3505 2311 illis
3538 2250 3886 2309 revocarent
3907 2246 4017 2326 qui
4048 2248 4139 2309 eis
4168 2248 4501 2312 utebantur

490 2335 932 2432 humanarum.
1029 2334 1236 2414 Quum
1291 2339 1495 2397 autem
1546 2335 1751 2398 simus
1809 2334 1895 2398 ad
1947 2333 2055 2396 hoc
2114 2329 2341 2426 conditi
2389 2330 2444 2391 et
2492 2365 2497 2440 ἰ
2546 2333 2987 2414 superstitiose.
3052 2331 3174 2431 ‘In‘
3221 2333 3497 2432 confesso·
3546 2350 3708 2429 nunc
3761 2337 3851 2395 est
3904 2332 4076 2430 apud
4132 2352 4340 2396 omnes
4380 2333 4502 2430 rite

490 2421 790 2500 redempti
804 2471 818 2497 ‚
863 2424 932 2483 ut
966 2418 1176 2484 Deum
1220 2423 1278 2483 et
1307 2424 1564 2498 patrem
1604 2424 1903 2496 nostrum,
1941 2439 2061 2498 per
2094 2416 2445 2483 Dominum
2493 2449 2498 2508 ς
2547 2421 2764 2498 doctos,
2794 2419 2983 2500 fidem
3014 2418 3258 2483 Christi
3296 2439 3367 2484 in
3409 2436 3627 2482 missis
3668 2435 3799 2481 esse
3828 2419 4230 2499 manifestam
4265 2415 4503 2482 Christi

491 2509 771 2571 nostrum
815 2503 1030 2569 Iesum
1068 2502 1387 2569 Christum
1429 2505 1654 2585 ubique
1686 2511 1740 2569 et
1782 2506 1854 2569 in
1897 2503 2181 2569 omnibus
2212 2497 2447 2565 nostris

2494 2553 2499 2570 .
2547 2506 2960 2590 neyationem:
3004 2524 3127 2570 non
3157 2505 3359 2569 solum
3387 2507 3651 2584 propter
3683 2501 4002 2585 mdyatam
4025 2503 4507 2584 persuasionem

493 2591 858 2669 invocemus,
902 2589 1302 2670 confiteamur
1345 2596 1398 2655 et
1441 2591 1804 2656 celebremus
1837 2609 2086 2655 summa
2129 2586 2443 2683 religione,
2494 2577 2499 2664 ἱ
2550 2590 2870 2671 sacrificii,
2916 2590 3079 2669 quod
3102 2591 3313 2673 prosit
3351 2611 3474 2672 per
3515 2611 3580 2653 se
3617 2588 4214 2656 communicant-ibus
4257 2607 4397 2652 cum
4418 2609 4505 2665 e0,

497 2675 806 2754 libertate,
867 2674 1134 2756 fiducia,
1213 2697 1321 2741 nec
1381 2677 1580 2742 ullam
1653 2677 2009 2740 omittamus
2073 2690 2446 2738 occasionem
2496 2703 2501 2728 ι

484 2761 903 2845 praedicandi
931 2762 1111 2845 reyni
1144 2761 1298 2839 eiuS,
1337 2762 1801 2843 adducendique
1823 2762 1970 2841 ipsi,
2007 2765 2060 2825 et
2084 2758 2168 2824 ad
2202 2774 2446 2840 yreqem

495 2848 659 2925 eius,
718 2867 856 2911 oves
908 2866 1306 2928 quaecunque
1364 2847 1443 2913 ab
1487 2848 1638 2912 ovili
1696 2848 1834 2912 eius
1878 2845 2082 2912 adhuc
2138 2844 2445 2918 aberrant,

495 2952 731 2997 necesse
782 2937 896 3011 est,
965 2937 1037 2996 ut
1106 2952 1313 2998 omnes
1369 2932 1718 2999 Christiani
1786 2932 1896 2998 hoc
1947 2952 2186 2996 summo
2241 2927 2449 2994 studio

497 3024 708 3082 curent
749 3023 804 3082 et
842 3018 1101 3099 faciant,
1151 3019 1217 3082 in
1259 3020 1463 3084 sacris
1506 3018 1769 3084 coetibus
1812 3024 1992 3100 atque
2026 3013 2447 3090 caeremoniis,

497 3102 606 3168 hoc
647 3109 751 3182 est,
793 3122 1000 3167 coram
1030 3104 1171 3183 ipso
1204 3102 1495 3183 Domino,
1538 3109 1593 3168 et
1628 3105 1698 3169 in
1740 3106 1888 3186 ipsa
1925 3102 2271 3179 invocandi,
2314 3118 2452 3165 con-

497 3187 746 3269 fitendi,
789 3187 1208 3268 praedicandi
1248 3188 1378 3255 Dei
1420 3195 1478 3254 et
1529 3190 1868 3255 servatoris
1906 3188 2298 3270 professione
2363 3187 2454 3247 at—

503 3294 619 3355 que
651 3273 1010 3355 qratiarum
1053 3273 1300 3338 actione.
1386 3274 1500 3339 Ad
1553 3273 1662 3338 hoc
1703 3276 1871 3339 enim
1925 3274 2137 3354 ipsum
2177 3269 2455 3336 conveni-

503 3363 610 3424 tur
649 3358 722 3423 in
777 3360 982 3423 saeris
1037 3358 1455 3424 conventibus:
1510 3364 1564 3423 et
1607 3360 1693 3424 ad
1731 3360 1841 3424 hoc
1882 3360 2093 3440 ipsum
2134 3357 2453 3422 institutae

502 3449 647 3510 sunt
712 3463 920 3510 omnes
985 3445 1430 3524 caeremoniae,
1506 3466 1667 3526 quae
1735 3446 2148 3509 instrumenta
2221 3439 2456 3506 scilicet

501 3535 676 3595 sunt:
716 3531 878 3596 sicut
910 3531 1424 3596 commendandae
1456 3536 1512 3595 et
1553 3531 1928 3597 exhibendae
1969 3531 2146 3595 nobis
2177 3528 2454 3608 redemp-

500 3616 691 3682 tionis
732 3620 917 3698 atque
957 3616 1405 3682 communionis
1459 3615 1712 3695 Christi,
1751 3617 1843 3682 ita
1886 3618 2073 3682 etiam
2105 3614 2453 3691 invocandi,

502 3702 828 3782 confitendi
883 3706 939 3766 et
995 3701 1339 3767 celebrandi
1402 3702 1655 3769 Christi.
1746 3700 1934 3769 Istud
1987 3724 2058 3767 en
2068 3704 2180 3767 im.-
2238 3700 2455 3766 Facite

502 3786 611 3852 hoc
643 3787 730 3852 ad
771 3808 972 3852 meam
1003 3789 1632 3855 commemorationem
1645 3838 1660 3867 ‚
1708 3791 1794 3855 ad
1827 3791 2038 3855 omnia
2067 3791 2455 3853 sacramenta

508 3868 742 3937 Christi
768 3873 1059 3953 pertinet.
1150 3872 1298 3938 Iam
1339 3876 1494 3957 quia
1537 3876 1662 3940 ista
1705 3876 2026 3956 invocati0,
2071 3874 2368 3956 confessio
2402 3877 2458 3938 et

503 3957 821 4022 celebratio
853 3957 1119 4023 Domini
1148 3959 1314 4025 debet
1342 3960 1489 4041 fieri
1523 3982 1599 4027 ex
1633 3966 1750 4026 toto
1782 3961 1978 4040 corde,
2014 3982 2092 4026 ex
2133 3965 2276 4038 [pag.
2307 3964 2451 4036 107]

506 4047 633 4109 tota
674 4044 895 4108 anima
948 4049 1004 4108 et
1044 4065 1121 4109 ex
1174 4048 1342 4110 omni
1384 4047 1594 4126 virili,
1651 4049 1747 4113 uti
1791 4046 2110 4112 Dominus
2152 4047 2326 4111 solus
2369 4051 2460 4110 est

507 4129 619 4212 qui
662 4128 949 4212 larqitur,
994 4135 1050 4194 et
1082 4130 1239 4211 facit
1275 4132 1450 4196 nobis
1490 4152 1666 4198 omne
1707 4135 1947 4210 bonum,
1992 4132 2201 4215 quivis
2243 4132 2313 4198 id
2352 4132 2456 4213 fa-

507 4215 621 4280 cile
661 4214 987 4298 cognoscit,
1047 4237 1182 4279 vere
1235 4217 1610 4283 credentium
1657 4218 1899 4285 Christo
1935 4239 2094 4297 esse,
2151 4218 2245 4282 ita
2288 4219 2458 4282 invo-

508 4320 678 4378 care,
736 4299 1011 4380 confiteri
1064 4305 1123 4365 et
1167 4302 1539 4382 praedicare
1586 4303 1906 4370 Christum
1959 4304 2334 4382 Dominum,
2391 4309 2461 4368 ut

509 4407 630 4451 non
672 4385 872 4451 solum
913 4405 989 4450 ea
1031 4407 1193 4468 quae
1234 4387 1442 4470 ipsius
1484 4396 1628 4455 sunt
1661 4411 2085 4474 aqnoscamus‚
2130 4389 2461 4456 laudemus

509 4478 565 4538 et
596 4470 950 4538 hominibus
991 4474 1493 4555 commendemus,
1534 4478 1644 4541 sed
1674 4478 1865 4542 etiam
1892 4496 2050 4557 quae
2081 4475 2462 4541 Antichristi

511 4564 654 4623 sunt
694 4558 991 4640 camere,
1049 4558 1606 4635 anathematizare,
1653 4566 1708 4625 et
1748 4562 2024 4627 homines
2067 4561 2144 4627 ab
2189 4560 2322 4626 illis
2364 4581 2461 4626 re-

510 4663 724 4708 vocare
765 4644 1144 4709 studeamus.
1237 4643 1345 4710 Sic
1385 4647 1723 4711 intererant
1750 4647 2014 4730 apostoli
2057 4647 2464 4712 caeremoniis

509 4727 776 4810 vulyatis
803 4728 1272 4813 Hierosolymis,
1314 4751 1474 4812 quae
1504 4738 1874 4812 supererant
1915 4753 1991 4797 ex
2023 4733 2331 4796 institutis
2369 4732 2465 4797 di-

2631 2678 2907 2741 aesentia
2950 2680 3191 2740 tantum
3233 2675 3574 2759 corporali,
3621 2679 3679 2739 et
3721 2675 4050 2757 laryitione
4062 2722 4077 2753 ‚
4123 2675 4260 2739 sine
4290 2673 4509 2755 poeni-

2551 2764 2745 2827 tentia
2787 2768 2843 2827 et
2884 2761 3005 2830 tide
3041 2761 3305 2827 Christi.-
3346 2763 3456 2828 sed
3499 2762 3688 2826 etia-m
3730 2760 3893 2841 quod
3931 2759 4221 2826 Christus
4261 2760 4352 2825 ibi
4384 2779 4508 2824 non

2538 2849 2968 2929 praedicatur,
3008 2853 3471 2913 sacramentum
3489 2866 3615 2928 pro
3645 2867 3713 2911 eo
3745 2844 4068 2924 adoratur,
4112 2850 4167 2910 et
4198 2844 4511 2927 quidquid

2548 2935 2622 2998 in
2664 2938 2882 3000 sancta
2925 2954 3109 2999 coena
3150 2933 3425 2999 instituit
3452 2933 3851 3014 pervertitur.

2726 3020 2973 3086 Eadem
3018 3020 3439 3085 admittuntur
3477 3019 3546 3083 in
3577 3018 3837 3101 pompis
3892 3025 3946 3084 et
3989 3017 4254 3084 cultibus
4295 3036 4508 3082 sacrae-

2553 3107 2954 3185 mentalibus,
3010 3110 3066 3169 et
3119 3105 3565 3186 reliquiarum,
3631 3105 3981 3186 irnayinum
4033 3109 4217 3185 atque
4273 3106 4509 3168 statua-

2555 3214 2717 3256 rum.
2807 3190 3144 3274 Fuyienda
3197 3191 3397 3275 iyitur
3449 3190 3597 3254 haec
3652 3193 3824 3266 sunt,
3882 3189 4215 3274 deteyenda
4258 3194 4313 3253 et
4355 3208 4510 3253 ana«-

2554 3277 3017 3343 thematieanda
3031 3325 3047 3354 ‚
3115 3280 3171 3340 et
3221 3276 3500 3341 homines
3555 3275 3633 3339 ab
3692 3274 3824 3339 illis
3876 3274 4206 3340 revocandi
4270 3293 4510 3338 summo

2555 3363 2778 3428 studio.
2872 3360 2992 3426 Cui
3046 3380 3188 3426 vero
3229 3360 3548 3427 Dominus
3600 3365 3843 3425 tantum
3896 3360 4131 3424 roboris
4173 3379 4298 3424 non
4336 3359 4510 3424 dede-

2557 3450 2676 3527 rit,
2728 3449 2791 3512 is
2833 3453 3035 3512 tamen
3079 3466 3157 3510 ne
3197 3447 3502 3528 desperet.-
3553 3446 3663 3511 sed
3715 3465 3825 3511 nec
3877 3465 4131 3510 securus
4180 3445 4251 3509 in
4301 3464 4367 3509 eo
4405 3444 4507 3521 sit,

2556 3553 2860 3614 suamque
2915 3538 3062 3612 [pag.
3120 3537 3266 3612 109]
3320 3532 3777 3615 ἱηβνοπίίαίεηι,
3846 3551 3923 3597 ne
3968 3531 4349 3612 prudentiae
4399 3532 4510 3594 aut

2557 3619 3050 3699 dispensationis
3087 3618 3278 3686 colore
3310 3623 3555 3685 conetur
3588 3619 3889 3700 infucare.
3962 3615 4262 3681 Naaman
4306 3613 4513 3698 Syrus

2557 3705 2808 3786 quidem
2848 3706 3138 3770 adoravit
3180 3707 3250 3769 in
3291 3706 3515 3786 templo
3561 3703 3822 3782 Himera,
3876 3703 3984 3768 sed
4025 3701 4234 3768 Deum
4276 3720 4509 3777 verum,

2557 3792 2721 3873 quod
2761 3791 3017 3856 indubie
3055 3812 3179 3856 non
3220 3793 3432 3856 minus
3473 3789 3679 3855 verbis
3721 3810 3913 3872 quam
3955 3786 4309 3867 sacrificiis,
4354 3805 4516 3868 quae

2558 3877 2693 3942 iam
2734 3877 2854 3942 soli
2897 3876 3175 3943 Domino
3223 3877 3522 3959 faciebat,
3579 3878 3895 3958 confessus
3937 3878 4040 3939 est.
4128 3872 4342 3937 Deum
4380 3871 4516 3953 fra-

2561 3969 2685 4029 tres
2724 3962 3109 4046 infirmiores
3152 3982 3394 4044 semper
3437 3968 3609 4028 orent
3640 3982 3762 4045 per
3798 3959 4115 4027 Christum
4147 3958 4514 4035 Dominum,

2559 4053 2631 4113 ut
2672 4050 2808 4130 ipse
2858 4047 3189 4130 confitendi
3231 4049 3770 4132 praedicandique
3822 4048 3927 4112 sui
3970 4046 4257 4110 animum
4296 4043 4519 4125 fortem

2561 4136 2847 4216 inspiret,
2890 4135 3178 4217 viamque
3221 4140 3277 4200 et
3309 4136 3618 4200 rationem
3652 4135 3941 4199 idoneam
3976 4133 4282 4212 monstret.
4357 4126 4518 4192 For-

2528 4221 2650 4286 'tes
2692 4220 3074 4301 infirmiores
3126 4222 3361 4303 spiritu
3424 4225 3744 4285 mansueto
3786 4220 4167 4293 instaurent,
4223 4219 4278 4279 et
4320 4233 4517 4280 corro-

2564 4307 2770 4371 borent
2786 4357 2801 4386 ,
2867 4326 2990 4372 non
3044 4305 3347 4372 abiiciant
3398 4311 3513 4370 aut
3563 4307 3881 4387 franyant.
3974 4301 4051 4366 Si
4104 4321 4284 4382 quem
4336 4298 4518 4363 Deus

2563 4392 2650 4457 ad
2690 4392 3092 4457 asserendum
3130 4412 3391 4475 reynum
3421 4411 3624 4469 suum,
3668 4390 3800 4454 sive
3829 4390 3899 4452 in
3939 4406 4120 4452 sacro
4151 4384 4518 4463 ministeria

2564 4477 2695 4543 sive
2737 4477 2804 4541 in
2840 4477 3105 4559 privata
3138 4478 3295 4557 vita,
3341 4477 3645 4558 ampliore
3687 4474 4144 4556 dispensatione
4186 4490 4377 4552 quam
4418 4469 4521 4534 hic

2565 4563 2876 4644 descripta
2932 4567 3047 4644 est,
3098 4564 3433 4641 vocaverit,
3491 4561 3653 4626 hunc
3703 4565 3866 4643 reqet
3906 4560 4043 4641 ipse
4096 4558 4331 4638 spiritu
4373 4575 4519 4620 suo:

2565 4648 2670 4713 cui
2698 4667 3044 4730 precamur
3062 4698 3076 4727 ,
3132 4653 3203 4713 ut
3244 4649 3496 4714 ductum
3537 4646 3806 4728 spiritus
3848 4644 4048 4710 sancti
4079 4664 4248 4725 pure
4291 4647 4347 4707 et
4383 4640 4523 4724 feli·

2564 4734 2714 4798 citer
2769 4738 3086 4815 sequatur.
3174 4733 3492 4799 Dominus
3547 4731 3732 4797 Iesus
3796 4733 4108 4814 conqreqet
4174 4730 4310 4811 ipse
4383 4746 4522 4792 oves

513 4812 781 4890 vinitas,
845 4835 951 4880 eas
1013 4816 1101 4881 ad
1172 4815 1492 4883 Christum
1545 4818 1893 4883 Dominum
1938 4817 2310 4899 referebant,
2366 4838 2466 4882 ve-
2510 4855 2515 4932 Ι
2563 4839 2719 4885 suas
2758 4823 2814 4885 et
2846 4824 3087 4902 pascat,
3130 4818 3356 4885 Amen.

514 4916 776 4995 rumque
828 4919 1012 4964 usum
1066 4922 1285 4967 earum
1339 4903 1627 4969 docebant
1641 4928 1663 4985 ,·
1728 4925 1891 4986 quae
1947 4903 2230 4968 admixta
2283 4906 2465 4968 erant
2512 4939 2515 4956 =

513 4984 894 5061 humanitus,
938 5005 1013 5049 ea
1035 4989 1375 5066 prodebant
1416 4995 1475 5055 et
1511 4990 1910 5056 damnabant.
1978 4988 2326 5055 Dominum
2363 4987 2464 5052 Ie-
2510 4977 2517 5060 ἰ

513 5090 656 5137 sum
705 5067 895 5149 linem
933 5069 1114 5167 igqis,
1169 5079 1226 5136 et
1274 5077 1553 5141 omnium
1606 5077 1733 5161 leye
1784 5076 2180 5153 traditorum,
2221 5093 2462 5140 summo
2510 5071 2516 5150 ἐ

515 5155 724 5220 studio
731 5154 1202 5236 praedicabant,
1225 5164 1282 5223 et
1303 5162 1372 5226 in
1413 5161 1649 5245 templa,
1693 5161 1839 5227 etin
1882 5161 2239 5229 omnicoetu
2267 5159 2463 5224 homi-
2510 5161 2516 5240 Ι

2828 4943 2888 5002 8.
2926 4937 3101 5003 Maii
3148 4943 3348 5002 1545.

3586 5073 3913 5140 Martinus
3956 5070 4265 5136 Bucerus.

725 5323 949 5379 Caluini
972 5341 1156 5392 opera.
1237 5329 1348 5384 Vol.
1391 5333 1483 5387 Vl.
4046 5345 4118 5395 40
