4967 5992
346 384 468 446 509

344 568 505 635 alias
568 588 800 635 causas
865 570 1340 655 imaginamur,
1419 592 1540 638 cur
1605 572 1702 636 ita
1765 592 1888 639 nos
1958 571 2145 636 Deus
2209 572 2306 636 af-

342 655 548 739 fligat.
616 655 893 736 Verum,
939 657 996 721 si
1040 658 1404 740 cogitamus
1450 678 1652 741 quam
1693 656 1841 723 leve
1883 657 2083 722 fuerit
2124 678 2306 722 erra-

343 748 487 805 tum
520 740 689 805 illud
722 762 852 824 quo
885 741 1291 807 vitiaverant
1337 762 1592 810 sacram
1629 763 1899 809 coenam
1934 742 2301 809 Corinthii:

343 833 582 909 praeut
636 834 793 891 sunt
842 832 945 892 tot
997 828 1505 911 inquinamenta
1519 881 1535 908 ,
1593 830 1829 913 quibus
1883 827 2077 893 hodic
2132 829 2307 895 inter

342 932 463 977 nos
496 912 759 977 foedata
798 912 1180 997 pollutaque
1222 921 1339 995 est,
1386 915 1648 994 mirum,
1694 915 1826 980 nisi
1865 912 2303 999 agnoscimus,

343 995 594 1076 Deum,
649 998 761 1081 qui
817 1006 953 1063 tam
1009 1019 1238 1066 severe
1283 1002 1369 1085 ,10
1418 1000 1569 1067 11103
1620 1000 2016 1078 vindicavit,
2070 1000 2305 1065 merito

343 1082 534 1148 nobis
574 1104 719 1149 esse
761 1084 973 1168 magis
1014 1084 1281 1151 iratum.

513 1169 885 1253 Regiminis
941 1170 1362 1237 ecclesiastici
1416 1170 1788 1254 corruptela
1854 1191 2048 1254 quam
2115 1171 2305 1254 flagi-

343 1254 512 1319 tiosa
551 1255 770 1333 fuerit,
816 1256 873 1320 si
910 1256 1115 1322 velim
1151 1259 1477 1340 persequi,
1520 1257 1851 1323 infinitam
1897 1255 2160 1342 sylvam
2200 1256 2305 1321 iu-

344 1338 622 1425 grediar.
710 1342 817 1406 De
860 1342 998 1409 vita
1040 1343 1485 1421 sacerdotum,
1543 1353 1811 1426 propter
1853 1342 2098 1407 multas
2152 1363 2306 1408 cau-

345 1428 508 1504 sas,'
539 1426 648 1491 hic
705 1425 920 1493 dicere
974 1427 1387 1511 supersedeo.
1474 1430 1663 1495 Haec
1720 1430 1850 1495 tria
1903 1429 2067 1495 vitia
2108 1448 2307 1511 quam

342 1532 478 1577 non
518 1511 793 1577 ferenda
839 1514 1000 1592 sint,
1046 1514 1421 1598 expendere
1464 1536 1585 1598 pro
1626 1536 1697 1580 se
1739 1515 2019 1598 quisque
2063 1521 2305 1597 potest:

392 1596 545 1673 uod,
583 1596 837 1663 sublato
871 1600 1086 1665 iustae
1120 1601 1478 1666 vocationis
1513 1600 1764 1680 ordine,
1806 1601 2056 1684 passim
2093 1620 2308 1666 sacer-

389 1682 526 1748 otia
567 1690 685 1748 aut
719 1703 841 1766 per
882 1685 1050 1764 vim,
1093 1692 1209 1751 aut
1252 1687 1620 1764 simoniam,
1667 1694 1783 1753 aut
1822 1707 1946 1770 per
1984 1684 2310 1766 fraudem,

346 1774 480 1833 aut·
505 1789 626 1853 per
678 1769 843 1834 alias
866 1770 917 1855 ¹)
972 1770 1306 1855 improbas
1350 1780 1418 1839 et
1472 1773 1825 1840 sceleratas
1884 1779 2062 1837 artes
2120 1792 2308 1838 00011-

339 1861 623 1936 pantur:
667 1853 843 1937 quod
885 1855 998 1939 qui
1042 1864 1375 1941 praesunt,
1420 1859 1654 1924 inanes
1696 1859 1917 1944 potius
1961 1864 2119 1923 sunt
2162 1877 2307 1922 um-

347 1939 536 2019 brae,
592 1948 913 2022 quautum
964 1940 1050 2007 ad
1092 1965 1337 2010 munus
1381 1946 1575 2011 suum
1620 1943 2111 2028 exsequendum
2156 1963 2306 2026 per-

344 2025 540 2103 tinet,
608 2025 718 2092 vel
775 2034 1040 2093 mortua
1098 2029 1479 2111 simulacra,
1533 2052 1733 2114 quam
1792 2031 1937 2099 veri
1987 2028 2304 2095 ministri:

343 2110 614 2176 tandem
659 2112 850 2195 quod,
895 2135 1100 2196 quum
1143 2115 1347 2181 verbo
1383 2117 1513 2182 Dei
1557 2116 1926 2201 gubernare
1970 2115 2306 2181 conscien-

343 2197 470 2261 tias
524 2194 830 2278 debeant,
890 2199 1142 2265 iniusta
1197 2222 1310 2267 eas
1365 2201 1721 2286 tyrannide
1772 2200 2185 2284 opprimunt,
2239 2208 2308 2266 et

343 2281 572 2349 multis
625 2284 981 2366 impiarum
1019 2285 1247 2370 legum
1292 2287 1576 2353 vinculis
1636 2292 1783 2368 [pag.
1824 2291 1935 2366 97]
1992 2287 2306 2353 constric-

343 2375 447 2433 tas
489 2375 739 2434 tenent.
829 2370 1054 2448 Itane,
1098 2378 1177 2436 ut
1218 2392 1353 2437 non
1393 2372 1587 2439 modo
1631 2374 1868 2457 spretis
1901 2371 2032 2438 Dei
2078 2380 2145 2438 et
2187 2373 2306 2438 ho·

342 2454 599 2519 minum
633 2454 908 2538 legibus,
954 2456 1069 2522 sed
1109 2459 1401 2540 proiecta
1443 2460 1623 2525 omni
1658 2458 2072 2537 verecundia,
2116 2458 2308 2525 foeda

343 2540 639 2605 confusio
712 2542 786 2605 in
862 2543 1324 2625 promovendis
1388 2545 1707 2629 episeopis
1771 2552 1841 2610 et
1904 2546 2306 2630 presbyteris

339 2633 597 2709 regnet,
638 2626 840 2691 libido
881 2649 1004 2712 pro
1035 2628 1181 2694 iure
1223 2630 1461 2711 valeat,
1505 2653 1656 2697 raro
1693 2631 1863 2696 absit
1897 2631 2191 2709 simonia,
2238 2638 2307 2695 et

341 2717 662 2793 tanquam
701 2711 877 2779 levia
920 2720 1145 2780 essent
1188 2715 1351 2782 haec
1391 2716 1593 2796 mala,
1653 2716 1969 2784 correctio
2012 2717 2084 2781 in
2127 2717 2304 2782 futu-

339 2815 494 2860 rum
551 2797 884 2863 saeculum
935 2798 1320 2866 differatur?
1409 2803 1589 2882 Iam,
1646 2803 1762 2869 ubi
1807 2804 1977 2869 iacet
2027 2801 2307 2868 docendi

341 2900 533 2961 cura,
590 2904 758 2966 quae
800 2892 1009 2950 restat
1050 2885 1336 2970 amplius
1379 2888 1735 2955 ministerii
1778 2887 2069 2972 species?
2157 2889 2306 2953 Iam

337 2987 460 3051 pro
490 2969 819 3051 spirituali
860 2973 1409 3039 conscientiarum
1439 2974 1763 3055 libertate,
1811 2974 2111 3041 videmus
2146 2982 2309 3058 quot

338 3056 702 3120 0011810108
743 3056 995 3123 Ρ8111113
1039 3061 1430 3142 susceperit,
1473 3070 1847 3145 quantaque
1886 3062 2307 3127 contentione

339 3159 422 3204 ea
466 3142 774 3225 exagitet.
845 3144 958 3222 At,
1003 3145 1119 3226 qui
1163 3145 1538 3211 adhibuerit
1579 3150 1647 3212 in
1692 3146 2040 3212 iudicando
2085 3148 2306 3229 aequi-

339 3230 579 3305 tatem,
636 3226 967 3312 intelliget
1017 3232 1311 3310 profecto
1354 3232 1550 3315 longe
1602 3253 1782 3299 nunc
1836 3233 2143 3297 iustiores
2186 3254 2306 3297 nos

341 3310 589 3376 habere
646 3312 1085 3378 contendendi
1138 3337 1389 3382 causas.
1479 3317 1565 3381 In
1627 3326 1816 3382 tanta
1876 3339 2033 3401 ergo
2099 3318 2303 3382 totius

337 3396 502 3497 piae
536 3396 872 3463 doctrinae
913 3396 1377 3492 depravatione
1394 3454 1409 3481 ,
1470 3403 1542 3466 in
1596 3410 1733 3467 tam
1791 3404 2041 3469 nefaria
2091 3402 2303 3485 pollu-

335 3492 523 3548 tione
577 3492 1174 3566 sacramentorum,
1245 3488 1314 3552 in
1385 3495 1523 3553 1810
1590 3488 1925 3571 deplorata
1993 3488 2303 3554 ecclesiae

337 3566 743 3647 calamitate,
818 3571 932 3653 qui
1004 3591 1128 3636 nos
1191 3581 1329 3638 tam
1405 3573 1837 3640 vehementer
1909 3575 2304 3640 commoveri

337 3655 708 3736 oportuisse
750 3664 1031 3740 negant,
1087 3659 1167 3725 iis
1224 3681 1357 3725 non
1401 3660 1596 3725 aliter
1651 3661 1987 3743 potuimus
2045 3661 2302 3726 satisfa-

336 3759 521 3818 cere,
565 3740 697 3806 nisi
741 3750 816 3807 ut
857 3743 988 3808 Dei
1031 3744 1313 3825 cultum,
1360 3744 1617 3813 Christi
1657 3746 1966 3831 gloriam,
2021 3746 2301 3812 salutem

335 3824 719 3907 hominum,
778 3836 983 3895 101810
1028 3852 1369 3898 3801011110
1413 3841 1481 3897 01
1523 3831 1835 3899 000103180
1879 3831 2301 3898 administra-

332 3911 586 3975 tionem
661 3914 915 3995 perfida
983 3917 1303 3999 patientia
1377 3918 1823 4001 proderemus.
1914 3916 2300 4001 Speciosam

334 4004 443 4062 est
474 3995 939 4098 moderationis
973 4023 1231 4084 nomen,
1266 4004 1548 4090 pulchra
1584 4013 1652 4070 et
1681 4003 2032 4071 laudabilis
2064 4004 2300 4084 virtus,

333 4087 722 4152 tolerantia:
788 4088 903 4154 sed
947 4090 1233 4155 tenenda
1289 4098 1391 4157 est
1433 4091 1690 4176 regula:
1734 4112 1943 4174 usque
1990 4091 2075 4156 ad
2120 4112 2297 4156 aras:

331 4172 464 4238 hoc
530 4181 660 4254 est,
724 4197 807 4242 ne
872 4197 1134 4242 sacrum
1188 4178 1317 4243 Dei
1372 4198 1615 4243 nomen
1680 4177 2022 4261 proscindi
2081 4178 2172 4241 im
2221 4177 2301 4242 iis

331 4257 793 4343 blasphemiis,
851 4270 1189 4328 aeternam
1233 4265 1376 4330 01113
1420 4263 1767 4329 veritatem
1811 4263 2117 4329 suffocari
2210 4263 2301 4326 'a-

333 4344 474 4409 boli
538 4347 925 4428 mendaciis,
994 4349 1339 4416 Christum
1391 4350 1696 4433 conspui,
1761 4350 2093 4433 inquinari
2159 4349 2301 4413 eius

331 4436 674 4518 mysteria,
721 4434 1077 4501 crudeliter
1112 4437 1390 4501 interfici
1435 4437 1710 4501 miseras
1753 4436 2035 4516 animas,
2094 4434 2298 4501 eccle-

333 4520 505 4585 siam
541 4519 875 4586 lethaliter
919 4522 1280 4588 sauciatam
1325 4542 1474 4587 cum
1516 4521 1752 4586 ultimo
1795 4523 1995 4587 exitio
2038 4521 2296 4598 luctari,

330 4606 672 4690 patienter
714 4608 1022 4673 feramus.
1104 4608 1257 4674 Non
1313 4609 1489 4674 enim
1545 4607 1710 4672 haec
1766 4619 1939 4673 esset
1993 4628 2297 4672 mansue-

331 4690 519 4768 tudo,
565 4692 681 4758 sed
724 4714 955 4759 earum
998 4715 1226 4760 rerum
1267 4695 1539 4773 incuria,
1582 4693 1820 4777 quibus
1858 4693 2079 4758 omnia
2119 4700 2299 4776 post-

329 4777 575 4844 haberi
616 4787 886 4863 oportet.

512 4863 888 4945 Hactenus,
945 4864 1119 4950 quod
1172 4885 1667 4950 ρ1οΡ031101810,
1724 4865 1885 4930 38113
1937 4861 2300 4929 ostendisse

331 4955 491 5030 [pag.
530 4953 639 5028 98]
689 4972 795 5017 100
854 4952 1134 5018 confido:
1202 4972 1325 5018 nos
1380 4951 1455 5016 in
1520 4949 1924 5036 corrigendis
1990 4949 2301 5015 000Ιο3180

479 5240 543 5307 1)
585 5240 680 5296 Sic
720 5243 885 5297 etiam
926 5236 1120 5299 Genus
1154 5250 1204 5297 et
1243 5243 1526 5299 Gallaaae'us
1576 5244 1676 5314 qui
1717 5248 1901 5298 tamen
1942 5242 2161 5297 scribit.-
2208 5247 2304 5297 aut

330 5326 445 5380 per
480 5310 778 5367 simoniam.
849 5310 1002 5367 Besa
1019 5318 1070 5368 et
1084 5314 1407 5367 recentiores
1430 5314 1756 5368 omiserunt:
1791 5319 1887 5367 aut
1908 5327 2011 5381 per
2038 5309 2301 5365 fraudem.

1703 378 2429 448 REFORMANDAE
2471 380 3018 448 ECCLESIAE.

4249 389 4376 450 510

2409 571 2591 639 vitiis
2644 592 3055 655 nequaquam
3113 572 3318 637 fuisse
3382 569 3944 650 vehementiores,
4006 590 4205 654 quam
4268 594 4376 640 res

2410 658 2558 740 ipsa
2600 656 2958 742 flagitabat.
3048 658 3280 741 Neque
3323 656 3390 722 id
3434 664 3696 722 nostros
3731 656 4240 738 reprehensores
4273 658 4377 724 fu-

2411 744 2527 827 git.
2618 742 2854 826 ltaque
2910 743 2993 808 ad
3052 743 3328 808 alteram
3384 741 3913 807 criminationem
3969 743 4374 827 confugiunt.

2410 828 2597 894 Nihil
2641 829 2821 894 aliud
2862 850 2985 895 nos
3030 826 3497 894 tumultuando
3540 827 3923 910 profecisse,
3979 829 4111 894 nisi
4153 836 4232 893 ut
4272 829 4375 894 in-

2411 914 2671 979 testinis
2717 912 3058 981 discordiis
3093 916 3379 981 ferveret
3413 913 3591 979 orbis
3627 912 4044 1001 christianus,
4089 914 4205 997 qui
4247 916 4376 981 sal-

2409 1005 2545 1064 tem
2601 1007 2753 1064 ante
2810 1008 3081 1083 pacatus
3126 1009 3286 1066 erat.
3375 997 3563 1066 Adeo
3620 1001 3798 1064 enim
3852 999 4022 1064 nihil
4066 1000 4377 1066 emenda-

2409 1082 2610 1150 tionis
2650 1104 2983 1169 apparere,
3028 1094 3105 1152 ut
3145 1086 3452 1170 prolapsa
3493 1086 3567 1149 in
3611 1084 3898 1150 deterius
3943 1085 4080 1150 sint
4124 1086 4375 1151 omnia:

2409 1192 2495 1235 ex
2536 1170 2637 1249 iis,
2675 1171 2787 1253 qui
2832 1170 3197 1237 doctrinam
3239 1179 3538 1236 nostram
3581 1178 3738 1236 sunt
3781 1170 4087 1255 amplexi,
4132 1191 4377 1254 paucos

2410 1255 2565 1322 inde
2617 1256 2825 1322 factos
2881 1277 3023 1323 esse
3078 1257 3411 1322 meliores:
3478 1257 3637 1339 quin
3696 1256 3899 1322 etiam
3962 1256 4373 1340 quibusdam,

2413 1342 2470 1407 si
2513 1363 2649 1407 non
2690 1342 2988 1420 maioris,
3047 1350 3117 1407 at
3170 1342 3606 1408 dissolutioris
3661 1344 3991 1425 nequitiae
4035 1341 4377 1409 audaciam

2411 1428 2811 1511 praebuisse.
2902 1425 3244 1493 Obiiciunt
3320 1436 3690 1510 praeterea:
3770 1428 4019 1493 nullam
4096 1449 4239 1495 esse
4305 1430 4377 1493 in

2413 1513 2704 1579 ecclesiis
2746 1514 2997 1579 nostris
3042 1512 3454 1597 disciplinam
3472 1564 3488 1591 ,
3542 1512 3760 1579 nullas
3803 1512 4242 1579 abstinentiae
4282 1514 4377 1581 le-

2413 1620 2550 1682 ges,
2595 1597 2779 1663 nulla
2824 1597 3224 1664 humilitatis
3268 1599 3609 1664 exercitia:
3655 1598 3933 1683 plebem,
3979 1620 4148 1683 quae
4191 1599 4377 1666 nullo

2409 1685 2563 1768 iugo
2598 1685 2982 1763 retineatur,
3015 1684 3283 1750 lieentia
3316 1686 3589 1768 impune
3622 1685 3945 1751 lascivire.
4013 1686 4375 1765 Postrem0,

2408 1769 2730 1836 invidiam
2785 1769 2975 1835 nobis
3031 1769 3111 1837 de
3155 1770 3476 1836 bonorum
3529 1770 4116 1836 ecclesiasticorum
4159 1771 4376 1855 direp-

2412 1856 2592 1921 tione
2642 1856 2914 1922 faeiunt.
3003 1856 3349 1939 Principes
3407 1856 3585 1922 enim
3642 1864 3906 1922 nostros
3957 1857 4028 1920 in
4076 1878 4185 1936 ea,
4242 1878 4377 1923 non

2412 1962 2602 2008 secus
2637 1948 2833 2024 atque
2864 1943 2936 2006 in
2969 1941 3274 2007 hostilem
3311 1941 3646 2024 praedam,
3689 1941 4050 2007 involasse:
4094 1941 4193 2007 ita
4227 1963 4376 2025 spo-

2411 2026 2660 2105 liatam,
2706 2026 2983 2111 indigua
3014 2026 3345 2105 violentia,
3384 2027 3727 2093 eeclesiam
3762 2027 3994 2093 fuisse:
4033 2027 4375 2111 hodieque,

2411 2114 2686 2179 confuso
2736 2111 3118 2178 discrimine
3172 2112 3493 2196 possideri
3548 2112 3631 2178 ab
3686 2113 3769 2178 iis
3813 2112 4125 2178 ccclesiae
4171 2115 4377 2197 patri-

2410 2199 2710 2264 monium
2724 2250 2739 2277 ,
2809 2199 2925 2280 qui
2979 2199 3050 2263 in
3103 2197 3321 2265 medio
3380 2199 3879 2264 contentionum
3942 2199 4227 2281 strepitu
4279 2220 4375 2280 ea,

2412 2284 2556 2351 sine
2598 2285 2760 2362 iure,
2807 2285 2947 2349 sine
2989 2284 3268 2350 honesto
3312 2283 3450 2349 ullo
3493 2283 3707 2359 titulo,
3752 2284 4232 2365 occupaverint.

2585 2369 2915 2453 Equidem
2958 2391 3091 2435 non
3136 2390 3337 2454 nego,
3393 2391 3600 2453 quum
3646 2367 3889 2451 absque
3931 2369 4378 2436 controversia

2411 2464 2727 2540 regnaret
2767 2455 3106 2539 impietas,
3169 2456 3506 2521 turbatum
3560 2455 3702 2521 eius
3744 2475 4026 2538 regnum
4079 2475 4199 2537 per
4253 2476 4375 2521 nos
4426 2456 4434 2467 ’

2411 2542 2630 2608 fuisse.
2722 2541 2915 2623 Quod
2961 2543 3017 2608 si
3052 2562 3251 2607 sanae
3289 2542 3571 2625 piaeque
3607 2539 3960 2618 doctrinae,
4007 2541 4230 2604 statim
4275 2549 4373 2605 at-

2411 2648 2539 2711 que
2581 2627 2833 2693 mundo
2873 2626 3131 2706 illuxit,
3185 2635 3417 2711 sponte
3457 2647 3685 2692 omnes
3739 2626 4186 2709 promptisque
4230 2627 4374 2692 ani-

2409 2713 2568 2793 mis,
2625 2714 2821 2779 sicuti
2865 2733 2985 2796 par
3027 2720 3194 2793 erat,
3251 2732 3526 2779 manum
3568 2710 3930 2790 dedissent,
3975 2731 4112 2776 non
4153 2713 4375 2778 minus

2409 2798 2606 2864 hodie
2649 2799 3011 2883 tranquilla
3051 2820 3184 2882 pax
3230 2806 3298 2864 et
3339 2800 3525 2882 quies
3569 2805 3744 2864 esset
3783 2798 3959 2863 inter
3999 2817 4226 2862 omnes
4269 2817 4374 2863 00-

2411 2885 2672 2963 0103183,
2729 2887 3008 2950 florente
3062 2884 3316 2952 Christi
3370 2905 3607 2970 regne,
3662 2903 3861 2967 quam
3921 2892 4112 2960 tunc,
4172 2884 4373 2948 Anti-

2410 2971 2657 3037 christo
2730 2970 3158 3055 tyrannidem
3227 2975 3377 3050 [pag.
3429 2975 3538 3050 99]
3606 2968 3958 3035 obtinente.
4047 2969 4377 3035 Desinant

2411 3078 2599 3141 erge,
2656 3076 2822 3140 quos
2866 3057 3164 3122 veritatis
3210 3077 3476 3123 cursum
3518 3055 3840 3139 impedire
3885 3061 4169 3132 constat,
4223 3074 4375 3121 cum

2410 3140 2680 3209 Christo
2734 3142 2980 3208 bellum
3038 3163 3298 3227 gerere,
3359 3149 3425 3207 et
3482 3142 3709 3206 statim
3766 3141 4015 3223 optima
4059 3141 4187 3205 erit
4219 3161 4373 3206 con-

2409 3228 2662 3293 cordia:
2708 3237 2827 3292 aut
2870 3228 3369 3307 dissensionum,
3416 3247 3578 3310 quas
3623 3228 3878 3312 agitant
3920 3226 4067 3308 ipsi,
4112 3225 4373 3309 culpam

2406 3314 2479 3378 in
2523 3334 2645 3379 nos
2686 3314 2959 3379 reiicere
3004 3313 3326 3383 desinant.
3399 3313 3574 3378 Nam
3617 3312 3793 3377 istud
3839 3324 4013 3377 certe
4056 3331 4372 3393 perquam

2407 3400 2708 3482 iniquum
2751 3408 2882 3478 est,
2947 3419 3155 3482 quum
3203 3420 3337 3463 non
3384 3398 3584 3464 aliam
3628 3419 3670 3462 a
3711 3419 3782 3462 se
3826 3397 4008 3479 pacis
4049 3395 4371 3461 conditio-

2407 3506 2563 3550 nem
2604 3486 2948 3567 impetrari
2991 3485 3380 3563 sustineant,
3426 3484 3557 3549 nisi
3598 3493 3674 3548 ut
3713 3482 4063 3567 profligata
4104 3481 4372 3564 pietatis

2408 3570 2724 3649 doctrina,
2771 3570 3041 3636 Christo
3084 3570 3272 3638 velut
3304 3571 3377 3634 in
3422 3569 3803 3652 sepulcrum
3845 3566 4199 3646 recondito,
4243 3568 4371 3634 ite-

2407 3678 2559 3721 rum
2614 3656 2956 3722 ecclesiam
3012 3654 3276 3740 subigat
3334 3655 3824 3733 Antichristus,
3892 3674 4025 3718 non
4102 3653 4371 3738 gloriari

2407 3742 2620 3809 solum
2669 3753 2982 3826 tanquam
3024 3741 3360 3821 innoxios,
3407 3740 3523 3807 sed
3567 3741 3758 3807 nobis
3802 3740 4004 3805 etiam
4044 3740 4222 3804 ultro
4264 3740 4370 3804 in-

2406 3829 2688 3895 sultare:
2725 3850 2864 3908 003,
2904 3830 3015 3911 qui
3052 3827 3220 3893 nihil
3251 3826 3430 3893 aliud
3466 3828 3770 3910 cupimus
3803 3846 4002 3909 quam
4023 3826 4368 3906 unitatem,

2406 3914 2595 3981 cuius
2638 3914 2834 3980 modo
2867 3914 3205 3980 vinculum
3243 3914 3334 3979 sit
3376 3920 3646 3979 aeterna
3678 3913 3806 3978 Dei
3841 3912 4109 3990 veritas,
4156 3920 4370 3976 totum

2405 4002 2658 4067 crimen
2701 4009 2770 4066 et
2810 3999 3036 4065 odium
3078 3999 3432 4065 sustinere:
3477 3997 3749 4083 perinde
3791 4020 3866 4065 ac
3909 3998 3966 4064 si
4001 3997 4367 4062 contentio·

2403 4109 2567 4152 num
2623 4107 2917 4153 essemus
2974 4094 3253 4151 autores.
3344 4083 3541 4166 Quod
3604 4084 3864 4150 nullum
3928 4084 4217 4148 fructum
4281 4104 4368 4147 ex

2405 4173 2704 4239 doctrina
2757 4178 2987 4238 nostra
3022 4181 3508 4255 consequutum
3553 4192 3698 4237 0330
3742 4170 4175 4254 exprobrant:
4233 4168 4367 4233 3010

2405 4258 2709 4343 equidem
2760 4279 2881 4324 nos
2934 4258 3228 4341 profanis
3282 4256 3658 4323 hominibus
3724 4257 3804 4321 ob
3860 4255 4034 4321 hanc
4087 4253 4365 4319 eandem

2404 4365 2672 4412 causam
2717 4343 2968 4410 derisui
3010 4365 3179 4423 csse,
3226 4341 3398 4426 quod
3438 4341 3834 4409 insanabiles
3877 4339 4142 4405 morbos
4186 4359 4364 4405 com-

2403 4430 2760 4509 movendo,
2802 4429 2972 4495 nihil
3011 4450 3206 4513 quam
3251 4428 3722 4495 exulceremus.
3814 4425 3932 4493 Sic
3973 4426 4149 4490 enim
4190 4426 4364 4491 exis-

2403 4518 2673 4583 timant:
2728 4523 2868 4581 tam
2911 4515 3171 4600 perdito
3217 4513 3525 4581 ecclesiae
3569 4520 3774 4593 318111,
3827 4513 4077 4578 frustra
4118 4511 4365 4576 tentari

2404 4602 2725 4681 remedia,
2795 4623 2998 4685 quum
3067 4599 3254 4665 nulla
3307 4600 3394 4664 sit
3459 4620 3609 4682 spes
3664 4598 3986 4665 sanitatis.
4072 4595 4364 4663 Proinde

2404 4689 2640 4755 melius
2694 4687 2861 4752 nihil
2923 4708 3064 4752 0330
3122 4684 3552 4765 concludunt,
3618 4706 3818 4768 quam
3882 4683 4130 4748 malum
4196 4683 4363 4748 bene

2402 4776 2693 4858 positum
2737 4794 2871 4838 non
2911 4791 3193 4839 movere.
3266 4769 3401 4852 Qui
3443 4771 3516 4835 in
3549 4769 3730 4836 hunc
3773 4769 4042 4835 modum
4084 4768 4362 4852 loquun-

2404 4869 2543 4940 tur,
2603 4858 2913 4926 eeclesiae
2965 4857 3514 4923 instaurationem
3568 4877 3705 4921 non
3754 4854 4142 4939 intelligunt
4195 4875 4362 4936 opus

2404 4969 2549 5013 esse
2593 4946 2755 5025 Dei,
2811 4943 2984 5028 quod
3037 4965 3078 5008 a
3129 4963 3245 5026 spe
3288 4942 3721 5026 opinioneque
3765 4942 4112 5008 hominum
4155 4938 4362 5004 nihilo

2402 5032 2617 5117 magis
2673 5030 2985 5114 pendeat,
3057 5049 3255 5113 quam
3308 5036 3426 5093 aut
3479 5036 3894 5095 mortuorum
3941 5025 4358 5103 resurrectio,

2406 5126 2521 5185 aut
2576 5115 2758 5182 aliud
2798 5113 3189 5182 miraculum
3246 5136 3331 5180 ex
3373 5132 3450 5180 eo
3492 5135 3751 5198 genere.
3839 5114 3991 5178 Non
4045 5132 4202 5194 ergo
4247 5117 4364 5175 aut

2406 5225 2492 5270 ex
2534 5203 2881 5269 hominum
2923 5202 3263 5267 voluntate
3278 5250 3295 5280 ,
3348 5204 3466 5265 aut
3508 5221 3592 5264 ex
3649 5199 4070 5267 inclinatione
4107 5206 4361 5279 tempo·

2405 5311 2561 5356 rum
2615 5286 3061 5372 exspectanda
3111 5294 3214 5354 est
3255 5286 3365 5353 hic
3408 5286 3650 5370 agendi
3692 5286 4000 5352 facilitas:
4070 5281 4186 5347 sed
4239 5302 4361 5365 per
