4967 5992
576 342 703 407 383
1884 333 2412 402 RESPONSIO
2457 331 2837 400 CONTRA
2878 330 3297 400 PIGHIUM
4461 332 4579 395 384

574 530 805 595 tritum
868 528 1104 610 spiritu
1174 524 1331 595 (les,
1380 528 1481 604 66,
1531 524 1643 608 2)?
1735 525 2084 601 Neminem
2150 522 2333 588 istud
2398 523 2524 586 im-

565 613 791 697 ‘pediet
853 614 962 695 qui
1031 612 1347 676 memoria
1424 611 1702 688 tenebit,
1783 610 1957 692 quod
2021 607 2522 686 observandum,

572 699 855 782 quodam
907 697 1351 763 Institutionis
1408 717 1592 760 meae
1645 696 1812 774 loco,
1884 695 2105 762 docui:
2175 693 2527 777 dupliciter

573 787 796 851 Deum
849 783 932 848 ad
995 781 1297 847 homines
1351 783 1706 865 respicere,
1773 788 1852 846 ut
1903 801 2013 846 eos
2077 778 2527 845 misericordia

573 893 695 935 sua
749 869 1073 953 dignetur.
1165 868 1347 934 Dicit
1388 868 1658 943 Petrus,
1716 889 1785 933 se
1839 868 1911 931 in
1957 866 2248 936 Cornelii
2302 886 2526 930 exem-

573 956 681 1038 plo
716 976 1002 1030 cernere,
1049 974 1183 1018 non
1219 974 1362 1017 esse
1392 953 1836 1036 acceptionem
1871 972 2306 1035 personarum
2351 950 2526 1033 apud

570 1043 827 1120 Deum,
869 1041 1023 1124 quia
1064 1039 1161 1103 illi
1205 1051 1507 1121 acceptus
1550 1039 1638 1102 sit
1680 1058 1764 1102 ex
1808 1038 2098 1121 qualibet
2184 1047 2369 1112 ente,
2416 1036 2527 1117 qui

575 1129 770 1192 faciat
850 1127 1092 1190 bonum
1169 1126 1345 1208 (Act.
1415 1129 1524 1201 10,
1599 1126 1725 1203 34).
1829 1125 1922 1188 At
2007 1124 2152 1188 Pau
2181 1145 2258 1187 us
2349 1120 2527 1194 dicit,

579 1224 737 1277 tunc
811 1211 1012 1276 fuisse
1055 1210 1504 1276 reconciliatos
1559 1210 1704 1274 Deo
1753 1210 2121 1283 Romanos,
2183 1229 2381 1289 quum
2428 1226 2531 1271 es·

575 1309 722 1364 sent
775 1299 917 1363 eius
976 1295 1254 1372 inimici,
1311 1305 1377 1359 et
1432 1295 1628 1359 alieni
1675 1293 1757 1358 ab
1808 1296 1946 1359 eius
1999 1293 2251 1358 iustitia
2309 1293 2528 1374 (Rom.

577 1391 632 1460 ὁ,
680 1386 815 1464 10);
880 1383 1263 1447 iustificatos
1317 1381 1518 1445 fuisse
1564 1380 1968 1457 Corinthios,
2030 1401 2234 1462 quum
2289 1386 2532 1442 scorta-

574 1483 749 1534 tores
794 1477 1044 1545 essent,
1091 1479 1159 1531 et
1201 1465 1456 1542 ebriosi,
1515 1473 1583 1529 et
1614 1464 1912 1541 adulteri,
1974 1475 2091 1530 aut
2144 1464 2290 1529 aliis
2344 1463 2532 1547 flagi-

574 1556 684 1620 tiis
757 1553 1087 1636 inquinati
1165 1552 1227 1633 (l
1283 1551 1430 1616 Cor.
1503 1557 1568 1628 6,
1645 1551 1780 1635 11);
1860 1558 2153 1632 receptos
2231 1550 2301 1613 in
2381 1568 2532 1632 gra-

574 1641 735 1705 tiam
791 1640 994 1704 fuisse
1049 1635 1400 1720 Ephesios,
1472 1657 1674 1718 quum
1729 1645 1950 1701 essent
2017 1636 2299 1717 peccatis
2357 1655 2533 1697 mor-

576 1726 703 1802 tui,
758 1726 901 1789 sine
945 1721 1121 1799 Deo,
1178 1723 1318 1787 sine
1362 1743 1505 1804 spe,
1561 1743 1767 1805 quum
1821 1722 2037 1787 carnis
2071 1720 2533 1803 concupiscen-

577 1811 688 1875 tiis
745 1807 986 1874 addicti
1033 1806 1323 1873 Satanae
1370 1808 1694 1873 servirent
1737 1806 2012 1890 (Ephes.
2062 1812 2120 1880 2,
2171 1807 2260 1888 l);
2306 1805 2534 1870 Colos-

575 1916 802 1960 senses
854 1895 1051 1959 etiam
1066 1945 1079 1970 ,
1127 1913 1254 1975 quo
1318 1903 1614 1976 tempore
1659 1892 2004 1958 abalienati
2057 1901 2248 1957 erant
2296 1899 2365 1955 et
2406 1891 2535 1954 ini-

573 1981 729 2046 mici
786 1987 1004 2043 mente
1045 1979 1116 2044 in
1174 1976 1477 2061 operibus
1519 1978 1739 2055 malis,
1797 1978 1999 2070 fuisse
2055 1977 2531 2043 reconciliatos:

576 2087 707 2149 quo
739 2077 1027 2147 tempore
1061 2064 1307 2128 mortui
1339 2074 1528 2129 erant
1570 2086 1690 2147 per
1721 2072 2003 2147 peccata,
2049 2063 2250 2128 fuisse
2282 2065 2352 2127 in
2398 2063 2534 2126 ius-

575 2151 790 2216 titiam
847 2172 921 2216 ac
989 2150 1194 2215 vitam
1261 2150 1578 2216 excitatos
1634 2148 1804 2232 (Col.
1867 2155 1913 2227 l,
1967 2152 2099 2230 21).
2191 2146 2326 2214 Sed
2379 2146 2536 2230 quid

574 2237 770 2320 plura
811 2256 1330 2314 commemorem,
1386 2257 1589 2318 quum
1633 2235 1877 2318 passim
1921 2231 2237 2300 eiusmodi
2270 2244 2535 2299 senten-

574 2323 685 2387 tiis
712 2330 1006 2387 scateant
1026 2323 1167 2387 eius
1193 2320 1575 2403 Epistolae?
1650 2319 1845 2401 Quod
1888 2322 1942 2385 si
1969 2328 2233 2397 taceret,
2272 2320 2413 2385 eius
2438 2328 2535 2384 ta-

574 2430 726 2474 men
781 2408 1147 2485 conversio,
1208 2406 1351 2471 sine
1405 2406 1559 2472 ullis
1616 2406 1866 2481 verbis,
1925 2405 2180 2471 illustre
2238 2413 2340 2469 est
2394 2405 2537 2469 eius

573 2496 672 2560 rei
711 2494 1194 2560 documentum.
1285 2490 1438 2572 Qua
1478 2492 1654 2558 enim
1699 2501 1814 2556 aut
1857 2491 2231 2556 humilitate
2275 2499 2389 2554 aut
2421 2491 2534 2556 ,sui

575 2579 988 2663 displicentia
1028 2584 1454 2662 praeparatus
1499 2575 1865 2661 benignum
1905 2576 2095 2641 illum
2137 2576 2268 2641 Dei
2309 2595 2536 2658 aspec-

577 2676 719 2731 tum
767 2663 1144 2749 promeruit,
1195 2673 1268 2727 ut
1312 2684 1431 2727 vas
1474 2662 1814 2727 electionis
1859 2661 2243 2727 vocaretur?
2333 2660 2535 2726 Exci-

576 2752 714 2834 piet
757 2749 1066 2833 Pighius,
1123 2748 1196 2812 in
1239 2749 1383 2831 ipso
1437 2748 1671 2826 fuisse,
1731 2757 1807 2811 ut
1850 2748 1978 2812 Dei
2038 2747 2367 2813 vocationi
2420 2747 2536 2813 ob-

576 2843 992 2918 temperaret.
1084 2829 1220 2899 Sed
1286 2833 1394 2898 hic
1465 2840 1727 2897 tantum
1786 2832 2161 2915 disputatur
2181 2883 2195 2908 ,
2264 2854 2350 2897 an
2405 2831 2537 2897 Dei

578 2921 861 3004 gratiam
904 2920 1338 3002 praevenerit.
1430 2916 1828 3000 Quanquam
1870 2917 2153 2993 fallitur,
2199 2919 2311 3000 qui
2346 2927 2539 3002 putat

533 3032 542 3038 ·
584 3017 844 3072 tantum
886 3005 1027 3069 eius
1072 3004 1342 3069 auribus
1387 3004 1756 3069 insonuisse
1788 3025 2015 3070 vocem
2057 3003 2267 3068 illam:
2304 3003 2530 3082 Saule,

585 3089 824 3169 Saule,
883 3088 1039 3174 quid
1095 3110 1203 3153 me
1258 3090 1669 3172 persequeris
1728 3090 1926 3172 (Act.
1958 3094 2015 3168 9,
2056 3088 2169 3173 4)?
2230 3111 2365 3155 non
2419 3112 2537 3155 au-

581 3187 719 3241 tem
786 3177 1054 3259 spiritus
1133 3177 1342 3241 sanct-i
1405 3174 1783 3257 magisterio
1863 3174 2262 3258 insculptam
2338 3177 2541 3242 fuisse

581 3263 722 3328 eius
795 3260 974 3327 cordi
1047 3260 1452 3327 obedientiae
1522 3261 1764 3343 legem,
1847 3271 1919 3325 ut
1993 3261 2292 3345 protinus
2363 3264 2537 3329 face·

481 3387 490 3394 ·
579 3364 710 3420 ret,
786 3346 961 3430 quod
1040 3345 1403 3412 iubebatur.
1491 3345 1649 3425 ma,
1729 3347 2032 3431 inquam,
2093 3347 2536 3432 inscriptione,

581 3456 712 3500 non
771 3432 962 3498 modo
1021 3454 1104 3498 ex
1158 3432 1422 3496 nolente
1465 3433 1673 3497 factus
1716 3443 1818 3498 est
1860 3433 2119 3504 volens.
2179 3434 2295 3499 sed
2337 3436 2540 3499 etiam

580 3542 665 3585 ex
729 3529 1197 3601 persequutore
1274 3525 1572 3584 sectator.
1601 3520 1651 3598 ¹)
1737 3518 1885 3583 Iam
1949 3519 2107 3600 quid
2183 3520 2308 3585 sibi
2386 3541 2537 3604 pro-

579 3605 842 3689 phetica
892 3603 1010 3669 illa
1068 3613 1135 3669 et
1197 3603 1622 3669 celeberrima
1679 3606 2006 3670 sententia
2059 3605 2228 3670 vult:
2288 3605 2537 3671 Inven-

580 3702 690 3756 tus
769 3711 917 3754 sum
995 3712 1034 3753 a
1098 3711 1229 3753 non
1314 3687 1783 3772 quaerentibus
1860 3711 1968 3754 me
2044 3691 2198 3774 (Ies.
2256 3696 2355 3769 65,
2422 3691 2536 3772 l)?

580 3783 729 3857 [pag.
778 3780 930 3853 210]
977 3774 1090 3841 Sic
1134 3775 1404 3857 exponit
1449 3774 1808 3857 apostolus:
1856 3774 2030 3858 quod
2075 3787 2325 3860 gentes,
2372 3798 2539 3859 quae

579 3862 896 3928 iustitiam
964 3881 1098 3925 non
1175 3860 1608 3942 quaerebant,
1690 3862 2009 3926 iustitiam
2085 3860 2538 3945 apprehende—

577 3959 740 4014 runt
780 3947 1004 4031 (Rom.
1046 3951 1104 4024 9,
1146 3949 1276 4023 30).
1367 3946 1503 4010 Nec
1546 3946 1675 4010 alio
1729 3948 2251 4030 praeparationis
2297 3969 2538 4031 genere

579 4049 693 4100 aut
751 4032 1089 4098 Abraham
1144 4043 1258 4096 aut
1291 4032 1453 4102 ‚eius
1521 4033 1864 4111 posteritas
1920 4033 2108 4098 initio
2176 4034 2259 4098 ad
2313 4032 2536 4098 Deum

578 4119 1237 4205 appropinquaverat,
1284 4118 1451 4182 sicut
1495 4117 1760 4201 Moyses
1802 4129 1869 4181 et
1912 4119 2104 4183 Iosue
2144 4139 2536 4184 commemo-

579 4217 747 4271 rant.
837 4205 964 4270 His
1011 4223 1086 4269 ac
1127 4202 1455 4269 similibus
1501 4202 1886 4268 testimoniis
1929 4204 2042 4285 qui
2086 4225 2221 4268 non
2266 4206 2535 4269 convin-

580 4293 767 4368 citur,
816 4305 890 4355 ut
923 4288 1249 4371 duplicem
1287 4288 1629 4353 hominum
1664 4305 1884 4354 coram
1918 4290 2063 4354 Deo
2095 4291 2535 4372 acceptionem

666 4387 908 4450 noscat,
953 4376 1150 4439 nimis
1186 4375 1590 4457 praefractus
1630 4385 1746 4439 cst.
1817 4374 2116 4458 Respicit
2157 4396 2315 4460 ergo
2352 4374 2538 4441 Deus

582 4483 618 4526 e
643 4473 819 4526 ectos
863 4480 1048 4534 suos,
1095 4460 1539 4543 amplectitur,
1589 4471 1798 4537 amat,
1847 4469 2272 4544 acceptosque
2316 4461 2537 4534 habet,

582 4547 781 4610 etiam
840 4555 992 4609 ante
1038 4548 1474 4622 vocationem,
1531 4543 1645 4611 sed
1699 4546 1773 4610 in
1814 4545 2114 4612 Christo:
2163 4567 2272 4613 eos
2314 4554 2538 4612 autem

587 4627 873 4695 vocando
917 4651 986 4692 se
1044 4632 1396 4715 propitium
1442 4633 1599 4715 ipsis
1649 4630 1940 4698 ostendit
1983 4654 2060 4698 ac
2113 4632 2536 4698 benevolum:

586 4716 708 4781 hoc
743 4723 862 4788 est,
898 4734 1188 4779 amorem
1222 4717 1404 4797 ipsis,
1441 4739 1634 4800 quem
1663 4726 1816 4784 ante
1847 4716 2201 4796 deferebat,
2238 4727 2537 4797 testatur,

584 4813 660 4867 ut
693 4819 848 4865 eum
878 4799 947 4862 in
982 4800 1216 4864 animis
1257 4802 1399 4866 suis
1433 4803 1726 4868 sentiant
1758 4825 1964 4886 eoque
2004 4805 2326 4870 fruantur.
2392 4804 2541 4869 Iam

583 4885 845 4952 vocatio
899 4885 1300 4967 poenitentia
1352 4897 1420 4950 et
1472 4887 1602 4952 fide
1659 4896 1931 4954 constat.
2021 4891 2250 4955 Prima
2315 4899 2540 4956 autem

584 4970 1021 5056 poenitentiae
1055 4991 1223 5051 pars,
1270 4970 1376 5034 vel
1403 4973 1621 5053 potius
1656 4974 1918 5039 initium
1952 4982 2071 5050 est,
2105 4975 2344 5041 humili
2386 4975 2541 5041 sub-

583 5059 911 5138 missoque
956 5056 1173 5120 animo
1217 5055 1342 5120 sibi
1397 5055 1758 5139 displicere.
1847 5060 2015 5125 Post
2057 5060 2229 5126 hanc
2274 5059 2541 5126 demum

723 5244 784 5313 1)
815 5244 1108 5300 Edit-'ones
1127 5243 1387 5299 Bonam
1420 5243 2008 5299 &Ammodes-enen
2040 5245 2211 5301 mab.-
2245 5255 2541 5316 spectator.

2629 520 3072 586 humilitatem
3116 518 3355 584 dicitur
3384 518 3573 585 Deus
3618 519 3703 585 ad
3746 519 4046 585 homines
4091 539 4195 588 res
4244 520 4435 598 icere,
4481 542 4579 586 re-

2628 606 2870 672 latione
2915 606 3000 672 ad
3044 626 3272 670 eorum
3328 606 3630 670 notitiam
3675 626 4073 687 sensumque
4120 605 4204 685 ha
4249 606 4345 671 ita
4358 625 4381 688 :-
4429 627 4584 687 quo-

2629 693 2811 757 niam
2856 699 3012 757 tunc
3058 713 3128 756 se
3170 690 3302 755 illis
3344 697 3602 774 patrem
3649 690 3953 769 declaret,
4002 711 4287 773 suaeque
4335 691 4586 756 bonita-

2633 778 2718 843 tis
2758 778 3205 842 testimonium
3246 776 3493 840 reddat.

2804 863 3013 928 Porro
3056 884 3260 945 quum
3303 861 3623 927 hactenus
3676 863 3817 927 sine
3875 864 4007 927 fine
4051 871 4118 927 et
4160 862 4352 927 modo
4398 875 4587 928 extu-

2632 948 2786 1013 lerit
2846 947 3131 1012 hominis
3173 948 3377 1025 vires,
3435 969 3614 1012 nunc
3670 968 3879 1030 quum
3922 947 4376 1013 demonstrare
4423 949 4584 1026 vult,

2635 1042 2710 1098 ut
2753 1054 2822 1098 se
2880 1035 3098 1116 ipsum
3153 1032 3236 1097 ad
3281 1034 3502 1098 Deum
3555 1034 3817 1116 proprio
3863 1045 4043 1098 motu
4086 1043 4457 1110 convertat,
4518 1033 4590 1098 li-

2633 1119 2854 1185 berius
2900 1119 3114 1184 adhuc
3157 1118 3383 1196 multo,
3430 1140 3626 1201 quam
3672 1128 3845 1196 ante,
3900 1120 4318 1203 apertiusque
4360 1120 4588 1203 impie-

2637 1214 2841 1268 tatem
2877 1225 3063 1269 suam
3097 1203 3332 1286 prodit.
3406 1204 3569 1268 Vult
3592 1205 3780 1269 Deus
3817 1205 4091 1288 impium
4128 1206 4444 1282 converti,
4488 1207 4589 1269 in-

2636 1290 2806 1373 quit,
2863 1312 2997 1354 non
3050 1301 3274 1354 tamen
3333 1311 3452 1353 sua
3506 1291 3939 1373 omnipotenti
4004 1290 4195 1355 illum
4249 1291 4590 1356 voluntate

2636 1375 2978 1451 convertit,
3024 1374 3139 1439 sed
3184 1383 3258 1438 ut
3292 1397 3364 1440 se
3401 1383 3760 1453 convertat,
3805 1376 4046 1440 invitat
4082 1384 4148 1440 et
4184 1375 4587 1442 adhortatur.

2636 1460 2957 1526 Nostrum
3002 1459 3275 1543 proinde
3319 1473 3421 1526 est
3462 1461 3711 1527 reverti
3752 1469 3823 1526 et
3863 1462 4177 1540 converti,
4225 1463 4245 1525 i
4330 1463 4435 1526 ius
4478 1483 4589 1527 au-

2640 1555 2793 1622 tem,
2842 1554 3247 1610 revertentes
3303 1548 3474 1612 susci
3523 1569 3632 1612 ere
3678 1554 3745 1612 et
3789 1547 4136 1613 vivificare.
4294 1545 4439 1623 uid,
4484 1547 4591 1613 ob-

2641 1652 2843 1708 secre,
2890 1631 3260 1714 relinquere
3306 1632 3410 1698 hic
3525 1654 3600 1697 eo
3645 1632 3936 1710 videtur,
3981 1640 4244 1716 praeter
4286 1633 4594 1698 exhorta·

2639 1716 2928 1781 tionem?
3010 1717 3104 1781 Et
3146 1715 3301 1799 quid
3358 1716 3537 1782 aliud
3594 1719 3668 1782 in
3709 1717 3981 1802 Pelagio
4025 1717 4409 1783 damnatum
4454 1718 4590 1785 est?

2642 1801 2779 1868 Sed
2838 1802 3055 1884 aliquo
3110 1804 3331 1867 statim
3377 1803 3589 1868 colore
3645 1804 3817 1869 hanc
3873 1803 4353 1887 blasphemiam
4401 1806 4591 1890 tegit:

2642 1889 2801 1953 dum
2846 1909 2968 1952 nec
3011 1888 3232 1952 Deum
3276 1889 3464 1954 nobis
3499 1890 3569 1954 in
3606 1891 4033 1955 conversione
4067 1891 4319 1955 fatetur
4353 1889 4592 1967 deesse,

2639 1973 2833 2039 modo
2875 1982 3097 2038 tamen
3141 1973 3392 2056 priores
3432 1974 3562 2057 ipsi
3606 1974 3690 2039 ad
3733 1975 4008 2040 eandem
4054 1996 4389 2041 conemur.
4478 1977 4596 2042 Est

2639 2059 2763 2125 hoc
2805 2058 3070 2141 quidem
3113 2058 3378 2142 aliquid,
3424 2058 3594 2143 quod
3631 2081 3833 2144 quum
3871 2061 4118 2142 priores
4154 2061 4408 2126 homini
4453 2083 4595 2145 par-

2642 2155 2738 2210 tes
2783 2143 3058 2222 dederit,
3103 2146 3497 2228 posteriores
3541 2145 3812 2211 tandem
3858 2147 4001 2211 Deo
4045 2145 4376 2212 concedat.
4443 2147 4599 2212 Fuit

2639 2230 2765 2297 hoc
2809 2228 3170 2296 secundum
3212 2231 3470 2316 Pelagii
3513 2239 3990 2309 commentum,
4048 2241 4396 2314 postquam
4441 2232 4598 2298 illud

2639 2323 3001 2382 retractare
3044 2325 3307 2382 coactus
3340 2317 3573 2395 fuerat,
3620 2317 3955 2382 hominem
3991 2317 4126 2384 suis
4162 2317 4420 2385 viribus
4455 2340 4596 2402 per·

2641 2403 2870 2468 venire
2915 2401 2999 2466 ad
3043 2401 3253 2467 vitam
3307 2409 3641 2468 aeternam
3687 2407 3836 2482 [pag.
3876 2407 4027 2482 211]
4073 2424 4282 2486 posse.
4369 2403 4593 2485 Quan-

2640 2509 2836 2570 quam
2893 2487 3087 2570 paulo
3138 2495 3287 2570 post
3336 2509 3420 2553 ne
3479 2487 3750 2553 dimidio
3805 2487 4073 2571 quidem
4126 2489 4596 2574 pelagianismo

2640 2581 3028 2639 contentum
3072 2593 3143 2638 se
3197 2594 3339 2639 esse
3394 2573 3724 2656 exprimit.
3813 2573 3989 2639 Nam
4047 2583 4251 2657 quum
4296 2576 4448 2641 vult
4490 2577 4597 2643 de-

2640 2658 2833 2723 finire
2878 2658 3160 2741 qualiter
3203 2680 3322 2724 nos
3365 2667 3711 2748 convertat
3754 2658 3974 2739 Deus,
4020 2682 4158 2740 sua,
4202 2661 4446 2745 inquit,
4488 2663 4598 2728 bo·

2639 2743 2848 2809 nitate
2892 2751 2961 2808 et
2994 2745 3325 2826 patientia,
3364 2766 3497 2810 non
3530 2745 3754 2811 statim
3790 2766 3911 2810 nos
3947 2746 4244 2828 puniens,
4283 2745 4401 2814 sed
4436 2748 4598 2814 dans

2642 2838 2901 2912 tempus
2945 2835 3011 2894 et
3051 2829 3266 2895 locum
3310 2831 3782 2914 poenitentiae:
3828 2831 3912 2895 ad
3958 2831 4139 2911 haec,
4182 2832 4411 2899 multis
4458 2854 4597 2899 me-

2641 2915 2769 2980 diis
2823 2923 2891 2978 et
2946 2916 3390 2982 occasionibus
3407 2967 3423 2994 ,
3485 2915 4051 2982 exhortationibus
4068 2968 4084 2994 ,
4141 2916 4473 2986 beneficiis
4531 2930 4597 2984 et

2641 3000 2919 3085 flagellis
2970 3000 3054 3066 ad
3109 3001 3388 3066 eandem
3430 3022 3552 3068 nos
3593 3022 3989 3086 provocans,
4046 3001 4409 3071 sollicitans
4422 3057 4439 3085 ,
4485 3007 4598 3071 sti-

2641 3085 2920 3151 mulans.
2999 3087 3132 3152 Hic
3179 3108 3333 3152 vero
3375 3095 3551 3153 totus
3595 3096 3663 3153 et
3702 3087 3964 3172 integer
4006 3088 4319 3174 Pelagius
4363 3112 4491 3157 sua
4533 3093 4598 3158 in

2642 3171 2896 3237 coelum
2953 3172 3299 3257 sacrilegia
3364 3174 3625 3238 evomit.
3736 3173 4039 3240 Externa
4094 3176 4273 3240 enim
4337 3184 4597 3243 tantum

2641 3255 2860 3324 media
2909 3260 3123 3341 ponit,
3178 3259 3416 3341 quibus
3471 3259 3713 3324 invitat
3771 3258 3954 3325 Deus
4012 3260 4344 3341 homines,
4406 3272 4596 3346 atque

2643 3346 2748 3410 his
2805 3342 3085 3408 includit
3144 3352 3352 3410 totam
3407 3344 3853 3411 conversionis
3912 3345 4223 3429 gratiam:
4286 3345 4371 3412 de
4434 3350 4597 3413 inte·

2642 3432 2815 3495 riore
2874 3428 3088 3495 cordis
3143 3439 3357 3510 motu,
3415 3428 3497 3495 de
3551 3432 3975 3497 renovatione
4025 3433 4329 3514 spiritus,
4389 3434 4596 3500 altum

2643 3516 3001 3582 silentium.
3089 3516 3320 3599 Neque
3378 3537 3533 3581 vero
3577 3538 3773 3583 causa
3817 3525 3949 3595 est,
4007 3537 4125 3582 cur
4167 3519 4444 3585 minime
4490 3542 4597 3585 ne-
4690 3543 4699 3552 ·

2643 3622 2801 3685 gare
2830 3622 2900 3665 se
2934 3603 3430 3684 tergiversetur,
3467 3607 3798 3686 utcunque
3834 3602 4038 3668 sileat.
4099 3602 4380 3670 Modum
4406 3608 4594 3685 enim,

2643 3710 2771 3772 quo
2813 3708 2930 3751 nos
2973 3689 3295 3753 convertit
3330 3688 3533 3764 Deus,
3581 3687 4027 3754 definiendum
4069 3690 4359 3774 suscipit.
4439 3692 4597 3758 Pro-

2646 3773 2817 3851 inde,
2844 3772 2960 3837 tali
2985 3771 3364 3838 definitione
3385 3775 3616 3856 posita,
3630 3782 3835 3839 totam
3850 3775 4065 3840 cordis
4087 3776 4593 3856 innovationem,

2642 3881 2806 3942 quae
2851 3860 2927 3922 fit
2969 3879 3211 3923 areana
3254 3860 3525 3943 spiritus
3557 3860 3779 3932 ,sancti
3826 3861 4089 3940 virtute,
4135 3861 4447 3928 excludit.
4510 3866 4595 3930 Et

2642 3959 2884 4021 tamen,
2932 3945 2989 4008 si
3028 3945 3173 4008 Deo
3219 3945 3450 4027 placet,
3495 3944 3577 4010 ad
3620 3955 3757 4010 tam
3796 3947 4012 4012 clarae
4047 3968 4434 4031 crassaeque
4475 3951 4596 4016 im-

2644 4031 2904 4113 pietatis
2940 4027 3521 4110 confirmationem,
3565 4053 3650 4096 ex
3684 4034 4030 4115 scripturis
4062 4034 4596 4118 suffragationem

2643 4117 2932 4199 aliquam
2986 4125 3302 4200 corrogat.
3392 4116 3585 4198 Quod
3639 4139 3710 4183 se
3763 4117 4034 4200 incipiat
4086 4120 4283 4185 homo
4326 4140 4594 4188 conver-

2646 4213 2813 4280 tere,
2859 4202 3105 4285 inquit,
3150 4201 3432 4267 habetur
3475 4200 3649 4286 apud
3690 4203 4076 4270 Ieremiam:
4135 4203 4213 4270 Si
4256 4217 4597 4274 converte·

2643 4289 2755 4366 ris,
2793 4295 3174 4353 convertam
3210 4297 3275 4352 te
3311 4288 3469 4371 (Ier.
3503 4294 3599 4367 15,
3636 4289 3759 4372 19).
3827 4289 3976 4356 Illic
4010 4290 4405 4374 prophetam
4440 4294 4597 4360 allo-

2645 4375 2868 4457 quitur
2910 4371 3125 4454 Deus,
3191 4375 3301 4457 qui
3357 4373 3590 4438 ultima
3643 4395 3843 4458 prope
3887 4372 4345 4458 desperatione
4388 4391 4599 4445 tenta-

2644 4471 2783 4538 tus,
2841 4479 3065 4524 secum
3121 4460 3348 4524 multis
3401 4460 3682 4543 querelis
3743 4462 4293 4543 expostulaverat.
4396 4465 4602 4531 Novis

2644 4565 2804 4628 ergo
2860 4566 3010 4609 eum
3064 4546 3603 4628 promissionibus
3667 4545 3751 4610 ad
3804 4546 4245 4632 colligendum
4304 4553 4603 4616 animum

2644 4632 2892 4696 incitat.
2956 4627 3072 4696 Sic
3116 4640 3337 4696 autem
3382 4630 3630 4697 habent
3671 4631 3891 4710 verba,
3937 4634 3992 4698 si
4037 4634 4164 4699 rite
4207 4637 4355 4718 quis
4397 4638 4605 4702 inter-

2644 4725 2966 4800 pretetur:
3026 4715 3100 4782 Si
3161 4738 3465 4783 reversus
3519 4719 3753 4794 fueris,
3825 4725 3893 4784 et
3946 4721 4189 4786 reverti
4244 4729 4309 4785 te
4366 4723 4601 4802 foeero,

2645 4811 2798 4868 ante
2840 4803 3074 4869 faciem
3136 4823 3347 4868 meam
3403 4803 3633 4883 stabis3
3695 4804 3750 4868 si
3806 4805 4161 4887 pretiosum
4218 4829 4273 4872 a·
4302 4808 4421 4873 vili
4468 4809 4605 4874 dis-

2644 4890 2965 4968 creveris,
3024 4890 3154 4954 eris
3209 4890 3391 4973 quasi
3449 4911 3521 4954 os
3574 4911 3815 4955 meum.
3906 4889 4083 4971 Quia
4139 4913 4448 4960 successu
4490 4893 4607 4960 de·

2645 4976 2828 5042 stitui
2851 4996 2921 5039 se
2958 4973 3209 5054 videns,
3255 4976 3551 5040 animum
3585 4973 4038 5058 desponderat,
4084 4997 4159 5043 ac
4182 4979 4462 5062 perinde
4485 5003 4609 5046 var-

2644 5061 2868 5126 cillare
2911 5069 3244 5144 coeperat,
3298 5062 3481 5144 quasi
3525 5062 3654 5126 Dei
3721 5062 4058 5143 promissis
4099 5084 4221 5128 sua
4266 5086 4400 5129 non
4446 5087 4609 5132 con-

2646 5155 2855 5213 staret
2893 5145 3087 5222 fides,
3142 5145 3316 5212 hanc
3360 5145 3863 5212 haesitationem
3906 5161 3973 5214 et
4016 5147 4453 5216 diffidentiam
4498 5174 4609 5217 re—

2648 5230 3004 5315 prehendit
3047 5229 3406 5297 Dominus:
3464 5243 3688 5315 postea
3740 5245 3885 5298 tum
3931 5233 4015 5299 ad
4056 5232 4209 5300 fidei
4266 5236 4610 5304 fortitudi-
