4967 5992
437 387 556 450 141

433 594 587 638 vres
630 572 1007 649 serviteurs‚
1044 578 1113 635 61
1153 590 1323 635 11668
1368 569 1702 634 sanctifier
1739 568 1838 633 les
1882 568 2062 646 dons,
2106 567 2392 652 lesquelz

438 678 606 723 nous
667 678 985 723 recevons
1051 656 1130 721 de
1197 665 1267 720 ta
1317 656 1636 739 lan-gesse,
1714 656 1848 719 afin
1904 675 2030 736 que
2084 675 2252 720 nous
2309 674 2394 718 en

484 744 768 808 uissions
835 763 991 807 6861
1062 740 1437 807 sobrement
1501 748 1569 804 et
1629 749 2014 823 purement,
2083 739 2266 804 selon
2320 749 2395 804 ta

435 766 656 895 {enne
711 828 1013 907 volunte,
1070 836 1138 890 et
1192 847 1311 910 par
1366 847 1439 892 66
1497 846 1740 911 moyen
1785 835 1866 890 te·
1905 825 2393 909 recongnoistre

436 916 608 980 Pere
643 923 710 979 et
751 912 1033 978 autheur
1068 913 1148 978 de
1192 921 1373 977 toute
1406 911 1768 994 benignite:
1814 910 2172 976 cherchant
2216 916 2394 976 tous-

438 1001 619 1065 iours
653 999 1198 1083 principalement
1239 998 1302 1063 16
1344 999 1502 1080 pain
1548 997 1848 1079 spirituel
1884 997 1965 1061 de
2003 1007 2072 1061 ta
2110 995 2393 1074 Parolle,

442 1085 604 1150 dont
651 1107 775 1150 noz
819 1105 999 1149 ames
1063 1091 1298 1166 soyent
1341 1084 1641 1148 nourries
1685 1082 2211 1161 eternellement,
2274 1101 2396 1165 par

439 1170 629 1237 Iesus
673 1170 921 1249 Christ,
958 1179 1074 1235 ton
1116 1169 1284 1249 Filz,
1329 1178 1555 1233 nostre
1600 1169 1943 1252 Seigneur,
1988 1168 2225 1233 Amen.

1219 1630 1440 1686 DEUT.
1473 1630 1618 1684 VIII.

612 1752 959 1817 L’homme
1015 1772 1098 1816 ne
1156 1752 1253 1816 vit
1309 1752 1492 1834 point
1540 1750 1621 1815 de
1675 1749 1815 1815 seul
1859 1750 2042 1833 pain:
2097 1751 2266 1816 mais
2313 1750 2393 1816 de

311 1843 318 1848 ’
439 1839 506 1903 18
548 1837 797 1921 parolle
821 1837 873 1920 ¹)
917 1836 1309 1919 procedante
1355 1837 1434 1902 de
1476 1837 1545 1901 18
1589 1835 1836 1901 11666116
1881 1835 1963 1901 (16
2005 1836 2199 1901 Dieu.

435 2092 784 2162 ACTION
841 2093 969 2158 DE
1027 2091 1400 2159 GRAOES
1460 2092 1763 2159 APRES
1821 2092 1945 2158 LE
1991 2091 2315 2158 REPAS.
2336 2095 2395 2176 2)

1045 2282 1145 2336 DU
1179 2281 1470 2336 PSALME
1504 2280 1722 2335 CXVII.
1739 2278 1790 2344 ³)

609 2401 757 2483 Que
826 2410 1040 2467 166168
1110 2403 1372 2474 11811668
1433 2401 1660 2465 166661
1722 2401 1785 2466 16
1852 2399 2211 2485 Scigneur,
2269 2423 2395 2486 que

432 2497 585 2554 tous
627 2487 896 2571 peuples
942 2488 1056 2573 luy
1103 2487 1419 2552 chantent
1455 2487 1764 2570 louenge:

610 2575 743 2639 Car
779 2594 852 2639 sa
895 2571 1313 2638 misericorde
1359 2581 1461 2638 est
1502 2572 1869 2656 multiplice
1915 2595 2027 2639 sus
2071 2594 2270 2653 noue,
2329 2582 2396 2638 et

431 2680 513 2725 88
555 2660 762 2725 verite
796 2660 1116 2734 ,demeure
1161 2658 1673 2723 eternellcment.

605 2864 936 2949 Seigneur
977 2864 1172 2943 Dieu,
1220 2884 1384 2929 nous
1420 2871 1486 2928 te
1531 2864 1819 2929 rendons
1854 2886 2083 2948 graces
2120 2865 2200 2930 de
2244 2874 2391 2932 tous

427 2953 530 3018 les
585 2952 913 3018 benefices
959 2972 1084 3034 que
1130 2971 1296 3015 nous
1350 2970 1663 3015 recevons
1723 2951 2254 3016 assiduellement
2309 2951 2390 3018 de

428 3045 505 3104 ta
558 3037 773 3117 main,
830 3037 910 3102 de
965 3057 1037 3101 ce
1095 3036 1254 3118 qu’il
1303 3044 1367 3101 te
1423 3036 1622 3119 plaist
1666 3058 1829 3101 nous
1888 3037 2261 3103 substenter
2304 3059 2391 3102 en

430 3132 606 3191 ceste
663 3125 770 3188 vie
823 3121 1211 3205 corporelle,
1268 3143 1437 3187 nous
1490 3121 1956 3188 administrant
2007 3132 2223 3189 toutes
2265 3145 2387 3188 noz

427 3211 822 3277 necessitez:
878 3218 945 3273 et
998 3208 1569 3292 siugulierement,
1626 3208 1705 3273 (16
1761 3228 1833 3273 66
1877 3208 2034 3291 (16’11
2091 3213 2181 3273 1’8
2233 3209 2389 3292 pleu

426 3318 600 3362 nous
652 3316 1005 3380 regeneret
1048 3316 1132 3359 eu
1185 3294 1585 3377 l'esperance
1631 3294 1827 3358 d'une
1882 3294 2218 3374 1661116616
2257 3295 2386 3374 vie,

423 3382 714 3465 laquelle
755 3390 828 3445 16
871 3402 1036 3446 6668
1081 3377 1152 3443 as‘
1199 3379 1418 3444 revele
1478 3400 1595 3462 par
1637 3388 1750 3444 ton
1797 3377 1866 3444 S.
1910 3380 2268 3464 Evangil03
2321 3388 2388 3446 te

425 3470 654 3553 priant
710 3467 865 3550 qu'il
917 3475 982 3531 te
1040 3465 1245 3549 plaise
1301 3488 1386 3530 116
1442 3475 1800 3549 11611661116
1856 3466 2043 3548 point
2085 3488 2211 3549 que
2264 3488 2388 3531 noz

425 3555 773 3619 affections
829 3562 1066 3637 soyent
1122 3551 1226 3636 icy
1273 3553 1649 3618 enracinees
1695 3573 1780 3616 eu
1826 3572 1931 3616 ces
1974 3551 2202 3617 choses
2246 3571 2386 3618 cor-

423 3639 780 3723 ruptibles,
838 3639 1007 3703 mais
1050 3659 1174 3720 que
1218 3659 1384 3705 6668
1429 3636 1812 3720 regardions
1857 3639 2182 3704 tousiours
2236 3638 2384 3721 plus

423 3726 615 3804 haut,
655 3723 1005 3790 attendans
1029 3731 1250 3788 nostre
1275 3721 1601 3808 Seigneur
1631 3723 1820 3787 Iesus
1842 3721 2089 3803 Christ,
2130 3724 2387 3807 iusqu'a

425 3832 506 3879 66
548 3811 707 3895 qu'il
752 3810 1126 3893 apparuisse
1171 3830 1254 3873 en
1297 3821 1523 3875 nostre
1566 3808 1992 3892 redemption.
2083 3810 2317 3875 Amen.

734 4272 793 4335 1)
833 4272 900 4326 (16
937 4278 1087 4326 toute
1122 4270 1330 4341 parolle
1369 4267 1506 4324 1553
1541 4273 1680 4326 suiv.

1768 378 2429 448 GATEOHISMUS
2476 367 3093 448 GENEVENSIS.

1954 4270 2014 4337 2)
2066 4288 2202 4337 pour
2247 4271 2361 4326 dire
2411 4285 2575 4338 apres
2619 4270 2671 4324 16
2707 4285 2766 4323 re
2808 4286 2868 4326 as
2904 4269 3056 4324 1562.

4334 386 4461 447 142

2498 567 2779 648 effunde,
2793 569 2850 648 ⁴)
2898 569 3213 650 nobisque
3257 570 3475 635 cibum
3516 580 3580 634 et
3608 577 3855 652 potum,
3900 590 4071 653 quae
4104 577 4258 636 tuae
4303 592 4463 655 erga

2505 675 2627 719 nos
2690 654 3119 738 benignitatis
3186 654 3361 719 dona
3442 665 3629 733 sunt,
3712 656 3786 720 in
3866 678 4068 720 usum
4156 664 4459 722 nostrum

2500 739 2866 817 sanctifica,
2928 750 3004 804 ut
3060 740 3306 820 sobrie,
3354 741 3546 807 sicuti
3590 742 3946 826 praecipis,
4005 750 4074 807 61
4110 742 4460 826 frugaliter

2497 825 2582 888 iis
2625 831 2907 899 utentes,
2951 845 3294 891 vescamur
3335 847 3505 909 pura
3556 827 3967 893 conscicntia
4056 827 4195 892 Fac
4239 828 4457 908 etiam,

2498 918 2575 974 61
2616 917 2680 974 16
2724 919 2975 993 patrem
3022 932 3298 994 semper,
3335 912 3781 995 bonorumque
3800 915 4107 979 *omnium
4142 923 4465 994 autorem,

2499 1004 2568 1061 61
2622 1016 3053 1079 agnoscamus
3106 1018 3268 1062 vera
3320 999 3522 1062 animi
3573 1001 3961 1081 gratuitate,
4005 1007 4073 1065 61
4114 1021 4226 1065 616
4269 1021 4458 1082 prae-

2500 1081 2821 1147 dicemus:
2868 1103 2943 1147 ac
2987 1083 3079 1148 sic
3112 1083 3410 1147 fruamur
3444 1086 3734 1166 corporis
3771 1085 4122 1165 alimentis,
4159 1092 4235 1149 ut
4265 1106 4458 1168 prae-

2500 1167 2691 1249 cipuo
2736 1175 2957 1232 tamen
2994 1168 3207 1234 cordis
3243 1169 3481 1234 affectu
3517 1171 3880 1252 aspiremus
3917 1170 4000 1236 ad
4043 1170 4458 1255 spiritualem

2502 1251 2836 1318 doctrinae
2881 1262 3032 1317 tuae
3076 1274 3334 1336 panem,
3383 1276 3509 1337 quo
3553 1257 3809 1322 animae
3852 1266 4115 1322 nostrae
4159 1258 4229 1322 in
4272 1278 4459 1340 spem

2502 1345 2808 1403 aeternae
2852 1340 3029 1403 vitae
3072 1350 3438 1422 pascantur.
3505 1341 3639 1406 Per
3681 1341 3902 1407 Iesum
3938 1342 4281 1409 Christum
4316 1341 4460 1406 Do-

2500 1425 2756 1488 nimum
2801 1433 3121 1489 nostrum.

3281 1631 3592 1687 DEUTER.
3629 1631 3678 1685 8.

2672 1750 2827 1814 Non
2870 1749 3006 1816 solo
3066 1771 3237 1833 pane
3281 1752 3454 1816 vivit
3492 1753 3713 1818 homo:
3775 1752 3890 1819 sed
3930 1755 4111 1818 omni
4155 1775 4460 1820 sermone
4507 1808 4511 1812 .

2503 1836 2613 1918 qui
2658 1835 2953 1919 procedit
2997 1858 3080 1900 ex
3125 1857 3237 1901 ore
3282 1835 3431 1903 Dei.

2658 2090 2898 2158 POST
2941 2092 3244 2160 PASTU
3245 2094 3324 2159 M
3367 2094 3933 2162 GRATIARUM
3978 2095 4278 2163 ACTIO.

3190 2282 3290 2368 EX
3324 2282 3613 2337 PSALMO
3652 2282 3770 2336 117.

2673 2398 2926 2466 Omnes
2981 2409 3210 2485 gentes
3266 2403 3541 2468 laudent
3598 2403 3985 2482 Dominum,
4046 2425 4274 2469 omnes
4337 2426 4456 2488 po-

2498 2486 2636 2570 puli
2681 2494 2923 2552 canant
2960 2485 3227 2552 laudem
3274 2489 3431 2554 Deo.

2672 2571 2848 2653 Quia
2909 2574 3340 2656 multiplicata
3400 2583 3501 2640 681
3562 2595 3760 2656 super
3823 2595 3943 2638 nos
4008 2575 4455 2641 misericordia

2498 2659 2655 2738 6168,
2703 2667 2771 2723 61
2814 2659 3058 2724 veritas
3100 2660 3308 2743 ipsius
3348 2669 3576 2726 manet
3617 2662 3687 2725 in
3731 2669 4091 2724 aeternum.

2670 2864 2937 2931 Gratias
2992 2866 3278 2950 agimus,
3337 2867 3521 2931 Deus
3578 2884 3654 2931 ac
3711 2872 3927 2949 pater,
3986 2863 4066 2931 de
4109 2872 4209 2931 tot
4251 2866 4451 2932 bene-

2493 2951 2685 3030 ficiis,
2747 2972 2913 3034 quae
2955 2952 3147 3018 nobis
3192 2950 3452 3017 assidue
3501 2972 3619 3034 pro
3672 2952 3932 3017 infinita
3988 2959 4106 3017 tua
4149 2950 4453 3037 benigni-

2492 3044 2628 3103 tate
2670 3037 2951 3121 largiris.
3038 3038 3359 3117 Primum,
3407 3037 3580 3120 quod
3622 3038 3859 3117 omnia,
3905 3038 4142 3121 quibus
4178 3037 4260 3103 ad
4286 3059 4450 3103 ‚sus-

2494 3123 2834 3188 tinendam
2900 3132 3315 3206 praesentem
3388 3126 3591 3189 vitam
3680 3123 4084 3207 indigemus,
4164 3124 4448 3189 admini-

2494 3209 2645 3274 cula
2681 3208 3174 3292 suppeditando,
3193 3210 3252 3293 ⁵)
3278 3208 3570 3292 corporis
3609 3209 3807 3273 etiam
3852 3210 4060 3274 nostri
4109 3231 4335 3274 curam
4380 3217 4449 3275 te

2490 3293 2734 3360 habere
2790 3294 3225 3360 demonstras:
3302 3302 3448 3359 tum
3514 3316 3670 3362 vero
3735 3295 4085 3378 praecipue
4139 3294 4313 3377 quod
4376 3297 4447 3361 in

2493 3401 2678 3463 spem
2733 3379 3023 3446 melioris
3076 3381 3286 3459 vitae,
3342 3402 3541 3463 quam
3596 3379 3786 3460 nobis
3841 3400 4026 3445 sacro
4082 3389 4196 3445 tuo
4240 3402 4446 3445 evan-

2492 3466 2660 3549 gelio
2718 3471 2835 3546 [fol.
2876 3471 2985 3546 87]
3032 3466 3371 3545 revelasti,
3417 3487 3536 3531 nos
3581 3466 3931 3550 regignere
3977 3465 4287 3548 dignatus
4333 3467 4442 3531 818.

2492 3554 2714 3634 Τ6(166
2738 3572 3021 3630 61816118,
3048 3572 3130 3617 ne
3169 3561 3425 3616 mentes
3467 3559 3726 3616 nostras
3746 3552 3903 3637 6)111
3928 3551 4306 3634 corporibus
4344 3574 4447 3618 se-

2489 3636 2739 3721 pultas,
2797 3637 2971 3703 curis
3016 3645 3084 3703 et
3126 3637 3631 3721 cogitationibus
3678 3638 3957 3702 terrenis
4011 3637 4192 3720 affigi
4235 3638 4447 3721 patia-

2488 3725 2601 3788 ris.
2702 3722 2881 3804 Quin
2937 3725 3154 3806 potius
3210 3724 3425 3802 effice,
3480 3731 3556 3787 ut
3614 3744 3879 3788 sursum
3937 3724 4136 3788 erecti
4192 3731 4446 3807 perste-

2488 3831 2637 3874 mus
2678 3810 2750 3873 111
2796 3809 3277 3891 exspectatione
3318 3809 3569 3875 Christi
3612 3809 3731 3873 filii
3774 3810 3893 3888 tui,
3940 3809 4143 3875 donec
4187 3829 4223 3873 e
4268 3809 4445 3890 coelo

2485 3895 2622 4046 iKm
2644 3893 3163 3979 redemptionem
3243 3895 3652 3978 salutemque
3740 3903 4035 3960 nostram
4112 3902 4444 3978 appareat.

2623 4002 2723 4046 en.
4089 3997 4099 4006 ·

3334 4269 3395 4337 3)
3444 4270 3611 4325 Dans
3655 4269 3901 4325 l'e'dition
3947 4270 4015 4324 de
4050 4267 4187 4323 1545
4222 4271 4271 4323 le
4303 4275 4446 4324 texte

415 4340 505 4396 du
541 4342 776 4396 Psaume
817 4348 896 4395 est
928 4338 1111 4395 inse're'
1145 4355 1280 4395 sans
1313 4341 1621 4394 indication
1657 4339 1939 4409 d'oriqt'ne.
2016 4339 2152 4394 Colle
2187 4341 2253 4395 de
2289 4338 2425 4393 1562
2459 4344 2567 4393 met
2603 4338 2771 4393 CXV
2806 4339 2893 4394 11.

732 4409 794 4472 4)
835 4408 995 4465 1563:
1044 4410 1277 4475 effunde,
1322 4416 1448 4463 tuae
1499 4425 1630 4478 erga
1676 4425 1777 4465 nos
1823 4410 2170 4478 benignitatis
2215 4409 2360 4464 dona
2395 4405 2760 4476 sanctificans,
2797 4417 2858 4462 ut
2892 4409 3071 4462 sobrie
3109 4448 3123 4462 .
3160 4447 3176 4462 .
3214 4450 3227 4463 .

413 4477 736 4534 abutamur:
784 4489 838 4535 te
883 4490 1095 4548 patrem
1140 4488 1386 4533 nostrum
1435 4479 1771 4547 omniumque
1818 4479 2080 4532 bonorum
2127 4486 2372 4533 autorem
2420 4487 2776 4545 agnoscentes
2822 4493 2887 4531 86
2935 4478 3012 4531 816
3070 4477 3312 4531 fruentes
3352 4514 3364 4525 .
3402 4516 3414 4528 .

2176 4547 2235 4615 6)
2272 4554 2489 4601 11681188
2523 4546 2686 4599 rebus
2721 4546 2806 4600 his
2841 4546 3070 4600 terrenis
3107 4552 3162 4600 61
3198 4544 3416 4599 caducis
3452 4542 3601 4612 affigi
3635 4542 3791 4597 1563.

409 4546 484 4615 5)
521 4548 854 4618 suppeditas,
890 4557 1004 4602 tum
1039 4563 1168 4602 vero
1207 4589 1222 4603 .
1259 4587 1273 4600 .
1312 4585 1326 4599 .
1364 4586 1376 4600 .
1413 4552 1567 4600 cam.
1604 4562 1705 4600 om.
1743 4545 1897 4600 1563.

3265 4449 3278 4462 .
3315 4409 3379 4462 iis
3416 4415 3653 4476 utamur,
3688 4423 3797 4461 non
3834 4413 4013 4461 autem
4050 4407 4118 4461 ad
4153 4406 4443 4475 ingluviem

3455 4516 3468 4530 .
3506 4517 3518 4529 .
3555 4476 3882 4544 aspiremus,
3937 4492 4045 4545 quo
4084 4477 4308 4540 animae,
4345 4480 4439 4529 etc.
