4967 5992
377 368 502 432 81⁷

376 554 539 632 Im0‚
585 553 804 636 inquit
835 555 966 633 ille,
1009 577 1049 619 a
1083 554 1374 621 Domino
1406 553 1764 637 petendum
1799 560 1917 630 est,
1956 559 2033 617 ut
2073 559 2336 618 tantum

378 640 682 717 velimus,
712 652 1042 722 >quantum
1076 642 1337 719 sufficit,
1373 648 1450 706 ut
1469 639 1753 706 volendo
1788 639 2125 705 faciamus.
2173 639 2334 705 Ger-

379 738 520 791 tum
562 724 829 807 quidem
870 732 999 804 661,
1043 746 1167 792 666
1211 727 1381 792 velle
1424 747 1628 809 quum
1670 724 2008 791 volumus:
2064 724 2180 790 sed
2224 724 2335 790 ille

376 812 550 890 facit,
595 817 675 874 ut
718 810 998 876 velimus
1041 813 1305 878 bonum.
1398 811 1675 877 Certum
1719 809 1979 893 quidem
2026 816 2156 888 est,
2213 831 2335 875 nos

378 898 590 963 facere
656 917 860 979 quum
921 897 1229 963 facimus:
1299 897 1412 962 scd
1479 906 1557 961 ut
1598 897 1943 973 faciamus,
1999 894 2111 960 ille
2153 896 2330 973 facit,

376 981 752 1068 praebendo
794 983 971 1049 vires
1011 983 1495 1050 efficacissimas
1530 982 1887 1061 voluntati;
1933 981 2103 1046 sicut
2145 979 2329 1047 dicit:

376 1069 651 1134 Faciam
704 1076 780 1132 ut
832 1070 901 1132 in
957 1070 1326 1152 praeceptis
1368 1069 1537 1134 meis
1594 1067 1961 1134 ambuletis,
2052 1065 2187 1132 Sed
2232 1075 2332 1131 16-

375 1176 548 1235 1666,
596 1153 770 1219 (11661
811 1155 1157 1236 quispiam,
1202 1176 1323 1220 nos
1367 1161 1634 1237 accepta
1674 1153 1889 1237 prima
1930 1154 2145 1236 gratia
2185 1153 2331 1217 Deo

377 1239 742 1323 cooperari,
789 1240 1036 1323 inquit:
1076 1240 1125 1324 ¹)
1179 1260 1418 1323 nempe
1435 1290 1450 1317 ,
1508 1241 1665 1322 quia
1703 1248 1931 1305 nostra
1973 1246 2104 1316 est,
2161 1257 2332 1321 quae

378 1326 648 1409 spiritus
695 1326 905 1389 sancti
948 1325 1196 1391 virtute
1239 1327 1372 1391 iam
1419 1325 1588 1390 bona
1629 1325 1803 1390 facta
1837 1330 1954 1403 eet,
1999 1324 2328 1401 voluntas,

377 1419 446 1476 et
486 1432 607 1495 per
648 1432 795 1476 eam
840 1430 963 1475 nos
1005 1412 1262 1495 agimus
1307 1412 1436 1476 acti
1479 1411 1665 1495 prius
1700 1432 1740 1474 a
1783 1412 1946 1488 Deo,
1992 1409 2162 1473 nihil
2206 1410 2332 1472 mi-

375 1519 545 1576 rum,
591 1499 646 1561 si
690 1494 881 1561 nobis
923 1515 1079 1578 pars
1122 1496 1395 1562 actionis
1439 1496 1770 1561 tribuitur.
1836 1494 2126 1560 Proinde
2171 1493 2331 1558 dum

375 1581 726 1660 concludit,
773 1580 994 1646 Deum
1034 1580 1339 1647 fidelibus
1381 1582 1794 1647 redditurum
1839 1580 2012 1658 dicit,
2058 1588 2126 1645 et
2161 1579 2339 1644 bona⁴

376 1689 497 1752 pro
540 1667 762 1746 malis,
808 1666 930 1732 hoc
974 1675 1106 1745 est,
1155 1668 1438 1752 gratiam
1482 1689 1602 1750 pro
1645 1667 2002 1732 iniustitia:
2051 1677 2118 1730 et
2157 1665 2331 1731 bona

374 1775 497 1836 pro
541 1754 728 1818 bonis
745 1804 761 1832 ,
807 1752 876 1817 id
919 1760 1048 1831 est,
1188 1754 1390 1818 atiam
1434 1774 1555 1836 pro
1597 1753 1828 1836 gratia.
1919 1752 2051 1817 Hic
2089 1750 2332 1815 intelli·

375 1840 624 1924 gimus,
691 1838 848 1921 quid
904 1839 1017 1915 611,
1153 1859 1308 1903 eum
1360 1839 1502 1903 sine
1554 1839 1745 1903 nobis
1803 1858 2027 1920 agere:
2097 1856 2332 1918 nempe

375 1945 585 2007 quum
624 1945 709 1988 61
750 1923 1081 2006 lapidibus
1124 1923 1436 1990 Abrahae
1478 1923 1649 1989 filios
1691 1923 1880 2002 facit,
1939 1930 2005 1986 et
2047 1930 2331 1987 resectos

372 2031 459 2076 ex
518 2009 828 2092 sylvestri
881 2029 958 2075 ac
1010 2010 1420 2075 infructuosa
1483 2008 1626 2073 olea
1689 2007 1989 2074 surculos
2047 2009 2119 2071 in
2186 2008 2330 2089 pin·

371 2115 575 2180 guem
643 2116 719 2160 ac
788 2092 1178 2161 foecundam
1253 2095 1464 2159 oleam
1542 2094 1793 2159 inserit.
1905 2092 2096 2157 Nihil
2152 2092 2331 2156 enim

367 2181 512 2246 illic
555 2189 659 2245 est
700 2189 1020 2245 nostrum.
1110 2178 1288 2260 Quid
1332 2179 1568 2245 deinde
1612 2179 1944 2262 significet
1987 2176 2331 2243 nobiscum

368 2285 604 2351 agere:
650 2284 905 2347 nempe,
952 2264 1110 2329 dum
1145 2264 1345 2342 illam,
1392 2286 1588 2348 quam
1625 2263 1815 2329 nobis
1850 2263 2147 2341 contulit,
2195 2264 2330 2327 vir-

364 2358 587 2416 tutem
644 2356 959 2434 perpetuo
1014 2350 1245 2413 auxilii
1299 2353 1403 2416 sui
1457 2356 1684 2415 tenore
1729 2347 2028 2428 adiuvat,
2072 2369 2331 2432 promo-

365 2445 501 2516 vet,
551 2437 897 2502 confirmat
917 2447 1057 2499 tum
1082 2435 1166 2499 ad
1201 2437 1518 2519 cuiusque
1554 2435 1771 2518 operis
1809 2435 2137 2512 effectum,
2184 2441 2329 2498 tum

366 2522 456 2587 ad
515 2521 819 2585 ultimam
878 2520 1052 2585 vitae
1107 2521 1688 2602 perseverantiam.
1778 2519 1909 2585 Vel
1964 2522 2020 2584 si
2063 2519 2329 2602 elegan-

362 2618 512 2672 tem
555 2606 743 2671 illam
798 2605 994 2669 Pauli
1048 2605 1549 2671 similitudinem
1594 2605 1814 2691 (Rom.
1862 2610 1958 2684 11,
2005 2604 2112 2688 17)
2170 2605 2330 2669 reti-

363 2713 536 2758 nere
569 2691 789 2769 libeat,
836 2690 994 2755 dum
1028 2690 1224 2771 oleas,
1261 2692 1393 2755 iam
1432 2691 1515 2755 ad
1549 2689 2066 2760 foecunditatem
2099 2691 2328 2768 factas,

367 2777 642 2844 coelesti
707 2775 923 2841 calore
988 2797 1106 2841 suo
1172 2784 1438 2860 vegetat
1451 2828 1466 2855 ,
1546 2797 1695 2842 rore
1760 2776 2098 2842 humectat
2115 2827 2131 2854 ,
2203 2796 2330 2857 quo

365 2865 662 2928 fructum
705 2862 938 2926 ferant.
1028 2861 1122 2926 Et
1175 2869 1354 2927 certe
1396 2862 1468 2926 in
1513 2862 1638 2928 hac
1683 2859 2143 2939 similitudine,
2190 2882 2329 2924 om·

366 2950 562 3015 nium
618 2947 843 3030 Pighii
903 2947 1398 3011 cavillationum
1459 2948 1667 3013 facilis
1733 2955 1836 3013 est
1888 2968 1964 3012 ac
2020 2945 2331 3029 expedita

369 3040 524 3114 [pag.
566 3048 592 3097 1
610 3036 714 3111 18]
760 3032 1010 3097 solutio.
1102 3031 1391 3098 Oleastri
1433 3041 1676 3099 natura
1717 3054 1978 3111 sumus,
2027 3031 2221 3097 nihili
2264 3040 2332 3096 et

367 3119 648 3186 steriles.
746 3118 942 3185 Hanc
989 3118 1406 3184 sterilitatem
1473 3118 1663 3184 nobis
1729 3119 1943 3183 aufert
1992 3119 2207 3197 Deus,
2265 3124 2332 3181 et

368 3207 645 3272 idoneas
678 3202 945 3269 ferendo
987 3205 1232 3269 fructui
1258 3203 1434 3269 oleas
1477 3204 1651 3282 facit,
1697 3204 1858 3268 dum
1901 3224 2025 3268 nos
2055 3205 2130 3267 in
2153 3204 2330 3269 vitae

365 3291 734 3358 novitatem
777 3285 1139 3373 regenerat.
1212 3287 1556 3372 Siquidem
1591 3298 1656 3355 et
1688 3295 1982 3354 mentem
2015 3295 2328 3365 66611616,

364 3397 636 3444 caecam
672 3384 740 3440 et
779 3374 854 3438 16
897 3374 1185 3440 tenebris
1230 3374 1572 3456 sepultam,
1614 3374 1760 3439 luce
1803 3375 2103 3439 veritatis
2145 3373 2329 3439 illus-

365 3470 539 3541 trat,
587 3471 658 3525 et
698 3461 1109 3524 voluntatem
1146 3482 1229 3525 ex
1269 3461 1502 3524 nativa
1548 3461 1875 3542 pravitate
1914 3461 1987 3523 in
2021 3459 2328 3524 obedien-

363 3551 540 3615 tiam
583 3546 748 3632 legis
793 3566 952 3611 suae
994 3546 1325 3610 reformat.
1414 3545 1498 3609 In
1542 3566 1620 3611 66
1661 3544 1818 3628 quid
1853 3553 1970 3623 est,
2015 3543 2188 3627 quod
2223 3564 2329 3630 111-ς

363 3653 608 3718 rogare
660 3631 850 3697 nobis
904 3630 1270 3713 possimus?
1371 3631 1735 3714 Postquam
1800 3637 2027 3695 autem
2092 3631 2330 3714 spiritu

363 3717 745 3786 sanctitatis
789 3715 1145 3801 gubernari
1176 3717 1529 3799 coepimus,
1575 3717 1709 3781 iam
1749 3715 1930 3781 61666
1973 3736 2220 3793 sumus,
2263 3722 2332 3780 et

359 3805 654 3884 virides,
720 3810 789 3867 et
845 3803 1065 3880 vivae,
1124 3809 1192 3867 et
1243 3801 1712 3886 pinguedinem
1771 3822 1856 3866 ex
1897 3800 2071 3866 bona
2111 3801 2329 3867 radice
2369 3819 2372 3824 ·

359 3890 728 3957 trahentes.
819 3886 1073 3970 Sponte
1127 3908 1284 3972 ergo
1337 3889 1473 3952 iam
1515 3885 1601 3952 ad
1651 3886 1996 3952 ferendum
2037 3888 2331 3954 fructum

361 3976 681 4061 propensi
735 3994 977 4039 sumus.
1081 3973 1365 4052 Verum,
1422 3995 1509 4038 an
1563 3973 1633 4038 id
1685 3994 1767 4038 ex
1822 3972 2011 4038 nobis
2067 3982 2196 4050 est,
2253 3980 2332 4036 ut

359 4063 474 4128 vel
519 4060 877 4125 minimum
916 4058 1184 4143 gloriari
1226 4058 1460 4124 liceat?
1551 4059 1793 4123 'Potum
1829 4079 1914 4123 61
1957 4057 2174 4124 radice
2210 4064 2326 4122 est.

363 4148 600 4214 Radix
641 4165 837 4228 porro
879 4144 1041 4227 ipsa,
1086 4166 1220 4210 non
1264 4152 1561 4224 naturae,
1608 4144 1725 4210 sed
1762 4145 2031 4228 gratiae.
2099 4144 2195 4207 Et
2227 4151 2329 4207 ta-

360 4254 525 4299 men
571 4252 657 4296 ne
721 4230 790 4294 id
833 4230 1098 4312 quidem
1143 4230 1418 4307 sufficit,
1462 4230 1592 4295 nisi
1636 4229 2019 4295 continuum
2066 4250 2103 4293 6
2150 4228 2329 4294 66616

361 4322 671 4404 vigorem
712 4317 898 4381 Deus
933 4314 1402 4404 subministret.

547 4402 772 4484 Quum
826 4409 964 4465 tam
1021 4398 1362 4466 evidenter
1413 4420 1534 4482 pro
1587 4401 1774 4465 nobis
1827 4399 2137 4481 loquatur
2186 4401 2328 4463 Au·

362 4491 678 4574 gustinus
729 4493 866 4550 toto
921 4505 1145 4569 opere,
1201 4484 1359 4568 quid
1413 4483 1592 4549 aliud
1646 4495 1803 4549 sunt
1852 4485 2082 4567 magni
2117 4484 2218 4548 illi
2261 4491 2330 4548 et

361 4574 598 4641 sonori
652 4571 877 4656 Pighii
921 4572 1267 4649 clamores,
1317 4568 1555 4653 quibus
1596 4569 1940 4635 victoriam
1985 4591 2178 4636 suam
2221 4590 2327 4635 ce-

361 4662 604 4736 lebrat,
651 4677 850 4741 quam
892 4656 1171 4721 ridicula
1213 4675 1568 4738 puerorum
1612 4654 2055 4737 crepitacula?
2084 4656 2144 4736 ²)
2211 4654 2326 4721 Sic

361 4747 658 4832 gratiam
703 4742 1121 4825 Augustinus
1164 4739 1529 4823 praedicat,
1587 4748 1664 4803 ut
1704 4740 1908 4805 libero
1953 4747 2176 4804 tamen
2222 4759 2328 4804 ar-

357 4831 570 4899 bitrio
614 4849 769 4894 6666
812 4828 1145 4909 relinquat
1186 4836 1425 4909 partes.
1514 4825 1722 4907 Atqui
1765 4824 1846 4889 (16
1880 4830 2145 4888 6661166
2188 4843 2328 4888 661-

361 4927 601 4982 tamen
643 4912 745 4978 illi
785 4914 1187 4978 remiseram.
1277 4912 1473 4977 Nunc
1514 4911 1720 4994 igitur
1760 4919 2079 4993 quantum
2120 4909 2329 4974 libero

513 5139 577 5202 1)
621 5137 888 5204 Princeps
922 5135 1076 5204 legit.-
1113 5133 1300 5188 innuit.

510 5205 578 5272 2)
633 5203 857 5260 Gallus:
904 5205 1055 5257 sinon
1105 5210 1293 5257 autaut
1338 5217 1441 5270 que
1489 5202 1531 5254 si
1582 5200 1678 5255 des
1728 5199 1918 5254 enfans
1962 5198 2232 5267 faisoyent
2277 5198 2329 5252 le

361 5276 662 5344 charivary
699 5275 731 5328 a
765 5271 936 5327 belles
973 5270 1166 5341 poilles
1203 5267 1435 5325 11611-6111.

1857 363 1987 430 ΒΕ
2030 363 2387 431 LIBERO
2430 364 2906 431 ARBITRIO.

4271 374 4401 438 318

2440 552 2713 619 arbitrio
2758 555 3081 638 largiatur
3116 556 3451 621 facultatis
3493 557 3915 639 Augustinus
3948 558 4401 641 quaerendum

2441 648 2600 719 erat,
2647 661 2784 704 non
2827 641 2899 703 in
2944 642 3211 707 nomine
3252 640 3711 708 insistendum.
3802 643 4115 725 Nullum,
4161 647 4399 729 inquit,

2439 733 2783 807 peccatum
2850 733 2978 805 est,
3059 728 3186 791 nisi
3248 727 3729 793 voluntarium.
3821 727 4159 809 Quorsum
4224 731 4397 798 hoc?

2439 810 2569 875 nisi
2613 818 2689 875 ut
2731 812 3171 893 suspicionem
3231 812 3511 878 indoctis
3554 813 3780 892 faciat,
3842 817 3955 898 qui
3988 823 4217 882 nostra
4257 840 4397 884 non

2439 894 2686 979 legunt,
2733 896 2924 961 aliter
2965 919 3086 963 nos
3126 897 3384 973 docere,
3441 920 3642 980 quum
3686 900 3811 966 hoc
3852 901 4069 984 ipsum
4117 904 4398 969 verbum

2437 981 2510 1044 in
2553 982 3116 1049 lucubrationibus
3158 984 3402 1049 nostris
3446 983 3810 1051 identidem
3855 995 4175 1052 occurrat.
4254 989 4395 1054 Im-

2438 1075 2702 1149 putare,
2757 1068 2998 1150 inquit,
3046 1068 3169 1134 sibi
3214 1071 3490 1153 quisque
3535 1069 3728 1136 debet
3773 1072 3945 1154 quod
3988 1080 4232 1155 peccat.
4303 1076 4398 1139 Et

2437 1151 2596 1234 quid
2639 1153 2763 1217 sibi
2807 1174 2885 1218 66
2928 1153 3190 1233 volunt,
3245 1175 3411 1238 quae
3451 1163 3605 1221 ante
3649 1179 3735 1222 ex
3775 1178 3924 1222 mea
3965 1158 4399 1225 Institutione

2437 1237 2713 1302 retulit?
2813 1239 3085 1318 Merita,
3147 1241 3388 1323 inquit,
3449 1249 3678 1307 nostra
3719 1251 4142 1308 coronentur:
4191 1247 4397 1329 siqui-

2437 1322 2589 1386 dem
2632 1323 2969 1407 intelligas
3025 1346 3169 1390 esse
3211 1326 3342 1391 Dei
3396 1326 3584 1392 dona.
3674 1328 3956 1405 Mirum,
4002 1330 4137 1394 nisi
4178 1332 4396 1396 sanio-

2436 1428 2545 1472 res
2601 1430 2684 1473 61
2727 1410 3260 1477 Romanensibus
3316 1411 3425 1478 hic
3476 1433 3627 1477 eum
3680 1416 4122 1497 praevaricari
4177 1418 4397 1500 suspi-

2438 1501 2697 1559 centur:
2756 1495 3021 1576 quando
3074 1516 3339 1563 causam
3393 1505 3692 1563 nostram
3759 1520 3894 1563 non
3954 1500 4145 1565 aliter
4196 1523 4398 1584 quam

2438 1580 2493 1644 61
2538 1580 2725 1644 uobis
2783 1580 3146 1648 conductus
3189 1582 3388 1661 foret,
3436 1583 3592 1666 agit.
3683 1583 3943 1648 Verum
3988 1585 4143 1668 quia
4182 1588 4254 1651 in
4296 1588 4394 1652 lo·-

2437 1685 2587 1729 cum
2627 1665 2826 1730 nimis
2871 1666 2995 1730 sibi
3037 1667 3368 1733 lubricum
3413 1676 3480 1732 et
3522 1669 3959 1752 periculosum
4015 1692 4086 1735 se
4127 1673 4395 1739 venisse

2437 1750 2673 1828 sentit,
2718 1750 2999 1816 retrahit
3039 1774 3197 1817 1661
3240 1754 3471 1835 pedem
3516 1764 3584 1818 61
3636 1755 3835 1820 611661
3879 1755 4057 1821 viam
4100 1758 4171 1821 in
4256 1758 4396 1823 edi-

2436 1845 2564 1899 tur.
2655 1837 2924 1900 Transit
2975 1839 3150 1901 enim
3193 1839 3275 1903 ad
3331 1839 3535 1904 alium
3590 1839 3860 1920 librum,
3919 1842 4031 1924 qui
4086 1863 4165 1907 su
4250 1845 4397 1907 Au-

2436 1922 2687 2004 gustini
2743 1923 3008 1987 nomine
3068 1927 3216 2001 [pag.
3261 1929 3408 2003 119]
3464 1934 3682 1991 exstat
3748 1927 3926 1991 inter
3982 1927 4124 1992 eius
4175 1947 4394 2011 opera,

2438 2006 2768 2089 habetque
2824 2007 3317 2090 inscriptionem
3331 2061 3349 2089 ,
3395 2010 3499 2074 De
3544 2009 3963 2094 dogmatibus
4006 2012 4403 2079 ecclesiasti-

2435 2091 2549 2155 cis.
2636 2093 2834 2156 Facit
2897 2100 3119 2157 autem
3175 2093 3246 2158 id
3301 2115 3421 2177 pro
3463 2095 3654 2160 solito
3698 2117 3817 2162 suo
3864 2097 4176 2176 candore,
4223 2097 4399 2182 quod

2437 2178 2650 2242 sancti
2705 2178 2831 2242 viri
2889 2178 3082 2243 titulo
3135 2179 3431 2245 abutitur
3487 2181 3558 2244 16
3622 2182 3883 2246 citando
3939 2203 4166 2265 opere,
4226 2184 4400 2267 quod

2433 2263 2923 2346 supposititium
2965 2284 3108 2329 esse
3151 2286 3284 2329 non
3318 2266 3548 2346 ⁴minus
3590 2267 3732 2347 ipse
3774 2269 3988 2346 novit,
4046 2288 4245 2350 quam
4287 2271 4400 2352 qui

2435 2369 2614 2413 nunc
2679 2369 2719 2412 a
2770 2369 2879 2413 me
2944 2349 3261 2414 admoniti
3325 2359 3699 2434 agnoscent.
3796 2353 4103 2417 Primum
4118 2403 4134 2430 ‚
4191 2374 4398 2435 quum

2436 2434 2734 2498 omnium
2778 2454 3053 2517 operum
3097 2456 3366 2500 suorum
3410 2458 3480 2502 se
3524 2436 3895 2521 catalogum
3938 2439 4010 2501 in
4046 2438 4396 2505 Retracta-

2435 2518 2724 2585 tionibus
2781 2521 3076 2586 texuisse
3140 2523 3525 2603 profiteatur
3600 2523 4045 2606 Augustinus,
4120 2522 4203 2588 de
4268 2524 4396 2592 hoc

2437 2624 2636 2687 opere
2689 2605 2875 2670 nulla
2928 2608 3196 2670 menti0.
3299 2606 3409 2672 Ad
3463 2608 3588 2673 hoc
3641 2629 3845 2690 quum
3900 2609 3989 2674 sit
4040 2609 4280 2691 ubique
4323 2610 4397 2674 in

2437 2689 2576 2755 suis
2630 2690 2893 2773 scriptis
2947 2691 3240 2757 methodi
3285 2693 3829 2772 studiosissimus,
3882 2694 4273 2776 opusculum
4314 2696 4396 2759 il-

2435 2773 2552 2839 lud
2610 2777 2891 2840 mixtam
2946 2785 3014 2842 et
3066 2779 3409 2844 confusam
3454 2780 3789 2844 variarum
3846 2799 4072 2843 rerum
4114 2780 4395 2863 farragi-

2435 2881 2623 2938 nem,
2681 2862 2824 2926 sine
2880 2862 3111 2927 ordine
3165 2870 3650 2940 coacervatam,
3724 2865 4032 2929 continet.
4078 2933 4095 2944 ⁸
4130 2865 4216 2928 In
4273 2865 4398 2931 hac

2434 2947 2771 3028 praesenti
2810 2950 3188 3029 quaestione
3225 2948 3385 3013 dum
3420 2958 3741 3027 versatur,
3778 2949 3946 3014 nihil
3982 2949 4160 3015 aliud
4196 2971 4397 3034 quam

2437 3030 2701 3097 diversa
2754 3032 2909 3098 hinc
2962 3033 3116 3098 inde
3162 3035 3535 3099 testimonia
3579 3035 3840 3119 colligit.
3932 3035 4396 3101 Innocentium

2435 3138 2677 3200 papam
2731 3139 3077 3183 romanum
3136 3120 3531 3203 magistrum
3584 3130 3778 3186 vocat
3831 3121 3940 3203 qui
3993 3121 4193 3205 longo
4244 3134 4398 3206 post

2436 3203 2890 3287 Augustinum
2932 3206 3245 3287 temporis
3289 3205 3500 3288 spatio
3559 3207 3903 3288 episcopus
3949 3217 4208 3272 creatus
4252 3208 4395 3273 fue-

2435 3295 2561 3354 rat.
2587 3291 2638 3372 ¹)
2724 3286 2831 3352 De
2890 3289 3195 3354 africanis
3238 3290 3539 3374 synodis,
3598 3291 3981 3355 milevitana
4020 3298 4089 3356 et
4131 3292 4393 3357 cartha-

2436 3374 2715 3456 ginensi,
2762 3373 3216 3460 sicloquitur,
3263 3376 3454 3456 quasi
3498 3396 3838 3458 nunquam
3881 3375 4016 3439 illis
4060 3377 4393 3442 interfuis-

2436 3468 2555 3537 set,
2603 3480 2805 3542 quum
2849 3469 3100 3524 certum
3147 3461 3251 3536 sit,
3298 3461 3755 3543 Augustinum
3800 3460 4070 3525 consilio
4107 3467 4175 3526 et
4208 3470 4394 3527 auto-

2434 3545 2631 3609 ritate
2680 3543 2810 3610 illis
2866 3545 3246 3625 praefuisse.
3337 3546 3482 3609 1166
3536 3566 3699 3629 quas
3753 3566 3838 3610 61
3889 3546 4271 3629 Augustino
4329 3556 4396 3614 61

2434 3630 2575 3695 eius
2629 3629 3009 3712 aequalibus
3063 3631 3427 3695 sententias
3494 3630 3724 3709 sumit,
3791 3631 4211 3713 antiquorum
4277 3654 4395 3716 pa-

2433 3722 2612 3779 trum
2649 3714 3060 3780 definitiones
3096 3716 3411 3781 nominat.
3479 3714 3877 3799 Quanquam
3921 3717 4186 3800 ineptus
4223 3740 4393 3798 sum,

2434 3801 2547 3883 qui
2611 3802 2684 3865 in
2749 3822 2819 3866 16
2878 3821 3293 3884 nequaquam
3358 3800 3634 3867 obscura
3710 3810 3976 3866 tantum
4040 3804 4393 3869 verborum

2434 3904 2848 3951 consumam:
2906 3886 3036 3952 nisi
3094 3885 3267 3969 quod
3316 3887 3383 3951 id
3431 3887 3665 3951 saltem
3705 3887 4003 3970 profici0‚
4050 3896 4124 3952 ut
4165 3888 4393 3972 Pighii

2432 3971 2907 4053 impudentiam
2952 3993 3147 4036 nemo
3190 3993 3324 4037 non
3362 3972 3601 4038 videat.

2607 4058 2806 4122 Nunc
2859 4056 3236 4137 audiamus,
3298 4056 3454 4141 quid
3499 4079 3650 4124 cum
3690 4057 3947 4122 larvato
3998 4057 4114 4121 1116
4158 4059 4390 4142 Augu·

2434 4143 2609 4207 stino
2673 4141 2969 4207 obtinere
3029 4143 3220 4207 velit:
3275 4143 3373 4208 Ut
3428 4144 3672 4220 sciant,
3742 4143 3989 4224 inquit,
4055 4142 4389 4222 haeretici,

2433 4249 2570 4292 non
2614 4249 2697 4292 61
2753 4227 3010 4310 privato
3052 4249 3206 4294 eum
3249 4250 3445 4294 sensu
3487 4229 3767 4293 liberum
3822 4227 4170 4292 arbitrium
4215 4249 4391 4293 asse-

2434 4335 2612 4392 rere,
2670 4313 2787 4379 sed
2825 4335 2910 4378 61
2954 4313 3332 4379 definitione
3386 4314 3854 4391 ecclesiastica,
3914 4313 4018 4376 cui
4061 4311 4389 4377 contradi-

2435 4421 2581 4464 cere
2635 4420 2829 4464 nemo
2892 4400 3150 4482 piorum
3207 4401 3395 4463 ausit.
3500 4400 3694 4463 Itane
3756 4419 3943 4474 vero,
4012 4407 4089 4461 ut
4129 4406 4388 4463 tantum

2434 4485 2739 4567 ponderis
2775 4485 3065 4549 habeant
3105 4484 3420 4567 incogniti
3464 4484 3766 4560 bominis,
3813 4483 3981 4547 nihil
4026 4482 4172 4547 dico
4206 4505 4388 4550 nunc

2556 4572 2732 4649 vius,
2778 4568 3212 4651 undecunque
3256 4579 3502 4633 temere
3548 4575 3895 4652 congestae
3952 4567 4385 4650 rhapsodiae?

2490 4655 2571 4720 ed
2627 4664 2948 4737 quatenus
3001 4655 3270 4718 libertas
3326 4653 3461 4720 illic
3512 4653 3973 4736 praedicatur?
4062 4653 4158 4720 Ut
4199 4652 4388 4719 nobis

2434 4746 2586 4824 post
2638 4741 2899 4822 lapsum
2957 4748 3224 4804 maneat
3279 4740 3349 4803 in
3414 4747 3761 4821 utramque
3816 4745 4071 4821 partem
4126 4738 4383 4804 electio:

2432 4825 2558 4889 hac
2610 4833 2835 4889 tamen
2891 4825 3270 4905 exceptione
3325 4822 3577 4902 addita,
3640 4832 3717 4888 ut
3771 4845 3904 4889 non
3950 4825 4194 4902 valeat,
4254 4824 4387 4887 nisi

2434 4909 2827 4974 admonente
2883 4907 3059 4985 Dec,
3122 4917 3191 4972 et
3233 4908 3315 4973 ad
3360 4908 3640 4975 salutem
3694 4910 4050 4988 invitante3
4106 4907 4388 4974 secundo

2574 5063 2634 5130 1)
2674 5063 2749 5117 In
2788 5063 2886 5115 1166
2922 5077 3048 5116 vero
3080 5060 3299 5128 fallitur
3335 5063 3424 5115 vir
3458 5077 3712 5115 summus.
3759 5060 4119 5116 Innocentius
4146 5059 4196 5111 1.
4230 5076 4388 5129 quem

2436 5133 2609 5186 solum
2645 5134 2912 5200 respicere
2946 5135 3110 5183 autor
3156 5129 3245 5182 elle
3289 5134 3496 5200 potuit,
3522 5146 3708 5200 ,91111111
3745 5130 4016 5184 secundus
4049 5130 4264 5182 saeculo
4299 5129 4386 5180 de·

2437 5216 2582 5253 mum
2618 5200 2934 5255 duodecimo
2970 5199 3201 5264 vixerit,
3249 5199 3425 5251 sedem
3459 5214 3738 5254 romanam
3781 5200 4067 5265 occupavit
4097 5211 4249 5250 anno
4279 5195 4390 5248 402

2435 5275 2489 5323 et
2517 5269 2638 5335 fato
2672 5284 2773 5323 suo
2804 5268 3035 5334 functas
3064 5272 3143 5320 est
3176 5281 3326 5321 611116
3358 5265 3479 5320 417.
