<?xml version="1.0" encoding="UTF-8"?>
<!DOCTYPE html PUBLIC "-//W3C//DTD XHTML 1.0 Transitional//EN"
    "http://www.w3.org/TR/xhtml1/DTD/xhtml1-transitional.dtd">
<html xmlns="http://www.w3.org/1999/xhtml" xml:lang="en" lang="en">
 <head>
  <title>
</title>
<meta http-equiv="Content-Type" content="text/html;charset=utf-8" />
  <meta name='ocr-system' content='tesseract 3.04.00' />
  <meta name='ocr-capabilities' content='ocr_page ocr_carea ocr_par ocr_line ocrx_word'/>
</head>
<body>
  <div class='ocr_page' id='page_1' title='image "./ioanniscalvinio02unkngoog_0220.png"; bbox 0 0 4967 5992; ppageno 0'>
   <div class='ocr_carea' id='block_1_1' title="bbox 12 3617 374 5774">
    <p class='ocr_par' dir='ltr' id='par_1_1' title="bbox 12 3617 374 5774">
     <span class='ocr_line' id='line_1_1' title="bbox 12 3617 374 5774; baseline 0 0"><span class='ocrx_word' id='word_1_1' title='bbox 12 3617 374 5774; x_wconf 95' lang='lat' dir='ltr'> </span> 
     </span>
    </p>
   </div>
   <div class='ocr_carea' id='block_1_2' title="bbox 519 282 4535 422">
    <p class='ocr_par' dir='ltr' id='par_1_2' title="bbox 519 282 4535 422">
     <span class='ocr_line' id='line_1_2' title="bbox 519 282 4535 422; baseline -0.001 -34"><span class='ocrx_word' id='word_1_2' title='bbox 519 329 644 390; x_wconf 76' lang='lat'>363</span> <span class='ocrx_word' id='word_1_3' title='bbox 726 412 738 422; x_wconf 87' lang='lat'>.</span> <span class='ocrx_word' id='word_1_4' title='bbox 1295 372 1324 420; x_wconf 81' lang='lat'>·;</span> <span class='ocrx_word' id='word_1_5' title='bbox 1815 314 2345 383; x_wconf 77' lang='lat' dir='ltr'>REsPONsIO</span> <span class='ocrx_word' id='word_1_6' title='bbox 2390 312 2770 381; x_wconf 70' lang='lat' dir='ltr'>ooN&#39;rRA</span> <span class='ocrx_word' id='word_1_7' title='bbox 2812 315 3230 408; x_wconf 64' lang='lat' dir='ltr'>PIQHIUM</span> <span class='ocrx_word' id='word_1_8' title='bbox 3704 282 3713 291; x_wconf 77' lang='grc'><strong><em>’</em></strong></span> <span class='ocrx_word' id='word_1_9' title='bbox 4152 351 4159 358; x_wconf 90' lang='lat'>-</span> <span class='ocrx_word' id='word_1_10' title='bbox 4413 321 4535 383; x_wconf 80' lang='lat'>364</span> 
     </span>
    </p>
   </div>
   <div class='ocr_carea' id='block_1_3' title="bbox 510 591 2479 2137">
    <p class='ocr_par' dir='ltr' id='par_1_3' title="bbox 510 591 2479 2137">
     <span class='ocr_line' id='line_1_3' title="bbox 515 591 2476 676; baseline -0.004 -14"><span class='ocrx_word' id='word_1_11' title='bbox 515 620 637 664; x_wconf 87' lang='lat' dir='ltr'>nec</span> <span class='ocrx_word' id='word_1_12' title='bbox 683 596 898 660; x_wconf 78' lang='lat' dir='ltr'>desint</span> <span class='ocrx_word' id='word_1_13' title='bbox 936 594 1167 661; x_wconf 86' lang='lat' dir='ltr'>obviae</span> <span class='ocrx_word' id='word_1_14' title='bbox 1203 592 1327 658; x_wconf 84' lang='lat' dir='ltr'>s&#39;ibi</span> <span class='ocrx_word' id='word_1_15' title='bbox 1372 593 1802 676; x_wconf 86' lang='lat' dir='ltr'>adiutricique</span> <span class='ocrx_word' id='word_1_16' title='bbox 1846 593 2115 676; x_wconf 88' lang='lat' dir='ltr'>gratiae,</span> <span class='ocrx_word' id='word_1_17' title='bbox 2160 591 2318 675; x_wconf 90' lang='lat' dir='ltr'>quin</span> <span class='ocrx_word' id='word_1_18' title='bbox 2362 613 2476 673; x_wconf 91' lang='lat' dir='ltr'>po-</span> 
     </span>
     <span class='ocr_line' id='line_1_4' title="bbox 515 677 2476 763; baseline -0.004 -14"><span class='ocrx_word' id='word_1_19' title='bbox 515 684 644 749; x_wconf 86' lang='lat' dir='ltr'>tius</span> <span class='ocrx_word' id='word_1_20' title='bbox 701 681 882 745; x_wconf 90' lang='lat' dir='ltr'>illam</span> <span class='ocrx_word' id='word_1_21' title='bbox 940 677 1470 763; x_wconf 77' lang='lat' dir='ltr'>apprehendant,</span> <span class='ocrx_word' id='word_1_22' title='bbox 1526 679 1666 744; x_wconf 90' lang='lat' dir='ltr'>eius</span> <span class='ocrx_word' id='word_1_23' title='bbox 1713 679 2035 744; x_wconf 88' lang='lat' dir='ltr'>adiutorio</span> <span class='ocrx_word' id='word_1_24' title='bbox 2080 678 2324 742; x_wconf 88' lang='lat' dir='ltr'>reverti</span> <span class='ocrx_word' id='word_1_25' title='bbox 2368 697 2476 741; x_wconf 89' lang='lat' dir='ltr'>co-</span> 
     </span>
     <span class='ocr_line' id='line_1_5' title="bbox 511 764 2474 847; baseline -0.005 -12"><span class='ocrx_word' id='word_1_26' title='bbox 511 776 757 835; x_wconf 88' lang='lat' dir='ltr'>nentur</span> <span class='ocrx_word' id='word_1_27' title='bbox 813 766 896 829; x_wconf 88' lang='lat' dir='ltr'>ad</span> <span class='ocrx_word' id='word_1_28' title='bbox 940 767 1331 842; x_wconf 86' lang='lat' dir='ltr'>Dominum,</span> <span class='ocrx_word' id='word_1_29' title='bbox 1389 765 1470 829; x_wconf 91' lang='lat' dir='ltr'>ab</span> <span class='ocrx_word' id='word_1_30' title='bbox 1516 785 1591 829; x_wconf 89' lang='grc'>66</span> <span class='ocrx_word' id='word_1_31' title='bbox 1647 764 1892 830; x_wconf 88' lang='lat' dir='ltr'>salvari</span> <span class='ocrx_word' id='word_1_32' title='bbox 1934 774 2161 847; x_wconf 91' lang='lat' dir='ltr'>optent</span> <span class='ocrx_word' id='word_1_33' title='bbox 2204 785 2280 829; x_wconf 90' lang='lat' dir='ltr'>ac</span> <span class='ocrx_word' id='word_1_34' title='bbox 2326 766 2474 841; x_wconf 80' lang='lat' dir='ltr'>[pag.</span> 
     </span>
     <span class='ocr_line' id='line_1_6' title="bbox 518 848 2475 936; baseline -0.003 -18"><span class='ocrx_word' id='word_1_35' title='bbox 518 859 668 931; x_wconf 86' lang='lat'>181]</span> <span class='ocrx_word' id='word_1_36' title='bbox 712 863 994 936; x_wconf 79' lang='lat' dir='ltr'><strong>sperent,</strong></span> <span class='ocrx_word' id='word_1_37' title='bbox 1039 851 1135 915; x_wconf 92' lang='lat' dir='ltr'>illi</span> <span class='ocrx_word' id='word_1_38' title='bbox 1180 872 1250 915; x_wconf 89' lang='lat' dir='ltr'>se</span> <span class='ocrx_word' id='word_1_39' title='bbox 1294 849 1633 926; x_wconf 89' lang='lat' dir='ltr'>curandos,</span> <span class='ocrx_word' id='word_1_40' title='bbox 1678 849 2166 924; x_wconf 88' lang='lat' dir='ltr'>illuminandos,</span> <span class='ocrx_word' id='word_1_41' title='bbox 2212 848 2475 913; x_wconf 88' lang='lat' dir='ltr'>salvan-</span> 
     </span>
     <span class='ocr_line' id='line_1_7' title="bbox 511 935 2477 1019; baseline -0.004 -13"><span class='ocrx_word' id='word_1_42' title='bbox 511 941 628 1006; x_wconf 87' lang='lat' dir='ltr'>dos</span> <span class='ocrx_word' id='word_1_43' title='bbox 671 937 959 1004; x_wconf 87' lang='lat' dir='ltr'>tradant.</span> <span class='ocrx_word' id='word_1_44' title='bbox 1049 935 1307 1017; x_wconf 77' lang='lat' dir='ltr'>Quibus</span> <span class='ocrx_word' id='word_1_45' title='bbox 1354 936 1569 1001; x_wconf 90' lang='lat' dir='ltr'>verbis</span> <span class='ocrx_word' id='word_1_46' title='bbox 1613 947 1833 1019; x_wconf 90' lang='lat' dir='ltr'>partes</span> <span class='ocrx_word' id='word_1_47' title='bbox 1875 936 2039 1001; x_wconf 89' lang='lat' dir='ltr'>istas</span> <span class='ocrx_word' id='word_1_48' title='bbox 2079 936 2155 999; x_wconf 89' lang='lat' dir='ltr'>in</span> <span class='ocrx_word' id='word_1_49' title='bbox 2196 955 2477 1000; x_wconf 89' lang='lat' dir='ltr'>renova-</span> 
     </span>
     <span class='ocr_line' id='line_1_8' title="bbox 510 1021 2476 1107; baseline -0.004 -16"><span class='ocrx_word' id='word_1_50' title='bbox 510 1028 691 1091; x_wconf 85' lang='lat' dir='ltr'>tione</span> <span class='ocrx_word' id='word_1_51' title='bbox 747 1026 1040 1107; x_wconf 87' lang='lat' dir='ltr'>assignat</span> <span class='ocrx_word' id='word_1_52' title='bbox 1083 1023 1288 1089; x_wconf 87' lang='lat' dir='ltr'>libero</span> <span class='ocrx_word' id='word_1_53' title='bbox 1345 1021 1648 1100; x_wconf 88' lang='lat' dir='ltr'>arbitri0,</span> <span class='ocrx_word' id='word_1_54' title='bbox 1714 1031 1790 1086; x_wconf 90' lang='lat' dir='ltr'>ut</span> <span class='ocrx_word' id='word_1_55' title='bbox 1845 1022 2035 1098; x_wconf 90' lang='lat' dir='ltr'>velit,</span> <span class='ocrx_word' id='word_1_56' title='bbox 2105 1031 2184 1084; x_wconf 93' lang='lat' dir='ltr'>ut</span> <span class='ocrx_word' id='word_1_57' title='bbox 2242 1040 2476 1102; x_wconf 89' lang='lat' dir='ltr'>appre-</span> 
     </span>
     <span class='ocr_line' id='line_1_9' title="bbox 512 1104 2476 1190; baseline -0.004 -14"><span class='ocrx_word' id='word_1_58' title='bbox 512 1111 792 1186; x_wconf 87' lang='lat' dir='ltr'>hendat,</span> <span class='ocrx_word' id='word_1_59' title='bbox 851 1123 926 1173; x_wconf 92' lang='lat' dir='ltr'>ut</span> <span class='ocrx_word' id='word_1_60' title='bbox 968 1117 1269 1182; x_wconf 88' lang='lat' dir='ltr'>conetur,</span> <span class='ocrx_word' id='word_1_61' title='bbox 1326 1117 1400 1172; x_wconf 92' lang='lat' dir='ltr'>ut</span> <span class='ocrx_word' id='word_1_62' title='bbox 1442 1106 1852 1190; x_wconf 76' lang='lat' dir='ltr'><strong>obsequatur.</strong></span> <span class='ocrx_word' id='word_1_63' title='bbox 1943 1107 2089 1184; x_wconf 88' lang='lat' dir='ltr'>His,</span> <span class='ocrx_word' id='word_1_64' title='bbox 2148 1104 2321 1187; x_wconf 93' lang='lat' dir='ltr'>quod</span> <span class='ocrx_word' id='word_1_65' title='bbox 2360 1125 2476 1168; x_wconf 90' lang='lat' dir='ltr'>ne-</span> 
     </span>
     <span class='ocr_line' id='line_1_10' title="bbox 512 1192 2476 1277; baseline -0.004 -14"><span class='ocrx_word' id='word_1_66' title='bbox 512 1218 693 1264; x_wconf 86' lang='lat' dir='ltr'>cesse</span> <span class='ocrx_word' id='word_1_67' title='bbox 737 1209 868 1273; x_wconf 91' lang='lat' dir='ltr'>est,</span> <span class='ocrx_word' id='word_1_68' title='bbox 928 1194 1296 1277; x_wconf 89' lang='lat' dir='ltr'>subiungit:</span> <span class='ocrx_word' id='word_1_69' title='bbox 1344 1214 1573 1258; x_wconf 90' lang='lat' dir='ltr'>omnes</span> <span class='ocrx_word' id='word_1_70' title='bbox 1619 1214 1939 1274; x_wconf 77' lang='lat' dir='ltr'>peraeque</span> <span class='ocrx_word' id='word_1_71' title='bbox 1984 1192 2237 1275; x_wconf 87' lang='lat' dir='ltr'>gratiae</span> <span class='ocrx_word' id='word_1_72' title='bbox 2282 1210 2476 1274; x_wconf 87' lang='lat' dir='ltr'>capa-</span> 
     </span>
     <span class='ocr_line' id='line_1_11' title="bbox 511 1277 2475 1363; baseline -0.004 -14"><span class='ocrx_word' id='word_1_73' title='bbox 511 1305 620 1349; x_wconf 90' lang='lat' dir='ltr'>ces</span> <span class='ocrx_word' id='word_1_74' title='bbox 666 1301 826 1358; x_wconf 89' lang='lat' dir='ltr'>esse,</span> <span class='ocrx_word' id='word_1_75' title='bbox 869 1279 1040 1363; x_wconf 91' lang='lat' dir='ltr'>quod</span> <span class='ocrx_word' id='word_1_76' title='bbox 1086 1280 1388 1344; x_wconf 88' lang='lat' dir='ltr'>omnibus</span> <span class='ocrx_word' id='word_1_77' title='bbox 1430 1278 1885 1344; x_wconf 85' lang='lat' dir='ltr'>indifferenter</span> <span class='ocrx_word' id='word_1_78' title='bbox 1925 1279 2254 1342; x_wconf 86' lang='lat' dir='ltr'>offeratur.</span> <span class='ocrx_word' id='word_1_79' title='bbox 2318 1277 2475 1341; x_wconf 88' lang='lat' dir='ltr'>Pos-</span> 
     </span>
     <span class='ocr_line' id='line_1_12' title="bbox 511 1362 2475 1448; baseline -0.005 -14"><span class='ocrx_word' id='word_1_80' title='bbox 511 1377 621 1434; x_wconf 88' lang='lat' dir='ltr'>tea</span> <span class='ocrx_word' id='word_1_81' title='bbox 667 1367 878 1433; x_wconf 90' lang='lat' dir='ltr'>multo</span> <span class='ocrx_word' id='word_1_82' title='bbox 931 1365 1148 1431; x_wconf 89' lang='lat' dir='ltr'>adhuc</span> <span class='ocrx_word' id='word_1_83' title='bbox 1181 1365 1442 1448; x_wconf 88' lang='lat' dir='ltr'>longius</span> <span class='ocrx_word' id='word_1_84' title='bbox 1491 1362 1811 1447; x_wconf 87' lang='lat' dir='ltr'>procedit:</span> <span class='ocrx_word' id='word_1_85' title='bbox 1855 1363 2112 1428; x_wconf 89' lang='lat' dir='ltr'>nullam</span> <span class='ocrx_word' id='word_1_86' title='bbox 2148 1363 2290 1427; x_wconf 88' lang='lat' dir='ltr'>fieri</span> <span class='ocrx_word' id='word_1_87' title='bbox 2326 1381 2475 1445; x_wconf 85' lang='lat' dir='ltr'>gra-</span> 
     </span>
     <span class='ocr_line' id='line_1_13' title="bbox 511 1448 2477 1528; baseline -0.004 -10"><span class='ocrx_word' id='word_1_88' title='bbox 511 1455 642 1519; x_wconf 90' lang='lat' dir='ltr'>tiae</span> <span class='ocrx_word' id='word_1_89' title='bbox 700 1452 1040 1528; x_wconf 88' lang='lat' dir='ltr'>iniuriam,</span> <span class='ocrx_word' id='word_1_90' title='bbox 1099 1453 1153 1517; x_wconf 91' lang='lat' dir='ltr'>si</span> <span class='ocrx_word' id='word_1_91' title='bbox 1209 1461 1450 1515; x_wconf 86' lang='lat' dir='ltr'>natura</span> <span class='ocrx_word' id='word_1_92' title='bbox 1510 1471 1632 1515; x_wconf 90' lang='lat' dir='ltr'>sua</span> <span class='ocrx_word' id='word_1_93' title='bbox 1676 1449 1978 1514; x_wconf 89' lang='lat' dir='ltr'>dicantur</span> <span class='ocrx_word' id='word_1_94' title='bbox 2022 1448 2320 1513; x_wconf 88' lang='lat' dir='ltr'>homines</span> <span class='ocrx_word' id='word_1_95' title='bbox 2338 1499 2353 1524; x_wconf 93' lang='lat'>,</span> <span class='ocrx_word' id='word_1_96' title='bbox 2410 1454 2477 1512; x_wconf 89' lang='lat' dir='ltr'>et</span> 
     </span>
     <span class='ocr_line' id='line_1_14' title="bbox 511 1533 2475 1621; baseline -0.004 -16"><span class='ocrx_word' id='word_1_97' title='bbox 511 1540 703 1605; x_wconf 90' lang='lat' dir='ltr'>liberi</span> <span class='ocrx_word' id='word_1_98' title='bbox 757 1547 1080 1621; x_wconf 88' lang='lat' dir='ltr'>potestate</span> <span class='ocrx_word' id='word_1_99' title='bbox 1137 1536 1397 1601; x_wconf 87' lang='lat' dir='ltr'>arbitrii</span> <span class='ocrx_word' id='word_1_100' title='bbox 1465 1534 1682 1600; x_wconf 89' lang='lat' dir='ltr'>odisse</span> <span class='ocrx_word' id='word_1_101' title='bbox 1735 1545 2077 1618; x_wconf 87' lang='lat' dir='ltr'>peccatum</span> <span class='ocrx_word' id='word_1_102' title='bbox 2097 1585 2110 1611; x_wconf 90' lang='lat'>‚</span> <span class='ocrx_word' id='word_1_103' title='bbox 2184 1533 2475 1599; x_wconf 80' lang='lat' dir='ltr'>malitiae</span> 
     </span>
     <span class='ocr_line' id='line_1_15' title="bbox 510 1618 2476 1702; baseline -0.005 -10"><span class='ocrx_word' id='word_1_104' title='bbox 510 1627 931 1700; x_wconf 88' lang='lat' dir='ltr'>renunciare,</span> <span class='ocrx_word' id='word_1_105' title='bbox 1007 1621 1091 1686; x_wconf 87' lang='lat' dir='ltr'>ad</span> <span class='ocrx_word' id='word_1_106' title='bbox 1150 1623 1371 1687; x_wconf 88' lang='lat' dir='ltr'>Deum</span> <span class='ocrx_word' id='word_1_107' title='bbox 1425 1629 1812 1686; x_wconf 86' lang='lat' dir='ltr'>convertere</span> <span class='ocrx_word' id='word_1_108' title='bbox 1867 1642 1938 1685; x_wconf 89' lang='lat' dir='ltr'>se</span> <span class='ocrx_word' id='word_1_109' title='bbox 1994 1640 2213 1702; x_wconf 91' lang='lat' dir='ltr'>posse,</span> <span class='ocrx_word' id='word_1_110' title='bbox 2283 1618 2476 1685; x_wconf 89' lang='lat' dir='ltr'>corde</span> 
     </span>
     <span class='ocr_line' id='line_1_16' title="bbox 514 1705 2477 1789; baseline -0.006 -10"><span class='ocrx_word' id='word_1_111' title='bbox 514 1712 796 1779; x_wconf 87' lang='lat' dir='ltr'>contrito</span> <span class='ocrx_word' id='word_1_112' title='bbox 840 1723 909 1772; x_wconf 90' lang='lat' dir='ltr'>et</span> <span class='ocrx_word' id='word_1_113' title='bbox 949 1707 1298 1773; x_wconf 91' lang='lat' dir='ltr'>humiliato</span> <span class='ocrx_word' id='word_1_114' title='bbox 1341 1727 1607 1789; x_wconf 89' lang='lat' dir='ltr'>poscere</span> <span class='ocrx_word' id='word_1_115' title='bbox 1649 1710 1941 1784; x_wconf 90' lang='lat' dir='ltr'>veniam,</span> <span class='ocrx_word' id='word_1_116' title='bbox 1996 1726 2309 1789; x_wconf 75' lang='lat' dir='ltr'>quaerere</span> <span class='ocrx_word' id='word_1_117' title='bbox 2352 1705 2477 1768; x_wconf 90' lang='lat' dir='ltr'>mi-</span> 
     </span>
     <span class='ocr_line' id='line_1_17' title="bbox 516 1792 2477 1877; baseline -0.005 -13"><span class='ocrx_word' id='word_1_118' title='bbox 516 1795 972 1870; x_wconf 87' lang='lat' dir='ltr'>sericordiam,</span> <span class='ocrx_word' id='word_1_119' title='bbox 1029 1813 1297 1877; x_wconf 87' lang='lat' dir='ltr'>sperare</span> <span class='ocrx_word' id='word_1_120' title='bbox 1353 1793 1656 1876; x_wconf 87' lang='lat' dir='ltr'>gratiam.</span> <span class='ocrx_word' id='word_1_121' title='bbox 1746 1792 1890 1857; x_wconf 93' lang='lat' dir='ltr'>Imo</span> <span class='ocrx_word' id='word_1_122' title='bbox 1934 1792 2056 1857; x_wconf 92' lang='lat' dir='ltr'>has</span> <span class='ocrx_word' id='word_1_123' title='bbox 2102 1812 2244 1857; x_wconf 91' lang='lat' dir='ltr'>esse</span> <span class='ocrx_word' id='word_1_124' title='bbox 2288 1810 2477 1874; x_wconf 85' lang='lat' dir='ltr'>prae-</span> 
     </span>
     <span class='ocr_line' id='line_1_18' title="bbox 517 1875 2477 1968; baseline -0.004 -21"><span class='ocrx_word' id='word_1_125' title='bbox 517 1883 917 1968; x_wconf 89' lang='lat' dir='ltr'>parationes,</span> <span class='ocrx_word' id='word_1_126' title='bbox 964 1899 1130 1961; x_wconf 89' lang='lat' dir='ltr'>quae</span> <span class='ocrx_word' id='word_1_127' title='bbox 1177 1879 1306 1943; x_wconf 89' lang='lat' dir='ltr'>nisi</span> <span class='ocrx_word' id='word_1_128' title='bbox 1339 1879 1752 1961; x_wconf 78' lang='lat' dir='ltr'>praecedant,</span> <span class='ocrx_word' id='word_1_129' title='bbox 1799 1898 2141 1960; x_wconf 90' lang='lat' dir='ltr'>nunquam</span> <span class='ocrx_word' id='word_1_130' title='bbox 2177 1897 2298 1942; x_wconf 91' lang='lat' dir='ltr'>nos</span> <span class='ocrx_word' id='word_1_131' title='bbox 2334 1875 2477 1959; x_wconf 89' lang='lat' dir='ltr'>dig-</span> 
     </span>
     <span class='ocr_line' id='line_1_19' title="bbox 515 1961 2479 2049; baseline -0.004 -16"><span class='ocrx_word' id='word_1_132' title='bbox 515 1979 716 2033; x_wconf 91' lang='lat' dir='ltr'>netur</span> <span class='ocrx_word' id='word_1_133' title='bbox 791 1966 975 2031; x_wconf 89' lang='lat' dir='ltr'>Deus</span> <span class='ocrx_word' id='word_1_134' title='bbox 1042 1965 1328 2049; x_wconf 89' lang='lat' dir='ltr'>benigno</span> <span class='ocrx_word' id='word_1_135' title='bbox 1402 1986 1520 2030; x_wconf 91' lang='lat' dir='ltr'>suo</span> <span class='ocrx_word' id='word_1_136' title='bbox 1601 1975 1887 2047; x_wconf 88' lang='lat' dir='ltr'>aspectu.</span> <span class='ocrx_word' id='word_1_137' title='bbox 1977 1966 2079 2029; x_wconf 87' lang='lat' dir='ltr'>Ac</span> <span class='ocrx_word' id='word_1_138' title='bbox 2157 1961 2479 2027; x_wconf 91' lang='lat' dir='ltr'>eiusmodi</span> 
     </span>
     <span class='ocr_line' id='line_1_20' title="bbox 514 2048 2478 2137; baseline -0.004 -18"><span class='ocrx_word' id='word_1_139' title='bbox 514 2051 782 2137; x_wconf 84' lang='lat' dir='ltr'>quidem</span> <span class='ocrx_word' id='word_1_140' title='bbox 851 2050 1147 2115; x_wconf 89' lang='lat' dir='ltr'>doctrina</span> <span class='ocrx_word' id='word_1_141' title='bbox 1221 2063 1425 2115; x_wconf 87' lang='lat' dir='ltr'>totam</span> <span class='ocrx_word' id='word_1_142' title='bbox 1491 2049 1746 2134; x_wconf 81' lang='lat' dir='ltr'>Pelagii</span> <span class='ocrx_word' id='word_1_143' title='bbox 1828 2048 2240 2131; x_wconf 78' lang='lat' dir='ltr'>impietatem</span> <span class='ocrx_word' id='word_1_144' title='bbox 2316 2048 2478 2113; x_wconf 89' lang='lat' dir='ltr'>satis</span> 
     </span>
    </p>
   </div>
   <div class='ocr_carea' id='block_1_4' title="bbox 487 2133 2477 2219">
    <p class='ocr_par' dir='ltr' id='par_1_4' title="bbox 487 2133 2477 2219">
     <span class='ocr_line' id='line_1_21' title="bbox 487 2133 2477 2219; baseline -0.002 -19"><span class='ocrx_word' id='word_1_145' title='bbox 487 2138 841 2205; x_wconf 77' lang='lat' dir='ltr'>‚confutari</span> <span class='ocrx_word' id='word_1_146' title='bbox 899 2136 1265 2202; x_wconf 77' lang='lat' dir='ltr'>existimat:</span> <span class='ocrx_word' id='word_1_147' title='bbox 1323 2145 1750 2219; x_wconf 81' lang='lat' dir='ltr'>nostramque</span> <span class='ocrx_word' id='word_1_148' title='bbox 1800 2135 2152 2200; x_wconf 83' lang='lat' dir='ltr'>stultitiam</span> <span class='ocrx_word' id='word_1_149' title='bbox 2206 2133 2477 2211; x_wconf 84' lang='lat' dir='ltr'>deridet,</span> 
     </span>
    </p>
   </div>
   <div class='ocr_carea' id='block_1_5' title="bbox 512 2220 2483 4105">
    <p class='ocr_par' dir='ltr' id='par_1_5' title="bbox 512 2220 2483 4105">
     <span class='ocr_line' id='line_1_22' title="bbox 515 2220 2477 2309; baseline -0.004 -18"><span class='ocrx_word' id='word_1_150' title='bbox 515 2225 628 2309; x_wconf 88' lang='lat' dir='ltr'>qui</span> <span class='ocrx_word' id='word_1_151' title='bbox 675 2224 831 2289; x_wconf 89' lang='lat' dir='ltr'>dum</span> <span class='ocrx_word' id='word_1_152' title='bbox 888 2222 1272 2301; x_wconf 90' lang='lat' dir='ltr'>metuimus,</span> <span class='ocrx_word' id='word_1_153' title='bbox 1332 2245 1418 2288; x_wconf 91' lang='lat' dir='ltr'>ne</span> <span class='ocrx_word' id='word_1_154' title='bbox 1460 2220 1619 2305; x_wconf 89' lang='lat' dir='ltr'>quid</span> <span class='ocrx_word' id='word_1_155' title='bbox 1658 2220 1812 2287; x_wconf 89' lang='lat' dir='ltr'>inde</span> <span class='ocrx_word' id='word_1_156' title='bbox 1855 2221 2108 2306; x_wconf 87' lang='lat' dir='ltr'>gratiae</span> <span class='ocrx_word' id='word_1_157' title='bbox 2147 2239 2477 2284; x_wconf 86' lang='lat' dir='ltr'>commen-</span> 
     </span>
     <span class='ocr_line' id='line_1_23' title="bbox 514 2305 2480 2387; baseline -0.005 -11"><span class='ocrx_word' id='word_1_158' title='bbox 514 2310 767 2376; x_wconf 88' lang='lat' dir='ltr'>dationi</span> <span class='ocrx_word' id='word_1_159' title='bbox 810 2308 1114 2387; x_wconf 89' lang='lat' dir='ltr'>decedat,</span> <span class='ocrx_word' id='word_1_160' title='bbox 1160 2309 1407 2373; x_wconf 73' lang='lat' dir='ltr'>frustra</span> <span class='ocrx_word' id='word_1_161' title='bbox 1450 2308 1533 2373; x_wconf 91' lang='grc'>(16</span> <span class='ocrx_word' id='word_1_162' title='bbox 1577 2308 1787 2373; x_wconf 85' lang='lat' dir='ltr'>nihilo</span> <span class='ocrx_word' id='word_1_163' title='bbox 1835 2317 2020 2371; x_wconf 87' lang='lat' dir='ltr'>tanta</span> <span class='ocrx_word' id='word_1_164' title='bbox 2062 2305 2480 2372; x_wconf 80' lang='lat' dir='ltr'>contentione</span> 
     </span>
     <span class='ocr_line' id='line_1_24' title="bbox 565 2395 974 2462; baseline -0.012 1"><span class='ocrx_word' id='word_1_165' title='bbox 565 2397 576 2409; x_wconf 82' lang='grc'><strong><em>’</em></strong></span> <span class='ocrx_word' id='word_1_166' title='bbox 630 2395 974 2462; x_wconf 89' lang='lat' dir='ltr'>ladiamur.</span> 
     </span>
     <span class='ocr_line' id='line_1_25' title="bbox 516 2397 2481 2561; baseline -0.003 -15"><span class='ocrx_word' id='word_1_167' title='bbox 516 2397 629 2481; x_wconf 53' lang='lat' dir='ltr'>(hg</span> <span class='ocrx_word' id='word_1_168' title='bbox 685 2482 875 2546; x_wconf 87' lang='lat' dir='ltr'>Haec</span> <span class='ocrx_word' id='word_1_169' title='bbox 918 2478 1349 2545; x_wconf 86' lang='lat' dir='ltr'>deliramenta</span> <span class='ocrx_word' id='word_1_170' title='bbox 1382 2480 1733 2561; x_wconf 82' lang='lat' dir='ltr'>quominus</span> <span class='ocrx_word' id='word_1_171' title='bbox 1778 2478 2118 2560; x_wconf 89' lang='lat' dir='ltr'>scripturis</span> <span class='ocrx_word' id='word_1_172' title='bbox 2152 2498 2333 2541; x_wconf 91' lang='lat' dir='ltr'>nunc</span> <span class='ocrx_word' id='word_1_173' title='bbox 2377 2497 2481 2540; x_wconf 91' lang='lat' dir='ltr'>re-</span> 
     </span>
     <span class='ocr_line' id='line_1_26' title="bbox 513 2562 2483 2647; baseline -0.004 -12"><span class='ocrx_word' id='word_1_174' title='bbox 513 2568 762 2644; x_wconf 83' lang='lat' dir='ltr'>fellam,</span> <span class='ocrx_word' id='word_1_175' title='bbox 833 2564 1087 2630; x_wconf 87' lang='lat' dir='ltr'>duabus</span> <span class='ocrx_word' id='word_1_176' title='bbox 1140 2564 1464 2647; x_wconf 88' lang='lat' dir='ltr'>impedior</span> <span class='ocrx_word' id='word_1_177' title='bbox 1517 2566 1763 2630; x_wconf 85' lang='lat' dir='ltr'>causis:</span> <span class='ocrx_word' id='word_1_178' title='bbox 1823 2562 1978 2645; x_wconf 89' lang='lat' dir='ltr'>quia</span> <span class='ocrx_word' id='word_1_179' title='bbox 2036 2573 2103 2628; x_wconf 91' lang='lat' dir='ltr'>et</span> <span class='ocrx_word' id='word_1_180' title='bbox 2159 2564 2483 2627; x_wconf 84' lang='lat' dir='ltr'>immensa</span> 
     </span>
     <span class='ocr_line' id='line_1_27' title="bbox 513 2649 2480 2739; baseline -0.004 -20"><span class='ocrx_word' id='word_1_181' title='bbox 513 2654 710 2739; x_wconf 82' lang='lat' dir='ltr'>sylva</span> <span class='ocrx_word' id='word_1_182' title='bbox 752 2651 919 2716; x_wconf 86' lang='lat' dir='ltr'>mihi</span> <span class='ocrx_word' id='word_1_183' title='bbox 961 2650 1069 2714; x_wconf 88' lang='lat' dir='ltr'>hic</span> <span class='ocrx_word' id='word_1_184' title='bbox 1112 2650 1501 2732; x_wconf 84' lang='lat' dir='ltr'>pullularet,</span> <span class='ocrx_word' id='word_1_185' title='bbox 1548 2661 1616 2714; x_wconf 90' lang='lat' dir='ltr'>et</span> <span class='ocrx_word' id='word_1_186' title='bbox 1658 2651 1783 2714; x_wconf 91' lang='lat' dir='ltr'>erit</span> <span class='ocrx_word' id='word_1_187' title='bbox 1825 2649 2167 2731; x_wconf 90' lang='lat' dir='ltr'>proprium</span> <span class='ocrx_word' id='word_1_188' title='bbox 2211 2669 2288 2713; x_wconf 91' lang='lat' dir='ltr'>ac</span> <span class='ocrx_word' id='word_1_189' title='bbox 2330 2668 2480 2731; x_wconf 90' lang='lat' dir='ltr'>pcr-</span> 
     </span>
     <span class='ocr_line' id='line_1_28' title="bbox 512 2731 2480 2823; baseline -0.004 -18"><span class='ocrx_word' id='word_1_190' title='bbox 512 2751 792 2823; x_wconf 91' lang='lat' dir='ltr'>petuum</span> <span class='ocrx_word' id='word_1_191' title='bbox 871 2736 1020 2801; x_wconf 90' lang='lat' dir='ltr'>libri</span> <span class='ocrx_word' id='word_1_192' title='bbox 1102 2735 1393 2817; x_wconf 81' lang='lat' dir='ltr'>proximi</span> <span class='ocrx_word' id='word_1_193' title='bbox 1467 2743 1949 2818; x_wconf 79' lang='lat' dir='ltr'>argumentum.</span> <span class='ocrx_word' id='word_1_194' title='bbox 2039 2733 2230 2799; x_wconf 88' lang='lat' dir='ltr'>Adde</span> <span class='ocrx_word' id='word_1_195' title='bbox 2308 2731 2480 2816; x_wconf 92' lang='lat' dir='ltr'>quod</span> 
     </span>
     <span class='ocr_line' id='line_1_29' title="bbox 517 2820 2479 2906; baseline -0.003 -16"><span class='ocrx_word' id='word_1_196' title='bbox 517 2825 900 2906; x_wconf 78' lang='lat' dir='ltr'>scripturae,</span> <span class='ocrx_word' id='word_1_197' title='bbox 944 2821 1197 2902; x_wconf 89' lang='lat' dir='ltr'>quoties</span> <span class='ocrx_word' id='word_1_198' title='bbox 1229 2822 1370 2885; x_wconf 90' lang='lat' dir='ltr'>eius</span> <span class='ocrx_word' id='word_1_199' title='bbox 1404 2821 1624 2886; x_wconf 90' lang='lat' dir='ltr'>animo</span> <span class='ocrx_word' id='word_1_200' title='bbox 1666 2842 1807 2885; x_wconf 91' lang='lat' dir='ltr'>non</span> <span class='ocrx_word' id='word_1_201' title='bbox 1844 2820 2289 2897; x_wconf 53' lang='lat' dir='ltr'>adlubescunt</span> <span class='ocrx_word' id='word_1_202' title='bbox 2336 2841 2479 2885; x_wconf 88' lang='lat' dir='ltr'>sus-</span> 
     </span>
     <span class='ocr_line' id='line_1_30' title="bbox 518 2904 2480 2992; baseline -0.002 -18"><span class='ocrx_word' id='word_1_203' title='bbox 518 2930 645 2992; x_wconf 90' lang='lat' dir='ltr'>que</span> <span class='ocrx_word' id='word_1_204' title='bbox 692 2906 902 2989; x_wconf 88' lang='lat' dir='ltr'>deque</span> <span class='ocrx_word' id='word_1_205' title='bbox 945 2904 1145 2970; x_wconf 87' lang='lat' dir='ltr'>habet</span> <span class='ocrx_word' id='word_1_206' title='bbox 1176 2906 1477 2990; x_wconf 85' lang='lat' dir='ltr'>Pighius.</span> <span class='ocrx_word' id='word_1_207' title='bbox 1547 2907 1802 2978; x_wconf 82' lang='lat' dir='ltr'>Verum</span> <span class='ocrx_word' id='word_1_208' title='bbox 1844 2906 1957 2971; x_wconf 92' lang='lat' dir='ltr'>ubi</span> <span class='ocrx_word' id='word_1_209' title='bbox 1999 2912 2102 2971; x_wconf 91' lang='lat' dir='ltr'>est</span> <span class='ocrx_word' id='word_1_210' title='bbox 2132 2904 2250 2970; x_wconf 90' lang='lat' dir='ltr'>illa</span> <span class='ocrx_word' id='word_1_211' title='bbox 2290 2926 2480 2970; x_wconf 89' lang='lat' dir='ltr'>reve-</span> 
     </span>
     <span class='ocr_line' id='line_1_31' title="bbox 517 2990 2480 3076; baseline -0.002 -17"><span class='ocrx_word' id='word_1_212' title='bbox 517 2993 734 3059; x_wconf 85' lang='lat' dir='ltr'>rentia</span> <span class='ocrx_word' id='word_1_213' title='bbox 749 3043 765 3071; x_wconf 93' lang='lat'>,</span> <span class='ocrx_word' id='word_1_214' title='bbox 811 3010 1011 3076; x_wconf 79' lang='lat' dir='ltr'>quam</span> <span class='ocrx_word' id='word_1_215' title='bbox 1055 3003 1352 3057; x_wconf 85' lang='lat' dir='ltr'>veterum</span> <span class='ocrx_word' id='word_1_216' title='bbox 1408 3001 1673 3074; x_wconf 84' lang='lat' dir='ltr'>patrum</span> <span class='ocrx_word' id='word_1_217' title='bbox 1718 2991 2208 3058; x_wconf 87' lang='lat' dir='ltr'>definitionibus</span> <span class='ocrx_word' id='word_1_218' title='bbox 2252 3011 2322 3056; x_wconf 93' lang='lat' dir='ltr'>se</span> <span class='ocrx_word' id='word_1_219' title='bbox 2367 2990 2480 3055; x_wconf 90' lang='lat' dir='ltr'>de-</span> 
     </span>
     <span class='ocr_line' id='line_1_32' title="bbox 517 3075 2481 3162; baseline -0.003 -16"><span class='ocrx_word' id='word_1_220' title='bbox 517 3081 693 3146; x_wconf 89' lang='lat' dir='ltr'>ferre</span> <span class='ocrx_word' id='word_1_221' title='bbox 735 3075 1044 3143; x_wconf 77' lang='lat' dir='ltr'>simulat?</span> <span class='ocrx_word' id='word_1_222' title='bbox 1126 3075 1205 3142; x_wconf 81' lang='lat' dir='ltr'>Si</span> <span class='ocrx_word' id='word_1_223' title='bbox 1248 3077 1394 3160; x_wconf 88' lang='lat' dir='ltr'>quis</span> <span class='ocrx_word' id='word_1_224' title='bbox 1439 3087 1574 3142; x_wconf 90' lang='lat' dir='ltr'>tam</span> <span class='ocrx_word' id='word_1_225' title='bbox 1617 3087 2065 3162; x_wconf 87' lang='lat' dir='ltr'>augmentum,</span> <span class='ocrx_word' id='word_1_226' title='bbox 2112 3099 2312 3160; x_wconf 92' lang='lat' dir='ltr'>quam</span> <span class='ocrx_word' id='word_1_227' title='bbox 2354 3076 2481 3141; x_wconf 93' lang='lat' dir='ltr'>ini-</span> 
     </span>
     <span class='ocr_line' id='line_1_33' title="bbox 520 3161 2481 3248; baseline -0.002 -18"><span class='ocrx_word' id='word_1_228' title='bbox 520 3167 690 3230; x_wconf 87' lang='lat' dir='ltr'>tium</span> <span class='ocrx_word' id='word_1_229' title='bbox 744 3161 929 3240; x_wconf 87' lang='lat' dir='ltr'>fidei,</span> <span class='ocrx_word' id='word_1_230' title='bbox 998 3175 1065 3228; x_wconf 91' lang='lat' dir='ltr'>et</span> <span class='ocrx_word' id='word_1_231' title='bbox 1118 3164 1338 3247; x_wconf 92' lang='lat' dir='ltr'>ipsum</span> <span class='ocrx_word' id='word_1_232' title='bbox 1400 3164 1707 3230; x_wconf 90' lang='lat' dir='ltr'>credendi</span> <span class='ocrx_word' id='word_1_233' title='bbox 1763 3165 2103 3241; x_wconf 86' lang='lat' dir='ltr'>affectum,</span> <span class='ocrx_word' id='word_1_234' title='bbox 2169 3185 2304 3228; x_wconf 90' lang='lat' dir='ltr'>non</span> <span class='ocrx_word' id='word_1_235' title='bbox 2359 3183 2481 3248; x_wconf 90' lang='lat' dir='ltr'>per</span> 
     </span>
     <span class='ocr_line' id='line_1_34' title="bbox 521 3247 2479 3336; baseline -0.001 -21"><span class='ocrx_word' id='word_1_236' title='bbox 521 3251 777 3336; x_wconf 88' lang='lat' dir='ltr'>gratiae</span> <span class='ocrx_word' id='word_1_237' title='bbox 832 3247 1109 3328; x_wconf 88' lang='lat' dir='ltr'>donum,</span> <span class='ocrx_word' id='word_1_238' title='bbox 1168 3248 1235 3315; x_wconf 92' lang='lat' dir='ltr'>id</span> <span class='ocrx_word' id='word_1_239' title='bbox 1294 3259 1425 3324; x_wconf 85' lang='lat' dir='ltr'>est,</span> <span class='ocrx_word' id='word_1_240' title='bbox 1485 3272 1605 3333; x_wconf 89' lang='lat' dir='ltr'>per</span> <span class='ocrx_word' id='word_1_241' title='bbox 1662 3251 1944 3333; x_wconf 89' lang='lat' dir='ltr'>spiritus·</span> <span class='ocrx_word' id='word_1_242' title='bbox 1994 3249 2206 3316; x_wconf 87' lang='lat' dir='ltr'>sancti</span> <span class='ocrx_word' id='word_1_243' title='bbox 2250 3271 2479 3333; x_wconf 89' lang='lat' dir='ltr'>opera-</span> 
     </span>
     <span class='ocr_line' id='line_1_35' title="bbox 517 3334 2479 3418; baseline -0.001 -17"><span class='ocrx_word' id='word_1_244' title='bbox 517 3338 785 3412; x_wconf 89' lang='lat' dir='ltr'>tionem,</span> <span class='ocrx_word' id='word_1_245' title='bbox 833 3335 1273 3418; x_wconf 81' lang='lat' dir='ltr'>corrigentem</span> <span class='ocrx_word' id='word_1_246' title='bbox 1315 3336 1726 3402; x_wconf 82' lang='lat' dir='ltr'>voluntatem</span> <span class='ocrx_word' id='word_1_247' title='bbox 1780 3345 2075 3401; x_wconf 89' lang='lat' dir='ltr'>nostram</span> <span class='ocrx_word' id='word_1_248' title='bbox 2120 3334 2201 3401; x_wconf 93' lang='lat' dir='ltr'>ab</span> <span class='ocrx_word' id='word_1_249' title='bbox 2244 3334 2479 3400; x_wconf 89' lang='lat' dir='ltr'>infide-</span> 
     </span>
     <span class='ocr_line' id='line_1_36' title="bbox 518 3419 2478 3506; baseline -0.002 -18"><span class='ocrx_word' id='word_1_250' title='bbox 518 3423 708 3488; x_wconf 87' lang='lat' dir='ltr'>litate</span> <span class='ocrx_word' id='word_1_251' title='bbox 750 3419 835 3484; x_wconf 91' lang='lat' dir='ltr'>ad</span> <span class='ocrx_word' id='word_1_252' title='bbox 879 3419 1105 3498; x_wconf 89' lang='lat' dir='ltr'>fidem,</span> <span class='ocrx_word' id='word_1_253' title='bbox 1165 3422 1246 3487; x_wconf 88' lang='lat' dir='ltr'>ab</span> <span class='ocrx_word' id='word_1_254' title='bbox 1289 3422 1628 3506; x_wconf 87' lang='lat' dir='ltr'>impietate</span> <span class='ocrx_word' id='word_1_255' title='bbox 1673 3421 1757 3487; x_wconf 93' lang='lat' dir='ltr'>ad</span> <span class='ocrx_word' id='word_1_256' title='bbox 1801 3423 2144 3506; x_wconf 89' lang='lat' dir='ltr'>pietatem,</span> <span class='ocrx_word' id='word_1_257' title='bbox 2202 3421 2319 3487; x_wconf 89' lang='lat' dir='ltr'>sed</span> <span class='ocrx_word' id='word_1_258' title='bbox 2361 3443 2478 3485; x_wconf 91' lang='lat' dir='ltr'>na-</span> 
     </span>
     <span class='ocr_line' id='line_1_37' title="bbox 521 3506 2479 3584; baseline -0.001 -11"><span class='ocrx_word' id='word_1_259' title='bbox 521 3507 822 3573; x_wconf 88' lang='lat' dir='ltr'>turaliter</span> <span class='ocrx_word' id='word_1_260' title='bbox 866 3507 1052 3572; x_wconf 90' lang='lat' dir='ltr'>nobis</span> <span class='ocrx_word' id='word_1_261' title='bbox 1092 3508 1308 3573; x_wconf 88' lang='lat' dir='ltr'>inesse</span> <span class='ocrx_word' id='word_1_262' title='bbox 1351 3507 1609 3584; x_wconf 90' lang='lat' dir='ltr'>doceat,</span> <span class='ocrx_word' id='word_1_263' title='bbox 1655 3510 1713 3572; x_wconf 91' lang='lat' dir='ltr'>is</span> <span class='ocrx_word' id='word_1_264' title='bbox 1757 3508 2178 3574; x_wconf 84' lang='lat' dir='ltr'>ecclesiastici</span> <span class='ocrx_word' id='word_1_265' title='bbox 2221 3506 2479 3573; x_wconf 90' lang='lat' dir='ltr'>concilii</span> 
     </span>
     <span class='ocr_line' id='line_1_38' title="bbox 519 3585 2476 3677; baseline -0.001 -18"><span class='ocrx_word' id='word_1_266' title='bbox 519 3594 780 3659; x_wconf 85' lang='lat' dir='ltr'>decreto</span> <span class='ocrx_word' id='word_1_267' title='bbox 821 3591 1192 3658; x_wconf 89' lang='lat' dir='ltr'>haereticus</span> <span class='ocrx_word' id='word_1_268' title='bbox 1231 3603 1331 3658; x_wconf 91' lang='lat' dir='ltr'>est</span> <span class='ocrx_word' id='word_1_269' title='bbox 1373 3585 1862 3676; x_wconf 81' lang='lat' dir='ltr'>pronunciatus.</span> <span class='ocrx_word' id='word_1_270' title='bbox 1890 3594 1939 3677; x_wconf 87' lang='lat'>¹)</span> <span class='ocrx_word' id='word_1_271' title='bbox 2008 3590 2085 3659; x_wconf 77' lang='lat' dir='ltr'>Si</span> <span class='ocrx_word' id='word_1_272' title='bbox 2118 3593 2264 3675; x_wconf 86' lang='lat' dir='ltr'>quis</span> <span class='ocrx_word' id='word_1_273' title='bbox 2300 3595 2476 3670; x_wconf 91' lang='lat' dir='ltr'>item,</span> 
     </span>
     <span class='ocr_line' id='line_1_39' title="bbox 519 3678 2479 3762; baseline -0.001 -18"><span class='ocrx_word' id='word_1_274' title='bbox 519 3689 595 3744; x_wconf 88' lang='lat' dir='ltr'>ut</span> <span class='ocrx_word' id='word_1_275' title='bbox 638 3700 679 3743; x_wconf 92' lang='lat' dir='ltr'>a</span> <span class='ocrx_word' id='word_1_276' title='bbox 720 3687 984 3759; x_wconf 88' lang='lat' dir='ltr'>peccato</span> <span class='ocrx_word' id='word_1_277' title='bbox 1029 3699 1418 3762; x_wconf 87' lang='lat' dir='ltr'>purgemur,</span> <span class='ocrx_word' id='word_1_278' title='bbox 1464 3678 1875 3744; x_wconf 89' lang='lat' dir='ltr'>volunt-atem</span> <span class='ocrx_word' id='word_1_279' title='bbox 1918 3689 2215 3744; x_wconf 87' lang='lat' dir='ltr'>nostram</span> <span class='ocrx_word' id='word_1_280' title='bbox 2258 3678 2479 3743; x_wconf 91' lang='lat' dir='ltr'>Deum</span> 
     </span>
     <span class='ocr_line' id='line_1_40' title="bbox 521 3764 2481 3854; baseline 0 -26"><span class='ocrx_word' id='word_1_281' title='bbox 521 3773 903 3854; x_wconf 74' lang='lat' dir='ltr'>exspectare</span> <span class='ocrx_word' id='word_1_282' title='bbox 946 3764 1298 3842; x_wconf 87' lang='lat' dir='ltr'>contendit,</span> <span class='ocrx_word' id='word_1_283' title='bbox 1345 3786 1478 3829; x_wconf 92' lang='lat' dir='ltr'>non</span> <span class='ocrx_word' id='word_1_284' title='bbox 1522 3773 1773 3841; x_wconf 84' lang='lat' dir='ltr'>autem,</span> <span class='ocrx_word' id='word_1_285' title='bbox 1832 3773 1912 3828; x_wconf 89' lang='lat' dir='ltr'>ut</span> <span class='ocrx_word' id='word_1_286' title='bbox 1964 3764 2163 3829; x_wconf 89' lang='lat' dir='ltr'>etiam</span> <span class='ocrx_word' id='word_1_287' title='bbox 2207 3764 2481 3849; x_wconf 87' lang='lat' dir='ltr'>purgari</span> 
     </span>
     <span class='ocr_line' id='line_1_41' title="bbox 519 3850 2481 3933; baseline -0.001 -18"><span class='ocrx_word' id='word_1_288' title='bbox 519 3850 819 3925; x_wconf 85' lang='lat' dir='ltr'>velimus,</span> <span class='ocrx_word' id='word_1_289' title='bbox 862 3870 982 3931; x_wconf 91' lang='lat' dir='ltr'>per</span> <span class='ocrx_word' id='word_1_290' title='bbox 1023 3852 1292 3932; x_wconf 90' lang='lat' dir='ltr'>spiritus</span> <span class='ocrx_word' id='word_1_291' title='bbox 1334 3852 1542 3915; x_wconf 88' lang='lat' dir='ltr'>sancti</span> <span class='ocrx_word' id='word_1_292' title='bbox 1579 3851 2024 3933; x_wconf 86' lang='lat' dir='ltr'>operationem</span> <span class='ocrx_word' id='word_1_293' title='bbox 2066 3851 2211 3914; x_wconf 89' lang='lat' dir='ltr'>fieri</span> <span class='ocrx_word' id='word_1_294' title='bbox 2244 3851 2315 3913; x_wconf 89' lang='lat' dir='ltr'>in</span> <span class='ocrx_word' id='word_1_295' title='bbox 2360 3871 2481 3914; x_wconf 89' lang='lat' dir='ltr'>no-</span> 
     </span>
     <span class='ocr_line' id='line_1_42' title="bbox 519 3935 2479 4018; baseline -0.001 -17"><span class='ocrx_word' id='word_1_296' title='bbox 519 3936 619 4002; x_wconf 76' lang='lat' dir='ltr'>bi‘s</span> <span class='ocrx_word' id='word_1_297' title='bbox 664 3936 1034 4014; x_wconf 82' lang='lat' dir='ltr'>confitetur,</span> <span class='ocrx_word' id='word_1_298' title='bbox 1077 3958 1197 4018; x_wconf 87' lang='lat' dir='ltr'>pro</span> <span class='ocrx_word' id='word_1_299' title='bbox 1237 3937 1506 4018; x_wconf 88' lang='lat' dir='ltr'>spiritus</span> <span class='ocrx_word' id='word_1_300' title='bbox 1545 3937 1757 4003; x_wconf 91' lang='lat' dir='ltr'>sancti</span> <span class='ocrx_word' id='word_1_301' title='bbox 1788 3935 2162 4002; x_wconf 83' lang='lat' dir='ltr'>adversario</span> <span class='ocrx_word' id='word_1_302' title='bbox 2206 3935 2479 4001; x_wconf 86' lang='lat' dir='ltr'>damna-</span> 
     </span>
     <span class='ocr_line' id='line_1_43' title="bbox 521 4020 2477 4105; baseline 0.001 -19"><span class='ocrx_word' id='word_1_303' title='bbox 521 4034 632 4087; x_wconf 91' lang='lat' dir='ltr'>tus</span> <span class='ocrx_word' id='word_1_304' title='bbox 668 4035 787 4087; x_wconf 86' lang='lat' dir='ltr'>est.</span> <span class='ocrx_word' id='word_1_305' title='bbox 805 4024 863 4103; x_wconf 75' lang='lat'>²)</span> <span class='ocrx_word' id='word_1_306' title='bbox 931 4020 1008 4086; x_wconf 81' lang='lat' dir='ltr'>Si</span> <span class='ocrx_word' id='word_1_307' title='bbox 1052 4023 1202 4104; x_wconf 89' lang='lat' dir='ltr'>quis</span> <span class='ocrx_word' id='word_1_308' title='bbox 1245 4023 1427 4100; x_wconf 91' lang='lat' dir='ltr'>item,</span> <span class='ocrx_word' id='word_1_309' title='bbox 1475 4023 1614 4087; x_wconf 89' lang='lat' dir='ltr'>sine</span> <span class='ocrx_word' id='word_1_310' title='bbox 1635 4021 1766 4086; x_wconf 90' lang='lat' dir='ltr'>Dei</span> <span class='ocrx_word' id='word_1_311' title='bbox 1808 4022 2040 4105; x_wconf 87' lang='lat' dir='ltr'>gratia,</span> <span class='ocrx_word' id='word_1_312' title='bbox 2089 4021 2477 4099; x_wconf 88' lang='lat' dir='ltr'>volentibus,</span> 
     </span>
    </p>
   </div>
   <div class='ocr_carea' id='block_1_6' title="bbox 522 4105 2527 4190">
    <p class='ocr_par' dir='ltr' id='par_1_6' title="bbox 522 4105 2527 4190">
     <span class='ocr_line' id='line_1_44' title="bbox 522 4105 2527 4190; baseline 0 -18"><span class='ocrx_word' id='word_1_313' title='bbox 522 4107 992 4185; x_wconf 67' lang='lat' dir='ltr'>laborantibus»,</span> <span class='ocrx_word' id='word_1_314' title='bbox 1033 4105 1483 4189; x_wconf 89' lang='lat' dir='ltr'>pulsantibus,</span> <span class='ocrx_word' id='word_1_315' title='bbox 1529 4107 1928 4189; x_wconf 81' lang='lat' dir='ltr'>petentibus,</span> <span class='ocrx_word' id='word_1_316' title='bbox 1976 4111 2124 4185; x_wconf 81' lang='lat' dir='ltr'>[pag.</span> <span class='ocrx_word' id='word_1_317' title='bbox 2175 4109 2342 4186; x_wconf 64' lang='lat'>1821</span> <span class='ocrx_word' id='word_1_318' title='bbox 2369 4106 2480 4172; x_wconf 87' lang='grc'><strong>(16-</strong></span> <span class='ocrx_word' id='word_1_319' title='bbox 2516 4179 2527 4190; x_wconf 52' lang='lat'>‚</span> 
     </span>
    </p>
   </div>
   <div class='ocr_carea' id='block_1_7' title="bbox 520 4191 2481 4273">
    <p class='ocr_par' dir='ltr' id='par_1_7' title="bbox 520 4191 2481 4273">
     <span class='ocr_line' id='line_1_45' title="bbox 520 4191 2481 4273; baseline -0.002 -14"><span class='ocrx_word' id='word_1_320' title='bbox 520 4192 985 4273; x_wconf 76' lang='lat' dir='ltr'>siderantibuS,</span> <span class='ocrx_word' id='word_1_321' title='bbox 1032 4194 1160 4257; x_wconf 92' lang='lat' dir='ltr'>Dei</span> <span class='ocrx_word' id='word_1_322' title='bbox 1202 4191 1720 4259; x_wconf 84' lang='lat' dir='ltr'>misericordiam</span> <span class='ocrx_word' id='word_1_323' title='bbox 1764 4193 2044 4258; x_wconf 89' lang='lat' dir='ltr'>conferri</span> <span class='ocrx_word' id='word_1_324' title='bbox 2081 4192 2300 4270; x_wconf 88' lang='lat' dir='ltr'>tradit,</span> <span class='ocrx_word' id='word_1_325' title='bbox 2346 4215 2481 4257; x_wconf 88' lang='lat' dir='ltr'>non</span> 
     </span>
    </p>
   </div>
   <div class='ocr_carea' id='block_1_8' title="bbox 518 4278 2499 4358">
    <p class='ocr_par' dir='ltr' id='par_1_8' title="bbox 518 4278 2499 4358">
     <span class='ocr_line' id='line_1_46' title="bbox 518 4278 2499 4358; baseline -0.001 -14"><span class='ocrx_word' id='word_1_326' title='bbox 518 4291 741 4344; x_wconf 87' lang='lat' dir='ltr'>autem</span> <span class='ocrx_word' id='word_1_327' title='bbox 765 4278 1101 4356; x_wconf 89' lang='lat' dir='ltr'>divinitus,</span> <span class='ocrx_word' id='word_1_328' title='bbox 1137 4289 1212 4344; x_wconf 90' lang='lat' dir='ltr'>ut</span> <span class='ocrx_word' id='word_1_329' title='bbox 1231 4279 1593 4358; x_wconf 89' lang='lat' dir='ltr'>credamus,</span> <span class='ocrx_word' id='word_1_330' title='bbox 1619 4279 1915 4354; x_wconf 83' lang='lat' dir='ltr'>velimus,</span> <span class='ocrx_word' id='word_1_331' title='bbox 1950 4289 2019 4344; x_wconf 90' lang='lat' dir='ltr'>et</span> <span class='ocrx_word' id='word_1_332' title='bbox 2060 4279 2220 4343; x_wconf 89' lang='lat' dir='ltr'>haec</span> <span class='ocrx_word' id='word_1_333' title='bbox 2243 4280 2499 4358; x_wconf 87' lang='lat' dir='ltr'>omnia,-</span> 
     </span>
    </p>
   </div>
   <div class='ocr_carea' id='block_1_9' title="bbox 521 4364 2482 4463">
    <p class='ocr_par' dir='ltr' id='par_1_9' title="bbox 521 4364 2482 4463">
     <span class='ocr_line' id='line_1_47' title="bbox 521 4364 2482 4463; baseline -0.001 -33"><span class='ocrx_word' id='word_1_334' title='bbox 521 4366 691 4430; x_wconf 87' lang='lat' dir='ltr'>sicut</span> <span class='ocrx_word' id='word_1_335' title='bbox 734 4373 1011 4447; x_wconf 89' lang='lat' dir='ltr'>oportet,</span> <span class='ocrx_word' id='word_1_336' title='bbox 1059 4387 1255 4463; x_wconf 81' lang='lat' dir='ltr'>agere</span> <span class='ocrx_word' id='word_1_337' title='bbox 1293 4364 1647 4443; x_wconf 86' lang='lat' dir='ltr'>valeamus,</span> <span class='ocrx_word' id='word_1_338' title='bbox 1694 4386 1812 4447; x_wconf 89' lang='lat' dir='ltr'>per</span> <span class='ocrx_word' id='word_1_339' title='bbox 1844 4364 2148 4446; x_wconf 88' lang='lat' dir='ltr'>spiritum</span> <span class='ocrx_word' id='word_1_340' title='bbox 2191 4366 2262 4428; x_wconf 89' lang='lat' dir='ltr'>in</span> <span class='ocrx_word' id='word_1_341' title='bbox 2294 4364 2482 4431; x_wconf 91' lang='lat' dir='ltr'>nobis</span> 
     </span>
    </p>
   </div>
   <div class='ocr_carea' id='block_1_10' title="bbox 466 4448 2481 4534">
    <p class='ocr_par' dir='ltr' id='par_1_10' title="bbox 466 4448 2481 4534">
     <span class='ocr_line' id='line_1_48' title="bbox 466 4448 2481 4534; baseline -0.001 -18"><span class='ocrx_word' id='word_1_342' title='bbox 466 4505 478 4516; x_wconf 92' lang='lat'>.</span> <span class='ocrx_word' id='word_1_343' title='bbox 521 4451 665 4514; x_wconf 89' lang='lat' dir='ltr'>fieri</span> <span class='ocrx_word' id='word_1_344' title='bbox 697 4452 1063 4528; x_wconf 87' lang='lat' dir='ltr'>confitetur,</span> <span class='ocrx_word' id='word_1_345' title='bbox 1097 4474 1156 4517; x_wconf 77' lang='lat' dir='ltr'>is</span> <span class='ocrx_word' id='word_1_346' title='bbox 1194 4452 1615 4516; x_wconf 89' lang='lat' dir='ltr'>anathemate</span> <span class='ocrx_word' id='word_1_347' title='bbox 1650 4450 1891 4534; x_wconf 86' lang='lat' dir='ltr'>dignus</span> <span class='ocrx_word' id='word_1_348' title='bbox 1927 4459 2028 4514; x_wconf 91' lang='lat' dir='ltr'>est</span> <span class='ocrx_word' id='word_1_349' title='bbox 2057 4448 2402 4516; x_wconf 88' lang='lat' dir='ltr'>iudicatus.</span> <span class='ocrx_word' id='word_1_350' title='bbox 2424 4452 2481 4532; x_wconf 75' lang='lat'>3)</span> 
     </span>
    </p>
   </div>
   <div class='ocr_carea' id='block_1_11' title="bbox 524 4534 2486 5049">
    <p class='ocr_par' dir='ltr' id='par_1_11' title="bbox 524 4534 2486 5049">
     <span class='ocr_line' id='line_1_49' title="bbox 524 4534 2483 4620; baseline 0.002 -22"><span class='ocrx_word' id='word_1_351' title='bbox 524 4534 710 4599; x_wconf 87' lang='lat' dir='ltr'>Haec</span> <span class='ocrx_word' id='word_1_352' title='bbox 767 4545 1108 4617; x_wconf 88' lang='lat' dir='ltr'>praeterea</span> <span class='ocrx_word' id='word_1_353' title='bbox 1161 4537 1418 4604; x_wconf 85' lang='lat' dir='ltr'>concilii</span> <span class='ocrx_word' id='word_1_354' title='bbox 1474 4536 1738 4602; x_wconf 89' lang='lat' dir='ltr'>decreta</span> <span class='ocrx_word' id='word_1_355' title='bbox 1781 4544 1969 4602; x_wconf 89' lang='lat' dir='ltr'>sunt:</span> <span class='ocrx_word' id='word_1_356' title='bbox 2030 4534 2107 4602; x_wconf 81' lang='lat' dir='ltr'>Si</span> <span class='ocrx_word' id='word_1_357' title='bbox 2164 4536 2311 4618; x_wconf 90' lang='lat' dir='ltr'>quis</span> <span class='ocrx_word' id='word_1_358' title='bbox 2367 4558 2483 4620; x_wconf 91' lang='lat' dir='ltr'>per</span> 
     </span>
     <span class='ocr_line' id='line_1_50' title="bbox 524 4617 2483 4702; baseline 0.002 -18"><span class='ocrx_word' id='word_1_359' title='bbox 524 4617 712 4684; x_wconf 86' lang='lat' dir='ltr'>Adae</span> <span class='ocrx_word' id='word_1_360' title='bbox 747 4623 1374 4702; x_wconf 85' lang='lat' dir='ltr'>praevaricationem</span> <span class='ocrx_word' id='word_1_361' title='bbox 1409 4643 1542 4687; x_wconf 92' lang='lat' dir='ltr'>non</span> <span class='ocrx_word' id='word_1_362' title='bbox 1577 4629 1809 4698; x_wconf 91' lang='lat' dir='ltr'>totum,</span> <span class='ocrx_word' id='word_1_363' title='bbox 1854 4620 1924 4686; x_wconf 90' lang='lat' dir='ltr'>id</span> <span class='ocrx_word' id='word_1_364' title='bbox 1955 4631 2076 4700; x_wconf 90' lang='lat' dir='ltr'>est,</span> <span class='ocrx_word' id='word_1_365' title='bbox 2123 4623 2483 4687; x_wconf 90' lang='lat' dir='ltr'>secundum</span> 
     </span>
     <span class='ocr_line' id='line_1_51' title="bbox 525 4704 2485 4790; baseline 0.002 -21"><span class='ocrx_word' id='word_1_366' title='bbox 525 4704 820 4769; x_wconf 90' lang='lat' dir='ltr'>animam</span> <span class='ocrx_word' id='word_1_367' title='bbox 862 4713 928 4768; x_wconf 88' lang='lat' dir='ltr'>et</span> <span class='ocrx_word' id='word_1_368' title='bbox 970 4729 1205 4790; x_wconf 84' lang='lat' dir='ltr'>corpus</span> <span class='ocrx_word' id='word_1_369' title='bbox 1247 4711 1318 4774; x_wconf 90' lang='lat' dir='ltr'>in</span> <span class='ocrx_word' id='word_1_370' title='bbox 1363 4707 1650 4774; x_wconf 88' lang='lat' dir='ltr'>deterius</span> <span class='ocrx_word' id='word_1_371' title='bbox 1693 4706 1851 4772; x_wconf 91' lang='lat' dir='ltr'>dicit</span> <span class='ocrx_word' id='word_1_372' title='bbox 1893 4708 2229 4773; x_wconf 90' lang='lat' dir='ltr'>hominem</span> <span class='ocrx_word' id='word_1_373' title='bbox 2271 4718 2485 4773; x_wconf 89' lang='lat' dir='ltr'>muta-</span> 
     </span>
     <span class='ocr_line' id='line_1_52' title="bbox 526 4789 2484 4878; baseline 0.003 -24"><span class='ocrx_word' id='word_1_374' title='bbox 526 4801 716 4866; x_wconf 88' lang='lat' dir='ltr'>tum,·</span> <span class='ocrx_word' id='word_1_375' title='bbox 771 4789 886 4856; x_wconf 88' lang='lat' dir='ltr'>sed</span> <span class='ocrx_word' id='word_1_376' title='bbox 941 4790 1170 4858; x_wconf 90' lang='lat' dir='ltr'>illaesa</span> <span class='ocrx_word' id='word_1_377' title='bbox 1222 4795 1479 4859; x_wconf 89' lang='lat' dir='ltr'>animae</span> <span class='ocrx_word' id='word_1_378' title='bbox 1543 4794 1846 4860; x_wconf 87' lang='lat' dir='ltr'>libertate</span> <span class='ocrx_word' id='word_1_379' title='bbox 1904 4815 2139 4878; x_wconf 86' lang='lat' dir='ltr'>corpus</span> <span class='ocrx_word' id='word_1_380' title='bbox 2182 4801 2484 4860; x_wconf 56' lang='lat' dir='ltr'>vtantum-</span> 
     </span>
     <span class='ocr_line' id='line_1_53' title="bbox 526 4873 2486 4966; baseline 0.004 -27"><span class='ocrx_word' id='word_1_381' title='bbox 526 4873 717 4941; x_wconf 91' lang='lat' dir='ltr'>modo</span> <span class='ocrx_word' id='word_1_382' title='bbox 772 4878 1179 4960; x_wconf 87' lang='lat' dir='ltr'>corruptioni</span> <span class='ocrx_word' id='word_1_383' title='bbox 1232 4881 1599 4947; x_wconf 88' lang='lat' dir='ltr'>subiectum</span> <span class='ocrx_word' id='word_1_384' title='bbox 1648 4881 1850 4946; x_wconf 87' lang='lat' dir='ltr'>fuisse</span> <span class='ocrx_word' id='word_1_385' title='bbox 1918 4880 2128 4946; x_wconf 90' lang='lat' dir='ltr'>credit</span> <span class='ocrx_word' id='word_1_386' title='bbox 2141 4932 2155 4958; x_wconf 91' lang='lat'>,</span> <span class='ocrx_word' id='word_1_387' title='bbox 2228 4881 2486 4966; x_wconf 83' lang='lat' dir='ltr'>Pelagii</span> 
     </span>
     <span class='ocr_line' id='line_1_54' title="bbox 525 4960 2482 5049; baseline 0.004 -23"><span class='ocrx_word' id='word_1_388' title='bbox 525 4981 745 5026; x_wconf 88' lang='lat' dir='ltr'>errore</span> <span class='ocrx_word' id='word_1_389' title='bbox 799 4960 1113 5046; x_wconf 86' lang='lat' dir='ltr'>deceptus</span> <span class='ocrx_word' id='word_1_390' title='bbox 1170 4975 1287 5030; x_wconf 90' lang='lat' dir='ltr'>est.</span> <span class='ocrx_word' id='word_1_391' title='bbox 1303 4966 1361 5049; x_wconf 85' lang='lat'>⁴)</span> <span class='ocrx_word' id='word_1_392' title='bbox 1450 4967 1649 5030; x_wconf 87' lang='lat' dir='ltr'>Item:</span> <span class='ocrx_word' id='word_1_393' title='bbox 1696 4963 1771 5030; x_wconf 77' lang='lat' dir='ltr'>Si</span> <span class='ocrx_word' id='word_1_394' title='bbox 1816 4966 1964 5049; x_wconf 86' lang='lat' dir='ltr'>quis</span> <span class='ocrx_word' id='word_1_395' title='bbox 2008 4966 2340 5032; x_wconf 87' lang='lat' dir='ltr'>humanae</span> <span class='ocrx_word' id='word_1_396' title='bbox 2383 4968 2482 5032; x_wconf 90' lang='lat' dir='ltr'>in·</span> 
     </span>
    </p>
   </div>
   <div class='ocr_carea' id='block_1_12' title="bbox 526 5092 728 5100">
    <p class='ocr_par' dir='ltr' id='par_1_12' title="bbox 526 5092 728 5100">
     <span class='ocr_line' id='line_1_55' title="bbox 526 5092 728 5100; baseline 0 -1"><span class='ocrx_word' id='word_1_397' title='bbox 526 5092 728 5100; x_wconf 79' lang='lat'>——.</span> 
     </span>
    </p>
   </div>
   <div class='ocr_carea' id='block_1_13' title="bbox 765 5093 936 5101">
    <p class='ocr_par' dir='ltr' id='par_1_13' title="bbox 765 5093 936 5101">
     <span class='ocr_line' id='line_1_56' title="bbox 765 5093 936 5101; baseline 0 891"><span class='ocrx_word' id='word_1_398' title='bbox 765 5093 936 5101; x_wconf 95' lang='lat' dir='ltr'> </span> 
     </span>
    </p>
   </div>
   <div class='ocr_carea' id='block_1_14' title="bbox 635 5131 1588 5226">
    <p class='ocr_par' dir='ltr' id='par_1_14' title="bbox 635 5131 1588 5226">
     <span class='ocr_line' id='line_1_57' title="bbox 635 5131 1588 5226; baseline 0.003 -9"><span class='ocrx_word' id='word_1_399' title='bbox 635 5131 724 5226; x_wconf 71' lang='lat'>.1)</span> <span class='ocrx_word' id='word_1_400' title='bbox 761 5166 984 5220; x_wconf 81' lang='lat' dir='ltr'>Concilii</span> <span class='ocrx_word' id='word_1_401' title='bbox 1020 5168 1334 5223; x_wconf 79' lang='lat' dir='ltr'>Arausicani</span> <span class='ocrx_word' id='word_1_402' title='bbox 1370 5168 1448 5222; x_wconf 86' lang='lat' dir='ltr'>Ca</span> <span class='ocrx_word' id='word_1_403' title='bbox 1489 5207 1503 5222; x_wconf 87' lang='lat'>.</span> <span class='ocrx_word' id='word_1_404' title='bbox 1538 5166 1588 5221; x_wconf 81' lang='lat'>5.</span> 
     </span>
    </p>
   </div>
   <div class='ocr_carea' id='block_1_15' title="bbox 619 5168 2112 5305">
    <p class='ocr_par' dir='ltr' id='par_1_15' title="bbox 619 5168 2112 5305">
     <span class='ocr_line' id='line_1_58' title="bbox 1795 5168 2112 5237; baseline 0.003 -15"><span class='ocrx_word' id='word_1_405' title='bbox 1795 5168 1857 5234; x_wconf 83' lang='lat'>2)</span> <span class='ocrx_word' id='word_1_406' title='bbox 1895 5168 2025 5237; x_wconf 82' lang='lat' dir='ltr'>Gap.</span> <span class='ocrx_word' id='word_1_407' title='bbox 2061 5168 2112 5223; x_wconf 74' lang='lat'>4.</span> 
     </span>
     <span class='ocr_line' id='line_1_59' title="bbox 619 5233 1503 5305; baseline 0 -18"><span class='ocrx_word' id='word_1_408' title='bbox 619 5237 626 5244; x_wconf 83' lang='grc'><strong>“</strong></span> <span class='ocrx_word' id='word_1_409' title='bbox 665 5234 726 5299; x_wconf 85' lang='grc'>3)</span> <span class='ocrx_word' id='word_1_410' title='bbox 766 5237 899 5303; x_wconf 85' lang='lat' dir='ltr'>Cap.</span> <span class='ocrx_word' id='word_1_411' title='bbox 936 5233 988 5288; x_wconf 88' lang='lat'>6.</span> <span class='ocrx_word' id='word_1_412' title='bbox 1191 5235 1253 5303; x_wconf 84' lang='lat'>4)</span> <span class='ocrx_word' id='word_1_413' title='bbox 1289 5238 1418 5305; x_wconf 84' lang='lat' dir='ltr'>Cap.</span> <span class='ocrx_word' id='word_1_414' title='bbox 1491 5274 1503 5288; x_wconf 91' lang='lat'>.</span> 
     </span>
    </p>
   </div>
   <div class='ocr_carea' id='block_1_16' title="bbox 516 465 4541 596">
    <p class='ocr_par' dir='ltr' id='par_1_16' title="bbox 516 465 4541 596">
     <span class='ocr_line' id='line_1_60' title="bbox 516 465 4541 596; baseline -0.002 -17"><span class='ocrx_word' id='word_1_415' title='bbox 516 509 973 587; x_wconf 89' lang='lat' dir='ltr'>sublevandos,</span> <span class='ocrx_word' id='word_1_416' title='bbox 1015 507 1134 573; x_wconf 84' lang='lat' dir='ltr'>sed</span> <span class='ocrx_word' id='word_1_417' title='bbox 1169 529 1278 573; x_wconf 87' lang='lat' dir='ltr'>ecs</span> <span class='ocrx_word' id='word_1_418' title='bbox 1322 508 1514 573; x_wconf 91' lang='lat' dir='ltr'>modo</span> <span class='ocrx_word' id='word_1_419' title='bbox 1558 507 1672 589; x_wconf 87' lang='lat' dir='ltr'>qui</span> <span class='ocrx_word' id='word_1_420' title='bbox 1704 507 2034 573; x_wconf 82' lang='lat' dir='ltr'>sublevari</span> <span class='ocrx_word' id='word_1_421' title='bbox 2053 465 2473 582; x_wconf 65' lang='lat' dir='ltr'>desiderent,</span> <span class='ocrx_word' id='word_1_422' title='bbox 2526 513 2535 596; x_wconf 67' lang='grc'>1</span> <span class='ocrx_word' id='word_1_423' title='bbox 2583 507 2911 572; x_wconf 86' lang='lat' dir='ltr'>vocationi</span> <span class='ocrx_word' id='word_1_424' title='bbox 2964 506 3246 572; x_wconf 84' lang='lat' dir='ltr'>conferri</span> <span class='ocrx_word' id='word_1_425' title='bbox 3298 505 3459 572; x_wconf 88' lang='lat' dir='ltr'>dicit</span> <span class='ocrx_word' id='word_1_426' title='bbox 3512 506 3793 590; x_wconf 86' lang='lat' dir='ltr'>gratiam</span> <span class='ocrx_word' id='word_1_427' title='bbox 3809 555 3825 585; x_wconf 93' lang='lat'>,</span> <span class='ocrx_word' id='word_1_428' title='bbox 3883 505 4019 571; x_wconf 74' lang='lat' dir='ltr'>‘n&#39;on</span> <span class='ocrx_word' id='word_1_429' title='bbox 4063 512 4285 572; x_wconf 89' lang='lat' dir='ltr'>autem</span> <span class='ocrx_word' id='word_1_430' title='bbox 4329 506 4541 589; x_wconf 87' lang='lat' dir='ltr'>ipsam</span> 
     </span>
    </p>
   </div>
   <div class='ocr_carea' id='block_1_17' title="bbox 2528 591 4542 675">
    <p class='ocr_par' dir='ltr' id='par_1_17' title="bbox 2528 591 4542 675">
     <span class='ocr_line' id='line_1_61' title="bbox 2528 591 4542 675; baseline 0 -18"><span class='ocrx_word' id='word_1_431' title='bbox 2528 609 2533 632; x_wconf 79' lang='lat'>¹</span> <span class='ocrx_word' id='word_1_432' title='bbox 2583 593 2867 675; x_wconf 88' lang='lat' dir='ltr'>gratiam</span> <span class='ocrx_word' id='word_1_433' title='bbox 2931 592 3147 658; x_wconf 87' lang='lat' dir='ltr'>facere</span> <span class='ocrx_word' id='word_1_434' title='bbox 3212 601 3289 656; x_wconf 90' lang='lat' dir='ltr'>ut</span> <span class='ocrx_word' id='word_1_435' title='bbox 3361 593 3705 657; x_wconf 81' lang='lat' dir='ltr'>invocetur</span> <span class='ocrx_word' id='word_1_436' title='bbox 3770 615 3811 658; x_wconf 89' lang='lat' dir='ltr'>a</span> <span class='ocrx_word' id='word_1_437' title='bbox 3866 593 4056 658; x_wconf 89' lang='lat' dir='ltr'>nobis</span> <span class='ocrx_word' id='word_1_438' title='bbox 4072 643 4088 670; x_wconf 94' lang='lat'>,</span> <span class='ocrx_word' id='word_1_439' title='bbox 4153 591 4542 658; x_wconf 84' lang='lat' dir='ltr'>contradicit</span> 
     </span>
    </p>
   </div>
   <div class='ocr_carea' id='block_1_18' title="bbox 2580 676 4549 3762">
    <p class='ocr_par' dir='ltr' id='par_1_18' title="bbox 2580 676 4549 2647">
     <span class='ocr_line' id='line_1_62' title="bbox 2582 676 4538 762; baseline 0 -19"><span class='ocrx_word' id='word_1_440' title='bbox 2582 677 2832 743; x_wconf 86' lang='lat' dir='ltr'>Iesaiae</span> <span class='ocrx_word' id='word_1_441' title='bbox 2896 678 3273 760; x_wconf 86' lang='lat' dir='ltr'>prophetae.</span> <span class='ocrx_word' id='word_1_442' title='bbox 3303 678 3353 762; x_wconf 92' lang='lat'>¹)</span> <span class='ocrx_word' id='word_1_443' title='bbox 3449 679 3650 743; x_wconf 81' lang='lat' dir='ltr'>Item:</span> <span class='ocrx_word' id='word_1_444' title='bbox 3722 676 3798 744; x_wconf 80' lang='lat' dir='ltr'>Si</span> <span class='ocrx_word' id='word_1_445' title='bbox 3868 679 4014 760; x_wconf 90' lang='lat' dir='ltr'>quis</span> <span class='ocrx_word' id='word_1_446' title='bbox 4080 699 4198 760; x_wconf 90' lang='lat' dir='ltr'>per</span> <span class='ocrx_word' id='word_1_447' title='bbox 4267 685 4538 743; x_wconf 88' lang='lat' dir='ltr'>naturae</span> 
     </span>
     <span class='ocr_line' id='line_1_63' title="bbox 2584 762 4540 846; baseline 0 -19"><span class='ocrx_word' id='word_1_448' title='bbox 2584 763 2877 846; x_wconf 88' lang='lat' dir='ltr'>vigorem</span> <span class='ocrx_word' id='word_1_449' title='bbox 2935 762 3180 828; x_wconf 89' lang='lat' dir='ltr'>bonum</span> <span class='ocrx_word' id='word_1_450' title='bbox 3233 763 3524 846; x_wconf 87' lang='lat' dir='ltr'>aliquod,</span> <span class='ocrx_word' id='word_1_451' title='bbox 3583 763 3756 846; x_wconf 93' lang='lat' dir='ltr'>quod</span> <span class='ocrx_word' id='word_1_452' title='bbox 3799 763 3882 829; x_wconf 88' lang='lat' dir='ltr'>ad</span> <span class='ocrx_word' id='word_1_453' title='bbox 3938 765 4144 829; x_wconf 83' lang='lat' dir='ltr'>vitam</span> <span class='ocrx_word' id='word_1_454' title='bbox 4200 773 4540 828; x_wconf 83' lang='lat' dir='ltr'>aeternam</span> 
     </span>
     <span class='ocr_line' id='line_1_64' title="bbox 2582 846 4541 933; baseline 0.001 -20"><span class='ocrx_word' id='word_1_455' title='bbox 2582 850 2909 931; x_wconf 88' lang='lat' dir='ltr'>pertineat</span> <span class='ocrx_word' id='word_1_456' title='bbox 2923 900 2937 926; x_wconf 90' lang='lat'>,</span> <span class='ocrx_word' id='word_1_457' title='bbox 2984 849 3272 933; x_wconf 88' lang='lat' dir='ltr'>cogitare</span> <span class='ocrx_word' id='word_1_458' title='bbox 3317 863 3434 914; x_wconf 88' lang='lat' dir='ltr'>aut</span> <span class='ocrx_word' id='word_1_459' title='bbox 3476 849 3719 933; x_wconf 89' lang='lat' dir='ltr'>eligere</span> <span class='ocrx_word' id='word_1_460' title='bbox 3734 900 3751 928; x_wconf 88' lang='lat'>,</span> <span class='ocrx_word' id='word_1_461' title='bbox 3796 848 3866 914; x_wconf 92' lang='lat' dir='ltr'>id</span> <span class='ocrx_word' id='word_1_462' title='bbox 3909 857 4025 927; x_wconf 86' lang='lat' dir='ltr'>est,</span> <span class='ocrx_word' id='word_1_463' title='bbox 4072 846 4541 930; x_wconf 82' lang='lat' dir='ltr'>praedicationi</span> 
     </span>
     <span class='ocr_line' id='line_1_65' title="bbox 2583 934 4541 1018; baseline 0.001 -19"><span class='ocrx_word' id='word_1_464' title='bbox 2583 936 2953 999; x_wconf 89' lang='lat' dir='ltr'>consentire</span> <span class='ocrx_word' id='word_1_465' title='bbox 3031 956 3219 1018; x_wconf 91' lang='lat' dir='ltr'>posse</span> <span class='ocrx_word' id='word_1_466' title='bbox 3295 937 3674 1013; x_wconf 89' lang='lat' dir='ltr'>confirmat,</span> <span class='ocrx_word' id='word_1_467' title='bbox 3753 934 3996 1017; x_wconf 90' lang='lat' dir='ltr'>absque</span> <span class='ocrx_word' id='word_1_468' title='bbox 4057 935 4541 1000; x_wconf 87' lang='lat' dir='ltr'>illuminatione</span> 
     </span>
     <span class='ocr_line' id='line_1_66' title="bbox 2582 1019 4543 1102; baseline 0.001 -18"><span class='ocrx_word' id='word_1_469' title='bbox 2582 1021 2854 1102; x_wconf 88' lang='lat' dir='ltr'>spiritus</span> <span class='ocrx_word' id='word_1_470' title='bbox 2895 1021 3136 1094; x_wconf 86' lang='lat' dir='ltr'>sancti,</span> <span class='ocrx_word' id='word_1_471' title='bbox 3185 1022 3302 1102; x_wconf 84' lang='lat' dir='ltr'>qui</span> <span class='ocrx_word' id='word_1_472' title='bbox 3345 1019 3460 1086; x_wconf 91' lang='lat' dir='ltr'>dat</span> <span class='ocrx_word' id='word_1_473' title='bbox 3502 1021 3804 1086; x_wconf 90' lang='lat' dir='ltr'>omnibus</span> <span class='ocrx_word' id='word_1_474' title='bbox 3848 1022 3921 1085; x_wconf 91' lang='lat' dir='ltr'>in</span> <span class='ocrx_word' id='word_1_475' title='bbox 3963 1020 4435 1086; x_wconf 88' lang='lat' dir='ltr'>consentiendo</span> <span class='ocrx_word' id='word_1_476' title='bbox 4477 1029 4543 1086; x_wconf 88' lang='lat' dir='ltr'>et</span> 
     </span>
     <span class='ocr_line' id='line_1_67' title="bbox 2581 1104 4540 1190; baseline 0.001 -20"><span class='ocrx_word' id='word_1_477' title='bbox 2581 1104 2907 1170; x_wconf 89' lang='lat' dir='ltr'>credendo</span> <span class='ocrx_word' id='word_1_478' title='bbox 2922 1107 3338 1184; x_wconf 88' lang='lat' dir='ltr'>suavitatem,</span> <span class='ocrx_word' id='word_1_479' title='bbox 3362 1105 3691 1173; x_wconf 88' lang='lat' dir='ltr'>haeretico</span> <span class='ocrx_word' id='word_1_480' title='bbox 3706 1105 3963 1171; x_wconf 87' lang='lat' dir='ltr'>fallitur</span> <span class='ocrx_word' id='word_1_481' title='bbox 3975 1107 4228 1188; x_wconf 86' lang='lat' dir='ltr'>spiritu.</span> <span class='ocrx_word' id='word_1_482' title='bbox 4250 1107 4311 1190; x_wconf 79' lang='lat'>²)</span> <span class='ocrx_word' id='word_1_483' title='bbox 4335 1106 4540 1171; x_wconf 88' lang='lat' dir='ltr'>Item:</span> 
     </span>
     <span class='ocr_line' id='line_1_68' title="bbox 2582 1191 4541 1275; baseline 0.001 -20"><span class='ocrx_word' id='word_1_484' title='bbox 2582 1192 2776 1255; x_wconf 78' lang='lat' dir='ltr'>Tales</span> <span class='ocrx_word' id='word_1_485' title='bbox 2834 1213 2954 1257; x_wconf 89' lang='lat' dir='ltr'>nos</span> <span class='ocrx_word' id='word_1_486' title='bbox 3011 1191 3229 1275; x_wconf 89' lang='lat' dir='ltr'>diligit</span> <span class='ocrx_word' id='word_1_487' title='bbox 3272 1194 3484 1272; x_wconf 90' lang='lat' dir='ltr'>Deus,</span> <span class='ocrx_word' id='word_1_488' title='bbox 3543 1191 3768 1275; x_wconf 89' lang='lat' dir='ltr'>quales</span> <span class='ocrx_word' id='word_1_489' title='bbox 3810 1192 4019 1256; x_wconf 89' lang='lat' dir='ltr'>futuri</span> <span class='ocrx_word' id='word_1_490' title='bbox 4060 1212 4293 1256; x_wconf 88' lang='lat' dir='ltr'>sumus</span> <span class='ocrx_word' id='word_1_491' title='bbox 4335 1192 4541 1274; x_wconf 84' lang='lat' dir='ltr'>ipsius</span> 
     </span>
     <span class='ocr_line' id='line_1_69' title="bbox 2582 1274 4537 1361; baseline 0.001 -21"><span class='ocrx_word' id='word_1_492' title='bbox 2582 1274 2779 1353; x_wconf 89' lang='lat' dir='ltr'>donc,</span> <span class='ocrx_word' id='word_1_493' title='bbox 2848 1298 2985 1341; x_wconf 91' lang='lat' dir='ltr'>non</span> <span class='ocrx_word' id='word_1_494' title='bbox 3039 1278 3264 1360; x_wconf 89' lang='lat' dir='ltr'>quales</span> <span class='ocrx_word' id='word_1_495' title='bbox 3320 1300 3550 1343; x_wconf 89' lang='lat' dir='ltr'>sumus</span> <span class='ocrx_word' id='word_1_496' title='bbox 3618 1284 3844 1342; x_wconf 88' lang='lat' dir='ltr'>nostro</span> <span class='ocrx_word' id='word_1_497' title='bbox 3911 1279 4168 1342; x_wconf 88' lang='lat' dir='ltr'>merito.</span> <span class='ocrx_word' id='word_1_498' title='bbox 4189 1281 4246 1361; x_wconf 82' lang='lat'>⁸)</span> <span class='ocrx_word' id='word_1_499' title='bbox 4334 1278 4537 1343; x_wconf 88' lang='lat' dir='ltr'>Item:</span> 
     </span>
     <span class='ocr_line' id='line_1_70' title="bbox 2582 1361 4541 1446; baseline 0.003 -21"><span class='ocrx_word' id='word_1_500' title='bbox 2582 1362 2794 1427; x_wconf 90' lang='lat' dir='ltr'>Nemo</span> <span class='ocrx_word' id='word_1_501' title='bbox 2851 1361 2932 1427; x_wconf 90' lang='lat' dir='ltr'>de</span> <span class='ocrx_word' id='word_1_502' title='bbox 2998 1384 3118 1429; x_wconf 93' lang='lat' dir='ltr'>suo</span> <span class='ocrx_word' id='word_1_503' title='bbox 3182 1362 3412 1442; x_wconf 90' lang='lat' dir='ltr'>habet,</span> <span class='ocrx_word' id='word_1_504' title='bbox 3480 1364 3611 1428; x_wconf 90' lang='lat' dir='ltr'>nisi</span> <span class='ocrx_word' id='word_1_505' title='bbox 3669 1362 4087 1429; x_wconf 89' lang='lat' dir='ltr'>mendacium</span> <span class='ocrx_word' id='word_1_506' title='bbox 4144 1371 4261 1430; x_wconf 86' lang='lat' dir='ltr'>aut</span> <span class='ocrx_word' id='word_1_507' title='bbox 4316 1384 4541 1446; x_wconf 87' lang='lat' dir='ltr'>pecca-</span> 
     </span>
     <span class='ocr_line' id='line_1_71' title="bbox 2581 1448 4541 1532; baseline 0.002 -21"><span class='ocrx_word' id='word_1_508' title='bbox 2581 1449 2820 1531; x_wconf 73' lang='lat' dir='ltr'>tum.⁴)</span> <span class='ocrx_word' id='word_1_509' title='bbox 2897 1449 2961 1512; x_wconf 94' lang='lat' dir='ltr'>N</span> <span class='ocrx_word' id='word_1_510' title='bbox 2966 1470 3096 1515; x_wconf 90' lang='lat' dir='ltr'>unc</span> <span class='ocrx_word' id='word_1_511' title='bbox 3136 1449 3305 1513; x_wconf 90' lang='lat' dir='ltr'>mihi</span> <span class='ocrx_word' id='word_1_512' title='bbox 3348 1470 3558 1514; x_wconf 90' lang='lat' dir='ltr'>unum</span> <span class='ocrx_word' id='word_1_513' title='bbox 3600 1450 3672 1514; x_wconf 91' lang='lat' dir='ltr'>in</span> <span class='ocrx_word' id='word_1_514' title='bbox 3714 1456 3854 1513; x_wconf 91' lang='lat' dir='ltr'>tota</span> <span class='ocrx_word' id='word_1_515' title='bbox 3895 1470 4017 1514; x_wconf 88' lang='lat' dir='ltr'>sua</span> <span class='ocrx_word' id='word_1_516' title='bbox 4061 1448 4365 1514; x_wconf 88' lang='lat' dir='ltr'>doctrina</span> <span class='ocrx_word' id='word_1_517' title='bbox 4407 1451 4541 1532; x_wconf 89' lang='lat' dir='ltr'>api-</span> 
     </span>
     <span class='ocr_line' id='line_1_72' title="bbox 2580 1533 4541 1617; baseline 0.001 -18"><span class='ocrx_word' id='word_1_518' title='bbox 2580 1534 2808 1599; x_wconf 89' lang='lat' dir='ltr'>culum</span> <span class='ocrx_word' id='word_1_519' title='bbox 2841 1534 3123 1617; x_wconf 87' lang='lat' dir='ltr'>Pighius</span> <span class='ocrx_word' id='word_1_520' title='bbox 3170 1533 3501 1615; x_wconf 87' lang='lat' dir='ltr'>ostendat,</span> <span class='ocrx_word' id='word_1_521' title='bbox 3558 1535 3672 1617; x_wconf 87' lang='lat' dir='ltr'>qui</span> <span class='ocrx_word' id='word_1_522' title='bbox 3704 1555 3839 1599; x_wconf 90' lang='lat' dir='ltr'>non</span> <span class='ocrx_word' id='word_1_523' title='bbox 3883 1534 4029 1600; x_wconf 88' lang='lat' dir='ltr'>istis</span> <span class='ocrx_word' id='word_1_524' title='bbox 4065 1534 4348 1600; x_wconf 88' lang='lat' dir='ltr'>decretis</span> <span class='ocrx_word' id='word_1_525' title='bbox 4386 1555 4541 1602; x_wconf 91' lang='lat' dir='ltr'>con-</span> 
     </span>
     <span class='ocr_line' id='line_1_73' title="bbox 2581 1619 4547 1702; baseline 0.002 -20"><span class='ocrx_word' id='word_1_526' title='bbox 2581 1621 2795 1684; x_wconf 87' lang='lat' dir='ltr'>fossus</span> <span class='ocrx_word' id='word_1_527' title='bbox 2849 1620 2937 1685; x_wconf 84' lang='lat' dir='ltr'>sit</span> <span class='ocrx_word' id='word_1_528' title='bbox 2991 1630 3186 1702; x_wconf 90' lang='lat' dir='ltr'>atque</span> <span class='ocrx_word' id='word_1_529' title='bbox 3239 1620 3610 1686; x_wconf 83' lang='lat' dir='ltr'>damnatus.</span> <span class='ocrx_word' id='word_1_530' title='bbox 3701 1619 3897 1701; x_wconf 75' lang='lat' dir='ltr'>Quod</span> <span class='ocrx_word' id='word_1_531' title='bbox 3952 1620 4010 1685; x_wconf 93' lang='lat' dir='ltr'>si</span> <span class='ocrx_word' id='word_1_532' title='bbox 4052 1619 4312 1686; x_wconf 88' lang='lat' dir='ltr'>concilii</span> <span class='ocrx_word' id='word_1_533' title='bbox 4355 1633 4547 1685; x_wconf 87' lang='lat' dir='ltr'>auto-</span> 
     </span>
     <span class='ocr_line' id='line_1_74' title="bbox 2581 1705 4545 1789; baseline 0.002 -21"><span class='ocrx_word' id='word_1_534' title='bbox 2581 1705 2846 1769; x_wconf 83' lang='lat' dir='ltr'>ritatem</span> <span class='ocrx_word' id='word_1_535' title='bbox 2902 1706 3295 1784; x_wconf 90' lang='lat' dir='ltr'>contemnit,</span> <span class='ocrx_word' id='word_1_536' title='bbox 3353 1706 3479 1770; x_wconf 91' lang='lat' dir='ltr'>hoc</span> <span class='ocrx_word' id='word_1_537' title='bbox 3536 1706 3773 1771; x_wconf 88' lang='lat' dir='ltr'>saltem</span> <span class='ocrx_word' id='word_1_538' title='bbox 3816 1726 3971 1771; x_wconf 91' lang='lat' dir='ltr'>eum</span> <span class='ocrx_word' id='word_1_539' title='bbox 4022 1715 4313 1786; x_wconf 88' lang='lat' dir='ltr'>moveat,</span> <span class='ocrx_word' id='word_1_540' title='bbox 4371 1705 4545 1789; x_wconf 91' lang='lat' dir='ltr'>quod</span> 
     </span>
     <span class='ocr_line' id='line_1_75' title="bbox 2583 1791 4545 1873; baseline 0.002 -19"><span class='ocrx_word' id='word_1_541' title='bbox 2583 1792 2695 1873; x_wconf 91' lang='lat' dir='ltr'>qui</span> <span class='ocrx_word' id='word_1_542' title='bbox 2737 1792 3184 1856; x_wconf 88' lang='lat' dir='ltr'>interfuerunt</span> <span class='ocrx_word' id='word_1_543' title='bbox 3227 1814 3302 1857; x_wconf 90' lang='lat' dir='ltr'>ac</span> <span class='ocrx_word' id='word_1_544' title='bbox 3346 1792 3882 1873; x_wconf 89' lang='lat' dir='ltr'>subscripserunt</span> <span class='ocrx_word' id='word_1_545' title='bbox 3923 1814 3961 1856; x_wconf 89' lang='lat' dir='ltr'>e</span> <span class='ocrx_word' id='word_1_546' title='bbox 4007 1791 4235 1873; x_wconf 91' lang='lat' dir='ltr'>iscopi,</span> <span class='ocrx_word' id='word_1_547' title='bbox 4292 1813 4432 1856; x_wconf 90' lang='lat' dir='ltr'>non</span> <span class='ocrx_word' id='word_1_548' title='bbox 4476 1813 4545 1857; x_wconf 88' lang='lat' dir='ltr'>se</span> 
     </span>
     <span class='ocr_line' id='line_1_76' title="bbox 2584 1877 4549 1960; baseline 0.002 -20"><span class='ocrx_word' id='word_1_549' title='bbox 2584 1885 2845 1942; x_wconf 88' lang='lat' dir='ltr'>autores</span> <span class='ocrx_word' id='word_1_550' title='bbox 2899 1878 3177 1942; x_wconf 90' lang='lat' dir='ltr'>istorum</span> <span class='ocrx_word' id='word_1_551' title='bbox 3221 1877 3509 1960; x_wconf 88' lang='lat' dir='ltr'>capitum</span> <span class='ocrx_word' id='word_1_552' title='bbox 3525 1929 3541 1957; x_wconf 94' lang='lat'>,</span> <span class='ocrx_word' id='word_1_553' title='bbox 3598 1877 3713 1943; x_wconf 89' lang='lat' dir='ltr'>sed</span> <span class='ocrx_word' id='word_1_554' title='bbox 3766 1898 3968 1960; x_wconf 90' lang='lat' dir='ltr'>appro</span> <span class='ocrx_word' id='word_1_555' title='bbox 4015 1886 4229 1942; x_wconf 89' lang='lat' dir='ltr'>atores</span> <span class='ocrx_word' id='word_1_556' title='bbox 4286 1887 4549 1943; x_wconf 86' lang='lat' dir='ltr'>tantum</span> 
     </span>
     <span class='ocr_line' id='line_1_77' title="bbox 2587 1961 4547 2046; baseline 0.002 -21"><span class='ocrx_word' id='word_1_557' title='bbox 2587 1982 2729 2027; x_wconf 90' lang='lat' dir='ltr'>esse</span> <span class='ocrx_word' id='word_1_558' title='bbox 2786 1964 3208 2045; x_wconf 87' lang='lat' dir='ltr'>profitentur:</span> <span class='ocrx_word' id='word_1_559' title='bbox 3277 1963 3590 2046; x_wconf 89' lang='lat' dir='ltr'>quoniam</span> <span class='ocrx_word' id='word_1_560' title='bbox 3669 1961 3791 2027; x_wconf 90' lang='lat' dir='ltr'>sibi</span> <span class='ocrx_word' id='word_1_561' title='bbox 3862 1985 3903 2028; x_wconf 91' lang='lat' dir='ltr'>a</span> <span class='ocrx_word' id='word_1_562' title='bbox 3971 1962 4125 2028; x_wconf 89' lang='lat' dir='ltr'>sede</span> <span class='ocrx_word' id='word_1_563' title='bbox 4191 1963 4547 2046; x_wconf 84' lang='lat' dir='ltr'>apostolica</span> 
     </span>
     <span class='ocr_line' id='line_1_78' title="bbox 2584 2047 4549 2131; baseline 0 -18"><span class='ocrx_word' id='word_1_564' title='bbox 2584 2049 2788 2113; x_wconf 87' lang='lat' dir='ltr'>missa</span> <span class='ocrx_word' id='word_1_565' title='bbox 2838 2049 3103 2113; x_wconf 84' lang='lat' dir='ltr'>fuerint.</span> <span class='ocrx_word' id='word_1_566' title='bbox 3193 2048 3380 2115; x_wconf 86' lang='lat' dir='ltr'>Haec</span> <span class='ocrx_word' id='word_1_567' title='bbox 3430 2057 3532 2114; x_wconf 89' lang='lat' dir='ltr'>est</span> <span class='ocrx_word' id='word_1_568' title='bbox 3573 2048 3690 2114; x_wconf 88' lang='lat' dir='ltr'>illa</span> <span class='ocrx_word' id='word_1_569' title='bbox 3733 2048 3949 2127; x_wconf 90' lang='lat' dir='ltr'>sedes,</span> <span class='ocrx_word' id='word_1_570' title='bbox 4009 2047 4184 2113; x_wconf 90' lang='lat' dir='ltr'>unde</span> <span class='ocrx_word' id='word_1_571' title='bbox 4210 2047 4549 2131; x_wconf 78' lang='lat' dir='ltr'>quidquid</span> 
     </span>
     <span class='ocr_line' id='line_1_79' title="bbox 2581 2133 4547 2217; baseline 0.001 -20"><span class='ocrx_word' id='word_1_572' title='bbox 2581 2134 2947 2216; x_wconf 85' lang='lat' dir='ltr'>profectum</span> <span class='ocrx_word' id='word_1_573' title='bbox 2988 2134 3215 2213; x_wconf 88' lang='lat' dir='ltr'>fuerit,</span> <span class='ocrx_word' id='word_1_574' title='bbox 3276 2155 3413 2200; x_wconf 92' lang='lat' dir='ltr'>non</span> <span class='ocrx_word' id='word_1_575' title='bbox 3459 2135 3653 2200; x_wconf 88' lang='lat' dir='ltr'>aliter</span> <span class='ocrx_word' id='word_1_576' title='bbox 3697 2133 4150 2217; x_wconf 88' lang='lat' dir='ltr'>accipiendum</span> <span class='ocrx_word' id='word_1_577' title='bbox 4196 2155 4341 2200; x_wconf 88' lang='lat' dir='ltr'>esse</span> <span class='ocrx_word' id='word_1_578' title='bbox 4391 2155 4547 2201; x_wconf 90' lang='lat' dir='ltr'>con·</span> 
     </span>
     <span class='ocr_line' id='line_1_80' title="bbox 2585 2217 4548 2303; baseline 0 -19"><span class='ocrx_word' id='word_1_579' title='bbox 2585 2217 2799 2284; x_wconf 88' lang='lat' dir='ltr'>tendit</span> <span class='ocrx_word' id='word_1_580' title='bbox 2860 2219 3176 2303; x_wconf 83' lang='lat' dir='ltr'>Pighius,</span> <span class='ocrx_word' id='word_1_581' title='bbox 3245 2241 3445 2303; x_wconf 89' lang='lat' dir='ltr'>quam</span> <span class='ocrx_word' id='word_1_582' title='bbox 3511 2240 3596 2285; x_wconf 83' lang='lat' dir='ltr'>ex</span> <span class='ocrx_word' id='word_1_583' title='bbox 3662 2219 3919 2303; x_wconf 88' lang='lat' dir='ltr'>tripode</span> <span class='ocrx_word' id='word_1_584' title='bbox 3981 2219 4352 2286; x_wconf 90' lang='lat' dir='ltr'>oraculum:</span> <span class='ocrx_word' id='word_1_585' title='bbox 4415 2221 4548 2285; x_wconf 87' lang='lat' dir='ltr'>imo</span> 
     </span>
     <span class='ocr_line' id='line_1_81' title="bbox 2586 2304 4539 2387; baseline 0 -18"><span class='ocrx_word' id='word_1_586' title='bbox 2586 2326 2786 2387; x_wconf 89' lang='lat' dir='ltr'>quam</span> <span class='ocrx_word' id='word_1_587' title='bbox 2844 2305 3138 2371; x_wconf 88' lang='lat' dir='ltr'>divinam</span> <span class='ocrx_word' id='word_1_588' title='bbox 3181 2328 3218 2371; x_wconf 93' lang='lat' dir='ltr'>e</span> <span class='ocrx_word' id='word_1_589' title='bbox 3270 2305 3452 2373; x_wconf 91' lang='lat' dir='ltr'>coelo</span> <span class='ocrx_word' id='word_1_590' title='bbox 3505 2304 4009 2384; x_wconf 84' lang='lat' dir='ltr'>revelationem,</span> <span class='ocrx_word' id='word_1_591' title='bbox 4067 2305 4177 2371; x_wconf 89' lang='lat' dir='ltr'>cui</span> <span class='ocrx_word' id='word_1_592' title='bbox 4217 2313 4287 2371; x_wconf 88' lang='lat' dir='ltr'>et</span> <span class='ocrx_word' id='word_1_593' title='bbox 4526 2306 4539 2319; x_wconf 85' lang='lat'><strong>&#39;</strong></span> 
     </span>
     <span class='ocr_line' id='line_1_82' title="bbox 2585 2389 4472 2475; baseline 0 -20"><span class='ocrx_word' id='word_1_594' title='bbox 2585 2398 2654 2455; x_wconf 91' lang='lat' dir='ltr'>et</span> <span class='ocrx_word' id='word_1_595' title='bbox 2696 2391 3055 2475; x_wconf 86' lang='lat' dir='ltr'>prophetae</span> <span class='ocrx_word' id='word_1_596' title='bbox 3097 2391 3328 2457; x_wconf 89' lang='lat' dir='ltr'>cedere</span> <span class='ocrx_word' id='word_1_597' title='bbox 3371 2391 3671 2458; x_wconf 87' lang='lat' dir='ltr'>debeant.</span> <span class='ocrx_word' id='word_1_598' title='bbox 3763 2389 3942 2471; x_wconf 76' lang='lat' dir='ltr'>Quid</span> <span class='ocrx_word' id='word_1_599' title='bbox 3984 2412 4141 2475; x_wconf 89' lang='lat' dir='ltr'>ergo</span> <span class='ocrx_word' id='word_1_600' title='bbox 4184 2410 4369 2457; x_wconf 91' lang='lat' dir='ltr'>nunc</span> <span class='ocrx_word' id='word_1_601' title='bbox 4459 2391 4472 2403; x_wconf 88' lang='lat'>&#39;</span> 
     </span>
     <span class='ocr_line' id='line_1_83' title="bbox 2584 2476 4545 2554; baseline 0.002 -13"><span class='ocrx_word' id='word_1_602' title='bbox 2584 2485 2776 2542; x_wconf 88' lang='lat' dir='ltr'>turus</span> <span class='ocrx_word' id='word_1_603' title='bbox 2819 2486 2936 2554; x_wconf 91' lang='lat' dir='ltr'>est,</span> <span class='ocrx_word' id='word_1_604' title='bbox 2984 2477 3108 2543; x_wconf 93' lang='lat' dir='ltr'>hoc</span> <span class='ocrx_word' id='word_1_605' title='bbox 3151 2497 3377 2543; x_wconf 85' lang='lat' dir='ltr'>sacrae</span> <span class='ocrx_word' id='word_1_606' title='bbox 3418 2478 3598 2543; x_wconf 88' lang='lat' dir='ltr'>illius</span> <span class='ocrx_word' id='word_1_607' title='bbox 3641 2476 3816 2543; x_wconf 89' lang='lat' dir='ltr'>sedis</span> <span class='ocrx_word' id='word_1_608' title='bbox 3861 2476 4279 2542; x_wconf 77' lang='lat' dir='ltr'>anathemate</span> <span class='ocrx_word' id='word_1_609' title='bbox 4320 2478 4395 2542; x_wconf 90' lang='lat' dir='ltr'>in</span> <span class='ocrx_word' id='word_1_610' title='bbox 4439 2498 4545 2544; x_wconf 85' lang='lat' dir='ltr'>ca-</span> 
     </span>
     <span class='ocr_line' id='line_1_84' title="bbox 2585 2562 3441 2647; baseline 0 -21"><span class='ocrx_word' id='word_1_611' title='bbox 2585 2573 2706 2645; x_wconf 90' lang='lat' dir='ltr'>put</span> <span class='ocrx_word' id='word_1_612' title='bbox 2748 2584 2943 2628; x_wconf 91' lang='lat' dir='ltr'>suum</span> <span class='ocrx_word' id='word_1_613' title='bbox 2987 2562 3441 2647; x_wconf 82' lang='lat' dir='ltr'>promulgato?</span> 
     </span>
    </p>

    <p class='ocr_par' dir='ltr' id='par_1_19' title="bbox 2583 2646 4549 3762">
     <span class='ocr_line' id='line_1_85' title="bbox 2759 2646 4547 2732; baseline 0.001 -18"><span class='ocrx_word' id='word_1_614' title='bbox 2759 2646 2954 2729; x_wconf 76' lang='lat' dir='ltr'>Quod</span> <span class='ocrx_word' id='word_1_615' title='bbox 2994 2657 3217 2715; x_wconf 90' lang='lat' dir='ltr'>autem</span> <span class='ocrx_word' id='word_1_616' title='bbox 3260 2648 3456 2713; x_wconf 90' lang='lat' dir='ltr'>toties</span> <span class='ocrx_word' id='word_1_617' title='bbox 3500 2669 3652 2715; x_wconf 89' lang='lat' dir='ltr'>cum</span> <span class='ocrx_word' id='word_1_618' title='bbox 3684 2648 4060 2732; x_wconf 85' lang='lat' dir='ltr'>Pelagianis</span> <span class='ocrx_word' id='word_1_619' title='bbox 4103 2647 4275 2713; x_wconf 89' lang='lat' dir='ltr'>nihil</span> <span class='ocrx_word' id='word_1_620' title='bbox 4308 2669 4385 2714; x_wconf 92' lang='lat' dir='ltr'>se</span> <span class='ocrx_word' id='word_1_621' title='bbox 4428 2649 4547 2715; x_wconf 84' lang='lat' dir='ltr'>ha-</span> 
     </span>
     <span class='ocr_line' id='line_1_86' title="bbox 2586 2733 4549 2817; baseline 0.001 -17"><span class='ocrx_word' id='word_1_622' title='bbox 2586 2733 2739 2800; x_wconf 89' lang='lat' dir='ltr'>bere</span> <span class='ocrx_word' id='word_1_623' title='bbox 2797 2755 3142 2800; x_wconf 91' lang='lat' dir='ltr'>commune</span> <span class='ocrx_word' id='word_1_624' title='bbox 3194 2735 3427 2814; x_wconf 87' lang='lat' dir='ltr'>iactat,</span> <span class='ocrx_word' id='word_1_625' title='bbox 3488 2735 3708 2800; x_wconf 91' lang='lat' dir='ltr'>nescio</span> <span class='ocrx_word' id='word_1_626' title='bbox 3763 2755 3927 2816; x_wconf 89' lang='lat' dir='ltr'>quos</span> <span class='ocrx_word' id='word_1_627' title='bbox 3986 2733 4096 2800; x_wconf 90' lang='lat' dir='ltr'>hic</span> <span class='ocrx_word' id='word_1_628' title='bbox 4152 2734 4549 2817; x_wconf 82' lang='lat' dir='ltr'>Pelagianos</span> 
     </span>
     <span class='ocr_line' id='line_1_87' title="bbox 2586 2820 4547 2904; baseline 0 -18"><span class='ocrx_word' id='word_1_629' title='bbox 2586 2821 3137 2887; x_wconf 76' lang='lat' dir='ltr'>comminiscetur.</span> <span class='ocrx_word' id='word_1_630' title='bbox 3225 2820 3454 2903; x_wconf 87' lang='lat' dir='ltr'>Neque</span> <span class='ocrx_word' id='word_1_631' title='bbox 3496 2820 3677 2886; x_wconf 90' lang='lat' dir='ltr'>enim</span> <span class='ocrx_word' id='word_1_632' title='bbox 3720 2827 3984 2885; x_wconf 89' lang='lat' dir='ltr'>tantum</span> <span class='ocrx_word' id='word_1_633' title='bbox 4029 2840 4183 2886; x_wconf 90' lang='lat' dir='ltr'>cum</span> <span class='ocrx_word' id='word_1_634' title='bbox 4223 2820 4303 2886; x_wconf 86' lang='lat' dir='ltr'>iis</span> <span class='ocrx_word' id='word_1_635' title='bbox 4318 2870 4338 2898; x_wconf 95' lang='lat'>,</span> <span class='ocrx_word' id='word_1_636' title='bbox 4378 2841 4547 2904; x_wconf 90' lang='lat' dir='ltr'>quos</span> 
     </span>
     <span class='ocr_line' id='line_1_88' title="bbox 2586 2903 4546 2990; baseline 0.002 -21"><span class='ocrx_word' id='word_1_637' title='bbox 2586 2903 2896 2973; x_wconf 88' lang='lat' dir='ltr'>describit</span> <span class='ocrx_word' id='word_1_638' title='bbox 2924 2906 3365 2990; x_wconf 82' lang='lat' dir='ltr'>Augustinus,</span> <span class='ocrx_word' id='word_1_639' title='bbox 3410 2911 3558 2986; x_wconf 78' lang='lat' dir='ltr'>[pag.</span> <span class='ocrx_word' id='word_1_640' title='bbox 3603 2910 3749 2986; x_wconf 86' lang='lat'>183]</span> <span class='ocrx_word' id='word_1_641' title='bbox 3787 2904 4000 2971; x_wconf 86' lang='lat' dir='ltr'>multa</span> <span class='ocrx_word' id='word_1_642' title='bbox 4042 2904 4243 2971; x_wconf 87' lang='lat' dir='ltr'>habet</span> <span class='ocrx_word' id='word_1_643' title='bbox 4284 2906 4546 2987; x_wconf 81' lang='lat' dir='ltr'>similia,</span> 
     </span>
     <span class='ocr_line' id='line_1_89' title="bbox 2584 2991 4549 3075; baseline 0 -17"><span class='ocrx_word' id='word_1_644' title='bbox 2584 2992 2701 3059; x_wconf 91' lang='lat' dir='ltr'>sed</span> <span class='ocrx_word' id='word_1_645' title='bbox 2744 3012 2974 3057; x_wconf 90' lang='lat' dir='ltr'>eorum</span> <span class='ocrx_word' id='word_1_646' title='bbox 3015 2991 3406 3075; x_wconf 88' lang='lat' dir='ltr'>quibusdam</span> <span class='ocrx_word' id='word_1_647' title='bbox 3446 2991 3659 3056; x_wconf 89' lang='lat' dir='ltr'>multo</span> <span class='ocrx_word' id='word_1_648' title='bbox 3703 2998 3806 3057; x_wconf 89' lang='lat' dir='ltr'>est</span> <span class='ocrx_word' id='word_1_649' title='bbox 3848 2991 4151 3057; x_wconf 88' lang='lat' dir='ltr'>deterior.</span> <span class='ocrx_word' id='word_1_650' title='bbox 4170 2992 4227 3073; x_wconf 85' lang='lat'>⁵)</span> <span class='ocrx_word' id='word_1_651' title='bbox 4295 2991 4549 3058; x_wconf 88' lang='lat' dir='ltr'>Admo-</span> 
     </span>
     <span class='ocr_line' id='line_1_90' title="bbox 2583 3075 4545 3161; baseline 0.001 -18"><span class='ocrx_word' id='word_1_652' title='bbox 2583 3080 2765 3144; x_wconf 90' lang='lat' dir='ltr'>nitus</span> <span class='ocrx_word' id='word_1_653' title='bbox 2808 3078 3025 3143; x_wconf 79' lang='lat' dir='ltr'>fuerat</span> <span class='ocrx_word' id='word_1_654' title='bbox 3070 3100 3110 3143; x_wconf 89' lang='lat' dir='ltr'>a</span> <span class='ocrx_word' id='word_1_655' title='bbox 3151 3078 3479 3161; x_wconf 87' lang='lat' dir='ltr'>Prospero</span> <span class='ocrx_word' id='word_1_656' title='bbox 3513 3075 3962 3161; x_wconf 60' lang='lat' dir='ltr'>Augustinus,</span> <span class='ocrx_word' id='word_1_657' title='bbox 4000 3098 4144 3143; x_wconf 87' lang='lat' dir='ltr'>esse</span> <span class='ocrx_word' id='word_1_658' title='bbox 4186 3078 4545 3145; x_wconf 87' lang='lat' dir='ltr'>nonnullos</span> 
     </span>
     <span class='ocr_line' id='line_1_91' title="bbox 2583 3162 4547 3246; baseline 0.002 -17"><span class='ocrx_word' id='word_1_659' title='bbox 2583 3166 2654 3229; x_wconf 93' lang='lat' dir='ltr'>in</span> <span class='ocrx_word' id='word_1_660' title='bbox 2700 3163 2951 3243; x_wconf 78' lang='lat' dir='ltr'>Gallia,</span> <span class='ocrx_word' id='word_1_661' title='bbox 3007 3164 3122 3245; x_wconf 91' lang='lat' dir='ltr'>qui</span> <span class='ocrx_word' id='word_1_662' title='bbox 3172 3163 3256 3227; x_wconf 90' lang='lat' dir='ltr'>ab</span> <span class='ocrx_word' id='word_1_663' title='bbox 3310 3183 3387 3230; x_wconf 93' lang='lat' dir='ltr'>eo</span> <span class='ocrx_word' id='word_1_664' title='bbox 3443 3162 3941 3229; x_wconf 89' lang='lat' dir='ltr'>dissentiebant:</span> <span class='ocrx_word' id='word_1_665' title='bbox 4029 3162 4144 3246; x_wconf 90' lang='lat' dir='ltr'>qui</span> <span class='ocrx_word' id='word_1_666' title='bbox 4198 3171 4428 3230; x_wconf 88' lang='lat' dir='ltr'>tamen</span> <span class='ocrx_word' id='word_1_667' title='bbox 4469 3186 4547 3232; x_wconf 88' lang='lat' dir='ltr'>eo</span> 
     </span>
     <span class='ocr_line' id='line_1_92' title="bbox 2586 3248 4549 3333; baseline 0.002 -19"><span class='ocrx_word' id='word_1_668' title='bbox 2586 3271 2792 3332; x_wconf 89' lang='lat' dir='ltr'>usque</span> <span class='ocrx_word' id='word_1_669' title='bbox 2833 3255 3295 3332; x_wconf 85' lang='lat' dir='ltr'>pervenerant,</span> <span class='ocrx_word' id='word_1_670' title='bbox 3342 3249 3448 3316; x_wconf 89' lang='lat' dir='ltr'>vel</span> <span class='ocrx_word' id='word_1_671' title='bbox 3492 3249 3638 3333; x_wconf 90' lang='lat' dir='ltr'>ipso</span> <span class='ocrx_word' id='word_1_672' title='bbox 3681 3257 3869 3327; x_wconf 87' lang='lat' dir='ltr'>teste,</span> <span class='ocrx_word' id='word_1_673' title='bbox 3913 3256 3993 3314; x_wconf 85' lang='lat' dir='ltr'>ut</span> <span class='ocrx_word' id='word_1_674' title='bbox 4031 3248 4228 3332; x_wconf 86' lang='lat' dir='ltr'>primi</span> <span class='ocrx_word' id='word_1_675' title='bbox 4259 3249 4549 3318; x_wconf 88' lang='lat' dir='ltr'>hominis</span> 
     </span>
     <span class='ocr_line' id='line_1_93' title="bbox 2585 3334 4547 3419; baseline 0.001 -19"><span class='ocrx_word' id='word_1_676' title='bbox 2585 3345 2849 3418; x_wconf 87' lang='lat' dir='ltr'>peccato</span> <span class='ocrx_word' id='word_1_677' title='bbox 2883 3336 3238 3400; x_wconf 75' lang='lat' dir='ltr'>obnoxium</span> <span class='ocrx_word' id='word_1_678' title='bbox 3285 3336 3470 3401; x_wconf 87' lang='lat' dir='ltr'>nasci</span> <span class='ocrx_word' id='word_1_679' title='bbox 3506 3335 3874 3400; x_wconf 89' lang='lat' dir='ltr'>humanum</span> <span class='ocrx_word' id='word_1_680' title='bbox 3926 3356 4136 3419; x_wconf 87' lang='lat' dir='ltr'>genus</span> <span class='ocrx_word' id='word_1_681' title='bbox 4179 3334 4547 3414; x_wconf 80' lang='lat' dir='ltr'>crederent,</span> 
     </span>
     <span class='ocr_line' id='line_1_94' title="bbox 2586 3418 4545 3505; baseline 0 -20"><span class='ocrx_word' id='word_1_682' title='bbox 2586 3443 2708 3486; x_wconf 89' lang='lat' dir='ltr'>nec</span> <span class='ocrx_word' id='word_1_683' title='bbox 2762 3421 2923 3486; x_wconf 80' lang='lat' dir='ltr'>inde</span> <span class='ocrx_word' id='word_1_684' title='bbox 2958 3442 3389 3504; x_wconf 90' lang='lat' dir='ltr'>quemquam,</span> <span class='ocrx_word' id='word_1_685' title='bbox 3443 3420 3573 3505; x_wconf 72' lang='lat' dir='ltr'>nisi</span> <span class='ocrx_word' id='word_1_686' title='bbox 3617 3418 3869 3486; x_wconf 82' lang='lat' dir='ltr'>Christi</span> <span class='ocrx_word' id='word_1_687' title='bbox 3911 3421 4193 3499; x_wconf 90' lang='lat' dir='ltr'>iustitia,</span> <span class='ocrx_word' id='word_1_688' title='bbox 4248 3421 4545 3488; x_wconf 88' lang='lat' dir='ltr'>liberari:</span> 
     </span>
     <span class='ocr_line' id='line_1_95' title="bbox 2585 3505 4549 3590; baseline -0.001 -16"><span class='ocrx_word' id='word_1_689' title='bbox 2585 3509 3058 3574; x_wconf 82' lang='lat' dir='ltr'>confiterentur</span> <span class='ocrx_word' id='word_1_690' title='bbox 3098 3508 3300 3572; x_wconf 89' lang='lat' dir='ltr'>etiam</span> <span class='ocrx_word' id='word_1_691' title='bbox 3341 3506 3473 3572; x_wconf 92' lang='lat' dir='ltr'>Dei</span> <span class='ocrx_word' id='word_1_692' title='bbox 3510 3508 3741 3590; x_wconf 70' lang='lat' dir='ltr'>,grafia</span> <span class='ocrx_word' id='word_1_693' title='bbox 3781 3506 4155 3590; x_wconf 86' lang='lat' dir='ltr'>praeveniri</span> <span class='ocrx_word' id='word_1_694' title='bbox 4200 3505 4549 3573; x_wconf 89' lang='lat' dir='ltr'>hominum</span> 
     </span>
     <span class='ocr_line' id='line_1_96' title="bbox 2585 3591 4548 3673; baseline 0.001 -15"><span class='ocrx_word' id='word_1_695' title='bbox 2585 3594 2978 3672; x_wconf 86' lang='lat' dir='ltr'>voluntates,</span> <span class='ocrx_word' id='word_1_696' title='bbox 3024 3613 3148 3659; x_wconf 89' lang='lat' dir='ltr'>nec</span> <span class='ocrx_word' id='word_1_697' title='bbox 3196 3592 3280 3657; x_wconf 90' lang='lat' dir='ltr'>ad</span> <span class='ocrx_word' id='word_1_698' title='bbox 3323 3592 3536 3657; x_wconf 91' lang='lat' dir='ltr'>ullum</span> <span class='ocrx_word' id='word_1_699' title='bbox 3578 3612 3743 3673; x_wconf 90' lang='lat' dir='ltr'>opus</span> <span class='ocrx_word' id='word_1_700' title='bbox 3785 3593 4033 3658; x_wconf 89' lang='lat' dir='ltr'>bonum</span> <span class='ocrx_word' id='word_1_701' title='bbox 4076 3591 4183 3656; x_wconf 87' lang='lat' dir='ltr'>vel</span> <span class='ocrx_word' id='word_1_702' title='bbox 4225 3593 4548 3659; x_wconf 89' lang='lat' dir='ltr'>inchoan-</span> 
     </span>
     <span class='ocr_line' id='line_1_97' title="bbox 2586 3677 4542 3762; baseline 0.001 -18"><span class='ocrx_word' id='word_1_703' title='bbox 2586 3678 2745 3744; x_wconf 92' lang='lat' dir='ltr'>dum</span> <span class='ocrx_word' id='word_1_704' title='bbox 2814 3679 2922 3743; x_wconf 89' lang='lat' dir='ltr'>vel</span> <span class='ocrx_word' id='word_1_705' title='bbox 2990 3677 3464 3762; x_wconf 86' lang='lat' dir='ltr'>perficiendum</span> <span class='ocrx_word' id='word_1_706' title='bbox 3545 3677 3671 3742; x_wconf 89' lang='lat' dir='ltr'>sibi</span> <span class='ocrx_word' id='word_1_707' title='bbox 3752 3697 4150 3761; x_wconf 89' lang='lat' dir='ltr'>quemquam</span> <span class='ocrx_word' id='word_1_708' title='bbox 4218 3679 4542 3745; x_wconf 85' lang='lat' dir='ltr'>sufficere.</span> 
     </span>
    </p>
   </div>
   <div class='ocr_carea' id='block_1_19' title="bbox 2535 3761 4549 3847">
    <p class='ocr_par' dir='ltr' id='par_1_20' title="bbox 2535 3761 4549 3847">
     <span class='ocr_line' id='line_1_98' title="bbox 2535 3761 4549 3847; baseline 0 -17"><span class='ocrx_word' id='word_1_709' title='bbox 2535 3765 2545 3784; x_wconf 79' lang='grc'><em>“</em></span> <span class='ocrx_word' id='word_1_710' title='bbox 2585 3765 2766 3830; x_wconf 88' lang='lat' dir='ltr'>Dum</span> <span class='ocrx_word' id='word_1_711' title='bbox 2811 3763 3125 3830; x_wconf 86' lang='lat' dir='ltr'>adversus</span> <span class='ocrx_word' id='word_1_712' title='bbox 3169 3786 3279 3829; x_wconf 90' lang='lat' dir='ltr'>eos</span> <span class='ocrx_word' id='word_1_713' title='bbox 3314 3763 3648 3846; x_wconf 85' lang='lat' dir='ltr'>disputare</span> <span class='ocrx_word' id='word_1_714' title='bbox 3688 3763 3997 3843; x_wconf 87' lang='lat' dir='ltr'>instituit,</span> <span class='ocrx_word' id='word_1_715' title='bbox 4045 3761 4363 3829; x_wconf 88' lang='lat' dir='ltr'>discernit</span> <span class='ocrx_word' id='word_1_716' title='bbox 4401 3766 4549 3847; x_wconf 92' lang='lat' dir='ltr'>qui-</span> 
     </span>
    </p>
   </div>
   <div class='ocr_carea' id='block_1_20' title="bbox 2528 655 2542 5277">
    <p class='ocr_par' dir='ltr' id='par_1_21' title="bbox 2528 655 2542 5277">
     <span class='ocr_line' id='line_1_99' title="bbox 2528 655 2542 5277; baseline 0 0"><span class='ocrx_word' id='word_1_717' title='bbox 2528 655 2542 5277; x_wconf 95' lang='lat' dir='ltr'> </span> 
     </span>
    </p>
   </div>
   <div class='ocr_carea' id='block_1_21' title="bbox 2584 3849 4551 5048">
    <p class='ocr_par' dir='ltr' id='par_1_22' title="bbox 2584 3849 4551 5048">
     <span class='ocr_line' id='line_1_100' title="bbox 2586 3849 4547 3933; baseline 0.002 -20"><span class='ocrx_word' id='word_1_718' title='bbox 2586 3849 2736 3916; x_wconf 89' lang='lat' dir='ltr'>dem</span> <span class='ocrx_word' id='word_1_719' title='bbox 2780 3873 2821 3915; x_wconf 91' lang='lat' dir='ltr'>a</span> <span class='ocrx_word' id='word_1_720' title='bbox 2860 3850 3158 3933; x_wconf 78' lang='lat' dir='ltr'>PelagiO,</span> <span class='ocrx_word' id='word_1_721' title='bbox 3212 3849 3327 3915; x_wconf 90' lang='lat' dir='ltr'>sed</span> <span class='ocrx_word' id='word_1_722' title='bbox 3379 3849 3496 3927; x_wconf 88' lang='lat' dir='ltr'>illa</span> <span class='ocrx_word' id='word_1_723' title='bbox 3548 3859 3773 3914; x_wconf 89' lang='lat' dir='ltr'>tamen</span> <span class='ocrx_word' id='word_1_724' title='bbox 3828 3850 4234 3916; x_wconf 85' lang='lat' dir='ltr'>confessione</span> <span class='ocrx_word' id='word_1_725' title='bbox 4270 3850 4547 3916; x_wconf 83' lang='lat' dir='ltr'>minime</span> 
     </span>
     <span class='ocr_line' id='line_1_101' title="bbox 2585 3942 4547 4019; baseline -0.001 -17"><span class='ocrx_word' id='word_1_726' title='bbox 2585 3945 2932 4002; x_wconf 89' lang='lat' dir='ltr'>contentus</span> <span class='ocrx_word' id='word_1_727' title='bbox 2976 3944 3105 4001; x_wconf 88' lang='lat' dir='ltr'>est:</span> <span class='ocrx_word' id='word_1_728' title='bbox 3151 3958 3191 4000; x_wconf 90' lang='lat' dir='ltr'>a</span> <span class='ocrx_word' id='word_1_729' title='bbox 3233 3956 3363 4018; x_wconf 88' lang='lat' dir='ltr'>qua</span> <span class='ocrx_word' id='word_1_730' title='bbox 3384 3955 3739 4019; x_wconf 86' lang='lat' dir='ltr'>agnoscere</span> <span class='ocrx_word' id='word_1_731' title='bbox 3775 3942 4155 4018; x_wconf 91' lang='lat' dir='ltr'>promptum</span> <span class='ocrx_word' id='word_1_732' title='bbox 4180 3944 4302 4013; x_wconf 88' lang='lat' dir='ltr'>est,</span> <span class='ocrx_word' id='word_1_733' title='bbox 4348 3958 4547 4019; x_wconf 87' lang='lat' dir='ltr'>quam</span> 
     </span>
     <span class='ocr_line' id='line_1_102' title="bbox 2584 4020 4547 4105; baseline 0 -17"><span class='ocrx_word' id='word_1_734' title='bbox 2584 4021 2815 4105; x_wconf 90' lang='lat' dir='ltr'>procul</span> <span class='ocrx_word' id='word_1_735' title='bbox 2866 4022 3082 4086; x_wconf 86' lang='lat' dir='ltr'>adhuc</span> <span class='ocrx_word' id='word_1_736' title='bbox 3134 4022 3307 4087; x_wconf 89' lang='lat' dir='ltr'>absit</span> <span class='ocrx_word' id='word_1_737' title='bbox 3345 4021 3646 4105; x_wconf 87' lang='lat' dir='ltr'>Pighius.</span> <span class='ocrx_word' id='word_1_738' title='bbox 3733 4020 4146 4086; x_wconf 80' lang='lat' dir='ltr'>Fatebantur</span> <span class='ocrx_word' id='word_1_739' title='bbox 4199 4020 4301 4086; x_wconf 91' lang='lat' dir='ltr'>illi</span> <span class='ocrx_word' id='word_1_740' title='bbox 4354 4043 4547 4105; x_wconf 88' lang='lat' dir='ltr'>prae·</span> 
     </span>
     <span class='ocr_line' id='line_1_103' title="bbox 2586 4106 4546 4184; baseline 0 -11"><span class='ocrx_word' id='word_1_741' title='bbox 2586 4109 2801 4175; x_wconf 84' lang='lat' dir='ltr'>veniri</span> <span class='ocrx_word' id='word_1_742' title='bbox 2866 4130 2905 4172; x_wconf 90' lang='lat' dir='ltr'>a</span> <span class='ocrx_word' id='word_1_743' title='bbox 2959 4108 3104 4172; x_wconf 92' lang='lat' dir='ltr'>Deo</span> <span class='ocrx_word' id='word_1_744' title='bbox 3176 4107 3519 4171; x_wconf 90' lang='lat' dir='ltr'>hominum</span> <span class='ocrx_word' id='word_1_745' title='bbox 3581 4106 3993 4184; x_wconf 85' lang='lat' dir='ltr'>voluntates,</span> <span class='ocrx_word' id='word_1_746' title='bbox 4061 4127 4197 4171; x_wconf 91' lang='lat' dir='ltr'>non</span> <span class='ocrx_word' id='word_1_747' title='bbox 4267 4119 4546 4173; x_wconf 88' lang='lat' dir='ltr'>naturae</span> 
     </span>
     <span class='ocr_line' id='line_1_104' title="bbox 2587 4190 4547 4278; baseline -0.001 -19"><span class='ocrx_word' id='word_1_748' title='bbox 2587 4194 2760 4259; x_wconf 88' lang='lat' dir='ltr'>dono</span> <span class='ocrx_word' id='word_1_749' title='bbox 2806 4194 3068 4278; x_wconf 85' lang='lat' dir='ltr'>(fuisset</span> <span class='ocrx_word' id='word_1_750' title='bbox 3111 4193 3291 4257; x_wconf 90' lang='lat' dir='ltr'>enim</span> <span class='ocrx_word' id='word_1_751' title='bbox 3325 4193 3395 4257; x_wconf 88' lang='lat' dir='ltr'>id</span> <span class='ocrx_word' id='word_1_752' title='bbox 3439 4190 3842 4275; x_wconf 85' lang='lat' dir='ltr'>ridiculum),</span> <span class='ocrx_word' id='word_1_753' title='bbox 3887 4192 4003 4259; x_wconf 92' lang='lat' dir='ltr'>sed</span> <span class='ocrx_word' id='word_1_754' title='bbox 4046 4191 4373 4276; x_wconf 79' lang='lat' dir='ltr'>singulari</span> <span class='ocrx_word' id='word_1_755' title='bbox 4413 4194 4547 4276; x_wconf 87' lang='lat' dir='ltr'>spi-</span> 
     </span>
     <span class='ocr_line' id='line_1_105' title="bbox 2588 4276 4546 4362; baseline 0 -18"><span class='ocrx_word' id='word_1_756' title='bbox 2588 4281 2754 4345; x_wconf 84' lang='lat' dir='ltr'>ritus</span> <span class='ocrx_word' id='word_1_757' title='bbox 2799 4280 3011 4345; x_wconf 90' lang='lat' dir='ltr'>sancti</span> <span class='ocrx_word' id='word_1_758' title='bbox 3055 4280 3285 4362; x_wconf 88' lang='lat' dir='ltr'>gratia.</span> <span class='ocrx_word' id='word_1_759' title='bbox 3354 4276 3487 4345; x_wconf 88' lang='lat' dir='ltr'>Hic</span> <span class='ocrx_word' id='word_1_760' title='bbox 3531 4285 3771 4356; x_wconf 89' lang='lat' dir='ltr'>autem,</span> <span class='ocrx_word' id='word_1_761' title='bbox 3812 4279 4147 4345; x_wconf 90' lang='lat' dir='ltr'>neminem</span> <span class='ocrx_word' id='word_1_762' title='bbox 4170 4278 4305 4344; x_wconf 89' lang='lat' dir='ltr'>Dei</span> <span class='ocrx_word' id='word_1_763' title='bbox 4346 4279 4546 4345; x_wconf 86' lang='lat' dir='ltr'>mise-</span> 
     </span>
     <span class='ocr_line' id='line_1_106' title="bbox 2587 4363 4548 4448; baseline 0 -18"><span class='ocrx_word' id='word_1_764' title='bbox 2587 4365 2870 4432; x_wconf 85' lang='lat' dir='ltr'>ricordia</span> <span class='ocrx_word' id='word_1_765' title='bbox 2883 4364 3181 4430; x_wconf 88' lang='lat' dir='ltr'>adiuvari</span> <span class='ocrx_word' id='word_1_766' title='bbox 3195 4365 3450 4443; x_wconf 86' lang='lat' dir='ltr'>clamat,</span> <span class='ocrx_word' id='word_1_767' title='bbox 3477 4364 3589 4447; x_wconf 91' lang='lat' dir='ltr'>qui</span> <span class='ocrx_word' id='word_1_768' title='bbox 3611 4384 3765 4442; x_wconf 88' lang='lat' dir='ltr'>non,</span> <span class='ocrx_word' id='word_1_769' title='bbox 3784 4373 3852 4428; x_wconf 92' lang='lat' dir='ltr'>et</span> <span class='ocrx_word' id='word_1_770' title='bbox 3870 4363 4167 4442; x_wconf 84' lang='lat' dir='ltr'>volendo,</span> <span class='ocrx_word' id='word_1_771' title='bbox 4180 4372 4251 4428; x_wconf 88' lang='lat' dir='ltr'>et</span> <span class='ocrx_word' id='word_1_772' title='bbox 4272 4385 4548 4448; x_wconf 87' lang='lat' dir='ltr'>speran-</span> 
     </span>
     <span class='ocr_line' id='line_1_107' title="bbox 2589 4449 4551 4534; baseline -0.001 -18"><span class='ocrx_word' id='word_1_773' title='bbox 2589 4452 2690 4531; x_wconf 91' lang='lat' dir='ltr'>do,</span> <span class='ocrx_word' id='word_1_774' title='bbox 2720 4458 2787 4516; x_wconf 90' lang='lat' dir='ltr'>et</span> <span class='ocrx_word' id='word_1_775' title='bbox 2809 4450 3093 4534; x_wconf 88' lang='lat' dir='ltr'>petendo</span> <span class='ocrx_word' id='word_1_776' title='bbox 3117 4461 3270 4516; x_wconf 88' lang='lat' dir='ltr'>ante</span> <span class='ocrx_word' id='word_1_777' title='bbox 3296 4471 3366 4515; x_wconf 89' lang='lat' dir='ltr'>se</span> <span class='ocrx_word' id='word_1_778' title='bbox 3389 4451 3896 4533; x_wconf 86' lang='lat' dir='ltr'>praeparaverit.</span> <span class='ocrx_word' id='word_1_779' title='bbox 3928 4449 4062 4516; x_wconf 91' lang='lat' dir='ltr'>Ubi</span> <span class='ocrx_word' id='word_1_780' title='bbox 4081 4471 4262 4516; x_wconf 87' lang='lat' dir='ltr'>nunc</span> <span class='ocrx_word' id='word_1_781' title='bbox 4285 4458 4551 4515; x_wconf 89' lang='lat' dir='ltr'>tantum</span> 
     </span>
     <span class='ocr_line' id='line_1_108' title="bbox 2585 4534 4549 4620; baseline -0.001 -19"><span class='ocrx_word' id='word_1_782' title='bbox 2585 4537 2750 4602; x_wconf 75' lang='lat' dir='ltr'>illud</span> <span class='ocrx_word' id='word_1_783' title='bbox 2795 4538 2969 4601; x_wconf 91' lang='lat' dir='ltr'>inter</span> <span class='ocrx_word' id='word_1_784' title='bbox 3021 4557 3171 4601; x_wconf 92' lang='lat' dir='ltr'>eum</span> <span class='ocrx_word' id='word_1_785' title='bbox 3227 4546 3296 4601; x_wconf 89' lang='lat' dir='ltr'>et</span> <span class='ocrx_word' id='word_1_786' title='bbox 3336 4536 3730 4620; x_wconf 88' lang='lat' dir='ltr'>Pelagianos</span> <span class='ocrx_word' id='word_1_787' title='bbox 3787 4534 4162 4614; x_wconf 76' lang='lat' dir='ltr'>dissidium,</span> <span class='ocrx_word' id='word_1_788' title='bbox 4224 4557 4354 4618; x_wconf 92' lang='lat' dir='ltr'>quo</span> <span class='ocrx_word' id='word_1_789' title='bbox 4404 4534 4549 4620; x_wconf 88' lang='lat' dir='ltr'>glo·</span> 
     </span>
     <span class='ocr_line' id='line_1_109' title="bbox 2588 4619 4549 4706; baseline -0.001 -18"><span class='ocrx_word' id='word_1_790' title='bbox 2588 4622 2843 4688; x_wconf 88' lang='lat' dir='ltr'>riatur?</span> <span class='ocrx_word' id='word_1_791' title='bbox 2933 4621 3069 4689; x_wconf 80' lang='lat' dir='ltr'>Sed</span> <span class='ocrx_word' id='word_1_792' title='bbox 3104 4623 3174 4687; x_wconf 90' lang='lat' dir='ltr'>in</span> <span class='ocrx_word' id='word_1_793' title='bbox 3221 4644 3296 4687; x_wconf 92' lang='lat' dir='ltr'>eo</span> <span class='ocrx_word' id='word_1_794' title='bbox 3340 4622 3592 4687; x_wconf 89' lang='lat' dir='ltr'>resistit</span> <span class='ocrx_word' id='word_1_795' title='bbox 3633 4620 3926 4706; x_wconf 87' lang='lat' dir='ltr'>Pelagio,</span> <span class='ocrx_word' id='word_1_796' title='bbox 3971 4619 4144 4704; x_wconf 91' lang='lat' dir='ltr'>quod</span> <span class='ocrx_word' id='word_1_797' title='bbox 4184 4621 4411 4688; x_wconf 90' lang='lat' dir='ltr'>Deum</span> <span class='ocrx_word' id='word_1_798' title='bbox 4449 4621 4549 4687; x_wconf 81' lang='lat' dir='ltr'>fa-</span> 
     </span>
     <span class='ocr_line' id='line_1_110' title="bbox 2589 4706 4550 4792; baseline -0.001 -18"><span class='ocrx_word' id='word_1_799' title='bbox 2589 4711 2719 4774; x_wconf 88' lang='lat' dir='ltr'>ciat</span> <span class='ocrx_word' id='word_1_800' title='bbox 2758 4709 3011 4775; x_wconf 90' lang='lat' dir='ltr'>homini</span> <span class='ocrx_word' id='word_1_801' title='bbox 3040 4706 3418 4775; x_wconf 90' lang='lat' dir='ltr'>debitorem.</span> <span class='ocrx_word' id='word_1_802' title='bbox 3479 4706 3616 4774; x_wconf 82' lang='lat' dir='ltr'>Sed</span> <span class='ocrx_word' id='word_1_803' title='bbox 3659 4728 3787 4790; x_wconf 91' lang='lat' dir='ltr'>quo</span> <span class='ocrx_word' id='word_1_804' title='bbox 3830 4706 4263 4792; x_wconf 81' lang='lat' dir='ltr'>argumento?</span> <span class='ocrx_word' id='word_1_805' title='bbox 4320 4707 4550 4772; x_wconf 81' lang='lat' dir='ltr'>Etiam</span> 
     </span>
     <span class='ocr_line' id='line_1_111' title="bbox 2589 4791 4551 4886; baseline -0.002 -25"><span class='ocrx_word' id='word_1_806' title='bbox 2589 4797 2645 4861; x_wconf 92' lang='lat' dir='ltr'>si</span> <span class='ocrx_word' id='word_1_807' title='bbox 2703 4794 2949 4861; x_wconf 89' lang='lat' dir='ltr'>nullius</span> <span class='ocrx_word' id='word_1_808' title='bbox 2962 4846 2979 4874; x_wconf 85' lang='lat'><em>‚</em></span> <span class='ocrx_word' id='word_1_809' title='bbox 3048 4795 3265 4878; x_wconf 87' lang='lat' dir='ltr'>inquit</span> <span class='ocrx_word' id='word_1_810' title='bbox 3281 4845 3295 4872; x_wconf 93' lang='lat'>,</span> <span class='ocrx_word' id='word_1_811' title='bbox 3365 4794 3594 4876; x_wconf 89' lang='lat' dir='ltr'>culpae</span> <span class='ocrx_word' id='word_1_812' title='bbox 3647 4806 3802 4859; x_wconf 87' lang='lat' dir='ltr'>reus</span> <span class='ocrx_word' id='word_1_813' title='bbox 3866 4794 4064 4858; x_wconf 91' lang='lat' dir='ltr'>homo</span> <span class='ocrx_word' id='word_1_814' title='bbox 4122 4792 4321 4872; x_wconf 82' lang='lat' dir='ltr'>foret,</span> <span class='ocrx_word' id='word_1_815' title='bbox 4389 4791 4551 4886; x_wconf 69' lang='lat' dir='ltr'>quid</span> 
     </span>
     <span class='ocr_line' id='line_1_112' title="bbox 2591 4879 4549 4961; baseline -0.002 -14"><span class='ocrx_word' id='word_1_816' title='bbox 2591 4892 2816 4947; x_wconf 92' lang='lat' dir='ltr'>tamen</span> <span class='ocrx_word' id='word_1_817' title='bbox 2875 4882 3173 4958; x_wconf 74' lang='lat' dir='ltr'>conferre</span> <span class='ocrx_word' id='word_1_818' title='bbox 3242 4888 3357 4948; x_wconf 86' lang='lat' dir='ltr'>aut</span> <span class='ocrx_word' id='word_1_819' title='bbox 3421 4879 3734 4945; x_wconf 83' lang='lat' dir='ltr'>exhibere</span> <span class='ocrx_word' id='word_1_820' title='bbox 3786 4880 3933 4945; x_wconf 91' lang='lat' dir='ltr'>Deo</span> <span class='ocrx_word' id='word_1_821' title='bbox 3999 4885 4244 4961; x_wconf 87' lang='lat' dir='ltr'>potest,</span> <span class='ocrx_word' id='word_1_822' title='bbox 4314 4898 4549 4944; x_wconf 84' lang='lat' dir='ltr'>servus</span> 
     </span>
     <span class='ocr_line' id='line_1_113' title="bbox 2590 4961 4548 5048; baseline -0.001 -17"><span class='ocrx_word' id='word_1_823' title='bbox 2590 4966 2911 5045; x_wconf 91' lang='lat' dir='ltr'>Domino,</span> <span class='ocrx_word' id='word_1_824' title='bbox 2967 4975 3270 5033; x_wconf 88' lang='lat' dir='ltr'>creatura</span> <span class='ocrx_word' id='word_1_825' title='bbox 3321 4966 3625 5044; x_wconf 88' lang='lat' dir='ltr'>creatori,</span> <span class='ocrx_word' id='word_1_826' title='bbox 3683 4985 3814 5048; x_wconf 91' lang='lat' dir='ltr'>quo</span> <span class='ocrx_word' id='word_1_827' title='bbox 3856 4964 4047 5030; x_wconf 91' lang='lat' dir='ltr'>illum</span> <span class='ocrx_word' id='word_1_828' title='bbox 4088 4961 4217 5030; x_wconf 90' lang='lat' dir='ltr'>sibi</span> <span class='ocrx_word' id='word_1_829' title='bbox 4260 4962 4548 5030; x_wconf 80' lang='lat' dir='ltr'>adstrin-</span> 
     </span>
    </p>
   </div>
   <div class='ocr_carea' id='block_1_22' title="bbox 2594 5110 3001 5117">
    <p class='ocr_par' dir='ltr' id='par_1_23' title="bbox 2594 5110 3001 5117">
     <span class='ocr_line' id='line_1_114' title="bbox 2594 5110 3001 5117; baseline 0 875"><span class='ocrx_word' id='word_1_830' title='bbox 2594 5110 3001 5117; x_wconf 95' lang='lat' dir='ltr'> </span> 
     </span>
    </p>
   </div>
   <div class='ocr_carea' id='block_1_23' title="bbox 2731 5133 4000 5308">
    <p class='ocr_par' dir='ltr' id='par_1_24' title="bbox 2731 5133 4000 5308">
     <span class='ocr_line' id='line_1_115' title="bbox 2731 5133 4000 5308; baseline -0.001 -83"><span class='ocrx_word' id='word_1_831' title='bbox 2731 5133 2790 5236; x_wconf 68' lang='lat' dir='ltr'>l)</span> <span class='ocrx_word' id='word_1_832' title='bbox 2829 5174 2971 5295; x_wconf 43' lang='grc' dir='ltr'><strong>011ῗο</strong></span> <span class='ocrx_word' id='word_1_833' title='bbox 2994 5171 3067 5294; x_wconf 41' lang='grc'><strong>35..</strong></span> <span class='ocrx_word' id='word_1_834' title='bbox 3112 5257 3150 5308; x_wconf 76' lang='lat' dir='ltr'>p</span> <span class='ocrx_word' id='word_1_835' title='bbox 3186 5170 3247 5234; x_wconf 83' lang='lat'>2)</span> <span class='ocrx_word' id='word_1_836' title='bbox 3285 5172 3417 5240; x_wconf 85' lang='lat' dir='ltr'>Oap.</span> <span class='ocrx_word' id='word_1_837' title='bbox 3454 5169 3504 5223; x_wconf 82' lang='lat'>7.</span> <span class='ocrx_word' id='word_1_838' title='bbox 3651 5169 3714 5236; x_wconf 82' lang='lat'>3)</span> <span class='ocrx_word' id='word_1_839' title='bbox 3749 5170 3880 5238; x_wconf 85' lang='lat' dir='ltr'>Cap.</span> <span class='ocrx_word' id='word_1_840' title='bbox 3916 5168 4000 5224; x_wconf 78' lang='lat'>12.</span> 
     </span>
    </p>
   </div>
   <div class='ocr_carea' id='block_1_24' title="bbox 2617 5168 4546 5307">
    <p class='ocr_par' dir='ltr' id='par_1_25' title="bbox 2617 5168 4546 5307">
     <span class='ocr_line' id='line_1_116' title="bbox 4186 5168 4546 5239; baseline 0.008 -17"><span class='ocrx_word' id='word_1_841' title='bbox 4186 5169 4251 5232; x_wconf 78' lang='lat'>4)</span> <span class='ocrx_word' id='word_1_842' title='bbox 4282 5169 4421 5239; x_wconf 76' lang='lat' dir='ltr'>Cap.</span> <span class='ocrx_word' id='word_1_843' title='bbox 4463 5168 4546 5225; x_wconf 73' lang='lat'>22.</span> 
     </span>
     <span class='ocr_line' id='line_1_117' title="bbox 2617 5236 4230 5307; baseline -0.002 -9"><span class='ocrx_word' id='word_1_844' title='bbox 2617 5293 2624 5298; x_wconf 87' lang='lat'>.</span> <span class='ocrx_word' id='word_1_845' title='bbox 2731 5239 2792 5306; x_wconf 79' lang='lat'>5)</span> <span class='ocrx_word' id='word_1_846' title='bbox 2851 5240 2918 5294; x_wconf 85' lang='lat' dir='ltr'>Li</span> <span class='ocrx_word' id='word_1_847' title='bbox 3152 5240 3609 5296; x_wconf 84' lang='lat' dir='ltr'>raedestinaticne</span> <span class='ocrx_word' id='word_1_848' title='bbox 3665 5247 3973 5294; x_wconf 85' lang='lat' dir='ltr'>sanctorum</span> <span class='ocrx_word' id='word_1_849' title='bbox 4011 5237 4139 5307; x_wconf 83' lang='lat' dir='ltr'>Gap.</span> <span class='ocrx_word' id='word_1_850' title='bbox 4178 5236 4230 5294; x_wconf 74' lang='lat'>1.</span> 
     </span>
    </p>
   </div>
   <div class='ocr_carea' id='block_1_25' title="bbox 4944 3951 4959 5885">
    <p class='ocr_par' dir='ltr' id='par_1_26' title="bbox 4944 3951 4959 5885">
     <span class='ocr_line' id='line_1_118' title="bbox 4944 3951 4959 5885; baseline 0 0"><span class='ocrx_word' id='word_1_851' title='bbox 4944 3951 4959 5885; x_wconf 95' lang='lat' dir='ltr'> </span> 
     </span>
    </p>
   </div>
  </div>
 </body>
</html>
