4967 5992
1777 1033 2112 1131 IOAN
2117 1033 2207 1129 N
2207 1033 2365 1135 ES
2419 1036 3088 1137 CALVINUS

1373 1191 1954 1261 cLAmssmo
1998 1192 2235 1261 vmo
2279 1195 2739 1264 PHILIPPO
2784 1196 3494 1266 Mnnfflomflom.

717 1384 866 1448 Etsi
911 1402 1034 1450 nec
1078 1381 1413 1467 singulare
1469 1382 1634 1448 illud
1675 1382 1903 1448 iudicii
1958 1383 2057 1448 tui
2102 1404 2413 1464 acumen,
2484 1385 2660 1469 quod
2702 1386 2848 1452 iure
2903 1386 3237 1453 mirantur
3284 1409 3533 1468 omnes,
3578 1389 3813 1474 ignoro
3828 1441 3844 1468 ,
3908 1397 3977 1456 et
4033 1390 4174 1456 eius
4215 1409 4454 1456 censu-

408 1517 554 1562 ram
569 1547 587 1576 ,
647 1495 844 1561 sicuti
886 1516 1012 1579 par
1055 1501 1186 1576 est,
1243 1514 1578 1561 revereor:
1640 1493 1940 1560 libellum
1985 1501 2210 1560 tamen
2252 1495 2432 1562 hunc
2473 1497 2531 1563 si
2585 1497 2901 1580 privatim
2946 1498 3069 1563 tibi
3124 1498 3479 1583 legendum
3534 1501 3899 1581 mitterem,
3954 1502 4162 1568 fretus
4207 1500 4452 1567 amoris

408 1629 567 1693 erga
608 1614 674 1673 te
717 1607 850 1672 mei
893 1606 1042 1687 fide,
1088 1628 1222 1673 non
1266 1605 1463 1691 longa
1505 1605 1927 1671 excusatione
1970 1611 2209 1673 uterer.
2285 1608 2483 1676 Nunc
2525 1617 2751 1676 autem
2794 1611 2949 1695 quia
2990 1609 3253 1694 publice
3296 1611 3656 1678 inscribere
3695 1610 3815 1680 tibi
3858 1632 4060 1679 ausus
4104 1633 4271 1691 sum,
4315 1632 4455 1678 non

408 1718 748 1786 defuturos
793 1720 925 1786 scio
941 1770 960 1800 ,
1019 1720 1130 1803 qui
1190 1718 1581 1784 temeritatis
1624 1718 1697 1782 in
1741 1739 1817 1783 eo
1860 1739 1968 1784 me
2012 1726 2342 1786 accusent.
2430 1721 2686 1787 Eorum
2729 1722 2938 1807 igitur
2981 1743 3183 1789 causa
3226 1723 3400 1808 quod
3440 1743 3707 1791 necesse
3751 1707 3926 1806 apud
3970 1732 4037 1788 te
4079 1744 4216 1788 non
4257 1729 4453 1804 esset,

405 1832 583 1898 unde
638 1832 810 1898 hanc
865 1830 1175 1898 fiduciam
1245 1830 1534 1913 ceperim
1547 1880 1565 1908 ,
1620 1829 1914 1895 breviter
1972 1851 2315 1914 exponam.
2408 1832 2765 1917 Principio,
2826 1855 2981 1899 eum
3037 1833 3160 1900 tibi
3202 1834 3452 1901 librum
3506 1836 3739 1914 offer0,
3799 1855 3996 1919 quem
4052 1832 4296 1917 duplici
4333 1855 4455 1900 no-

401 1944 586 2010 mine
627 1943 748 2009 tibi
784 1950 1050 2028 gratum
1088 1934 1228 2008 fore
1270 1947 1447 2008 certo
1493 1942 1679 2006 novi:
1736 1949 1880 2007 tum
1924 1942 2101 2026 quod
2155 1963 2264 2008 me
2309 1964 2494 2009 amas
2559 1953 2857 2011 autorem
2878 1996 2895 2024 ,
2953 1953 3099 2012 tum
3149 1946 3324 2029 quod
3379 1947 3530 2029 piae
3576 1966 3904 2030 sanaeque
3954 1945 4287 2012 doctrinae
4335 1944 4450 2012 de-

401 2058 766 2123 fensionem
810 2056 1126 2122 continet:
1175 2053 1360 2119 cuius
1404 2060 1479 2119 tu
1524 2074 1659 2118 non
1701 2053 1894 2120 modo
1939 2053 2458 2122 studiosissimus
2503 2077 2574 2122 es
2618 2057 2859 2138 cultor,
2905 2057 3022 2124 sed
3067 2058 3349 2123 eximius
3392 2058 3920 2141 fortissimusque
3964 2057 4228 2123 vindex.
4318 2059 4453 2124 Ac-

402 2168 580 2234 cedit
636 2177 704 2234 et
759 2168 956 2232 tertia
1014 2164 1490 2232 commendatio
1505 2216 1523 2245 ,
1584 2185 1789 2249 eaque
1841 2187 1978 2232 non
2019 2167 2353 2251 vulgaris,
2400 2166 2575 2251 quod
2620 2168 2905 2253 simplex
2947 2189 3023 2236 ac
3070 2170 3403 2235 sincerum
3449 2175 3579 2249 est,
3636 2189 3764 2252 quo
3809 2177 3989 2248 utor,
4049 2167 4450 2236 defensionis

399 2303 629 2367 genus.
719 2278 1067 2361 Quantum
1111 2279 1290 2344 enim
1334 2299 1374 2344 a
1417 2277 1703 2344 versutis
1747 2277 2160 2362 obliquisque
2202 2279 2275 2344 in
2319 2278 2714 2363 disputando
2760 2280 3010 2347 artibus
3025 2331 3042 2361 ,
3089 2302 3256 2365 quae
3301 2281 3498 2349 claris
3542 2281 3784 2363 alioqui
3829 2281 4202 2364 apertisque
4247 2279 4448 2346 rebus

397 2394 708 2461 tenebras
750 2392 1098 2470 obducant,
1146 2391 1228 2456 ab
1275 2387 1457 2456 omni
1500 2388 1782 2474 denique
1815 2390 1965 2456 fuco
2010 2396 2079 2456 et
2125 2390 2482 2474 sophistica
2526 2391 2866 2459 abhorres:
2912 2398 3173 2457 tantum
3209 2390 3328 2458 tibi
3372 2392 3585 2476 placet
3619 2389 3801 2457 nuda
3835 2391 4251 2475 ingenuaque
4285 2412 4437 2475 per-

399 2506 736 2589 spiouitas,
781 2525 949 2588 quae
991 2523 1154 2582 rem,
1201 2503 1343 2568 sine
1385 2500 1544 2566 ullis
1587 2500 1973 2581 involucris,
2020 2509 2176 2568 ante
2219 2502 2440 2569 oculos
2483 2509 2736 2569 statuat
2781 2509 2976 2588 atque
3020 2510 3327 2588 exponat.
3394 2504 3617 2587 Atque
3661 2503 3827 2570 haec
3865 2510 3986 2569 tua
4027 2503 4265 2584 virtus,
4313 2503 4442 2570 sic-

399 2623 479 2684 ut
504 2625 602 2683 est
624 2616 758 2681 rari
790 2614 1092 2697 exempli,
1137 2614 1232 2678 ita
1255 2634 1569 2698 magnam
1604 2633 1800 2696 saepe
1843 2614 2012 2679 mihi
2057 2614 2561 2681 admirationem
2588 2615 2827 2695 movit,
2864 2614 3038 2700 quod
3071 2636 3275 2699 quum
3309 2614 3680 2683 incredibili
3714 2614 4118 2700 perspicacia
4140 2613 4441 2693 excellas,

397 2728 817 2812 simplicitate
860 2733 1084 2793 tamen
1125 2724 1294 2790 nihil
1337 2725 1582 2792 habeas
1622 2725 1975 2809 antiquius.
2047 2725 2317 2792 Valebit
2357 2726 2566 2810 igitur
2606 2748 2742 2793 non
2786 2748 3023 2811 parum
3067 2734 3138 2792 et
3177 2726 3340 2794 haec
3384 2748 3601 2806 causa,
3639 2729 3794 2806 scic,
3839 2726 3923 2792 ad
3967 2725 4444 2792 conciliandam

401 2841 622 2908 libello
661 2841 961 2925 gratiam.
1051 2839 1411 2904 Praeterea
1452 2837 1746 2918 memini,
1788 2838 1912 2903 has
1956 2846 2023 2902 te
2067 2837 2418 2921 aliquando
2457 2839 2626 2906 mihi
2669 2838 3019 2907 mandasse
3063 2845 3319 2923 partes,
3375 2847 3451 2905 ut
3490 2840 3545 2906 si
3592 2860 3713 2905 nos
3757 2838 4083 2906 lacessere
4136 2845 4443 2923 pergeret

398 2951 700 3038 Pighius,
745 2951 831 3018 ad
872 2948 1360 3034 reprimendam
1406 2949 1549 3016 eius
1591 2951 1996 3032 proterviam
2037 2949 2286 3033 aliquid
2330 2951 2829 3018 conscriberem.
2921 2949 3117 3032 Quod
3162 2959 3388 3018 tamen
3432 2959 3510 3016 ut
3550 2951 3767 3017 facere
3808 2972 3986 3017 nunc
4031 2950 4299 3016 demum
4340 2950 4442 3014 in-

399 3066 705 3149 ciperem,
749 3084 883 3129 non
922 3061 1116 3127 modo
1160 3067 1278 3126 tua
1322 3061 1671 3127 autoritate
1716 3060 2057 3141 adductus,
2104 3060 2221 3127 sed
2265 3063 2408 3128 eius
2452 3084 2707 3147 quoque
2749 3062 3169 3146 improbitate
3213 3062 3590 3146 compulsus
3632 3063 3743 3128 fui.
3834 3061 4062 3129 Libris
4105 3062 4285 3128 enim
4328 3060 4442 3129 de·

400 3198 542 3244 cem
585 3176 668 3242 de
721 3174 928 3241 libero
987 3174 1255 3241 arbitrio
1303 3181 1369 3237 et
1422 3172 2022 3256 praedestinatione
2066 3194 2280 3257 nuper
2338 3173 2533 3239 editis
2548 3225 2565 3255 ,
2626 3174 2942 3259 quidquid
2986 3174 3069 3240 de
3111 3174 3218 3241 his
3261 3175 3462 3241 rebus
3517 3174 3965 3257 prodideram,
4022 3194 4155 3240 non
4199 3173 4440 3241 iudicio

400 3295 516 3355 aut
562 3286 853 3368 delectu,
910 3284 1026 3352 sed
1067 3306 1255 3351 mera
1295 3284 1639 3368 pugnandi
1680 3283 1989 3364 libidine,
2043 3284 2521 3352 confutandum
2565 3286 2885 3369 suscepit:
2944 3285 3059 3352 ubi
3102 3285 3264 3352 adeo
3305 3285 3696 3365 insolenter,
3752 3293 4021 3369 tamque
4066 3285 4299 3351 effreni
4342 3286 4441 3350 fe-

399 3402 609 3482 rocia,
654 3399 973 3466 adversus
1015 3417 1251 3481 puram
1302 3416 1500 3479 quam
1545 3403 1811 3461 tuemur
1852 3398 2118 3480 pietatis
2162 3397 2529 3463 doctrinam
2573 3419 2667 3496 sex
2688 3396 2909 3476 iactat,
2956 3406 3033 3462 ut
3075 3418 3419 3464 occurrere
3465 3397 3685 3481 aliquo
3728 3396 3920 3462 modo
3962 3402 4187 3461 tantae
4228 3394 4443 3461 homi-

397 3513 508 3578 nis
553 3511 960 3596 petulantiae
1013 3509 1142 3576 nisi
1185 3497 1450 3575 silentio
1503 3508 1784 3592 prodere
1823 3509 2063 3576 vellem
2108 3507 2360 3575 Christi
2405 3509 2716 3593 gloriam,
2771 3529 3038 3575 necesse
3082 3509 3445 3574 habuerim.
3535 3508 3931 3574 Postulabat
3975 3515 4197 3574 autem
4239 3506 4439 3574 huius

397 3624 773 3709 argumenti
829 3622 1131 3688 tractatio
1185 3620 1338 3705 plus
1391 3620 1728 3705 aliquanto
1784 3628 1853 3686 et
1904 3620 2022 3686 otii
2090 3629 2158 3687 et
2209 3622 2539 3704 temporis.
2634 3620 2771 3687 Sed
2829 3621 2982 3704 quia
3025 3618 3331 3686 videbam
3386 3618 3455 3684 id
3509 3625 3775 3703 captare
3820 3618 4302 3697 adversarium,
4360 3625 4439 3684 ut

393 3736 458 3801 si
503 3734 748 3801 diutius
792 3733 1128 3800 differrem
1143 3784 1159 3812 ‚
1214 3733 1340 3800 hac
1379 3753 1530 3800 mea
1571 3752 1760 3798 mora
1804 3731 1890 3798 ad
1932 3731 2343 3817 occupandos
2386 3732 2805 3815 praeiudicio.
2829 3731 3114 3817 quodam
3157 3732 3502 3798 hominum
3549 3733 3803 3796 animos
3847 3731 4248 3811 abuteretur,
4294 3750 4435 3795 ma-

395 3847 496 3913 lui
539 3845 790 3930 aliquid
834 3848 962 3914 cito
1008 3844 1199 3926 dare,
1256 3844 1369 3911 vel
1413 3844 1635 3910 minus
1678 3844 2119 3925 elaboratum,
2167 3857 2365 3928 quam
2412 3843 2689 3911 tacendo
2731 3844 2889 3927 pati,
2936 3853 3039 3924 ut,
3099 3864 3251 3910 cum
3295 3845 3503 3911 bonae
3549 3862 3782 3910 causae
3828 3841 4168 3926 dispendio
4183 3894 4200 3922 ,
4246 3842 4436 3908 inani

393 3958 718 4025 eiusmodi
758 3958 1078 4025 iactantia
1117 3957 1464 4023 frueretur.
1528 3955 1925 4041 Quanquam
1970 3957 2064 4022 sio
2108 3955 2279 4021 mihi
2315 3955 2668 4022 festinasse
2711 3955 2958 4036 videor,
3005 3963 3082 4021 ut
3121 3956 3398 4022 minime
3442 3967 3668 4021 tamen
3709 3953 4286 4039 praecipitaverim
4330 3954 4433 4019 ni-

381 4071 530 4136 mia
566 4071 918 4137 celeritate.
1011 4069 1204 4152 Quod
1248 4070 1427 4138 enim
1469 4069 1896 4153 praecipuum
1940 4077 2099 4148 erat,
2147 4076 2625 4152 consequutum
2665 4090 2771 4135 me
2798 4069 2848 4152 ¹)
2887 4089 3134 4153 magna
3179 4088 3264 4133 ex
3306 4075 3514 4151 parte,
3563 4088 3772 4151 spero,
3816 4063 4163 4131 iudicabis:
4211 4072 4288 4130 ut
4332 4064 4431 4129 di-

380 4202 637 4262 oerem,
692 4189 1016 4267 quantum
1054 4181 1139 4248 ad
1201 4180 1615 4267 repellendas
1670 4180 2035 4248 adversarii
2078 4178 2442 4246 calumnias
2498 4182 2661 4247 satis
2703 4189 2893 4247 esset.
2983 4181 3077 4246 Et
3119 4188 3345 4246 tamen
3387 4180 3560 4247 hanc
3603 4177 4095 4245 excusationem
4138 4181 4432 4260 praeter-

377 4295 660 4360 mittere
702 4315 840 4361 non
882 4294 1200 4378 oportuit:
1257 4315 1456 4378 quam
1512 4294 1570 4358 si
1627 4298 1700 4358 tu
1757 4314 1879 4377 pro
1930 4292 2178 4377 insigni
2237 4298 2352 4358 tua
2406 4292 2822 4358 humanitate
2865 4294 3171 4377 recipies,
3232 4292 3414 4360 viam
3458 4291 3606 4357 aliis
3645 4288 4044 4354 monstrabis
4062 4339 4078 4368 ,
4135 4309 4219 4354 ne
4261 4287 4435 4353 mihi

380 4426 471 4471 se
509 4405 865 4490 iniquiores
909 4403 1297 4489 praebeant,
1358 4411 1474 4471 aut
1513 4404 1737 4470 minus
1780 4404 2118 4489 benignos.
2208 4403 2384 4469 Mihi
2428 4413 2605 4470 certe
2649 4404 2911 4489 saepius
2954 4405 3025 4469 in
3069 4413 3360 4471 mentem
3402 4404 3608 4481 venit,
3656 4402 3737 4467 de
3778 4401 4154 4467 conditione
4196 4407 4428 4466 nostra

379 4517 583 4601 queri
636 4516 813 4602 quod
849 4524 1039 4583 tanta
1092 4515 1507 4600 negotiorum
1523 4567 1540 4596 ,
1598 4536 1766 4598 quae
1823 4514 2103 4581 subinde
2146 4514 2337 4581 nobis
2393 4516 2819 4600 ingeruntur,
2877 4522 2943 4582 et
2985 4514 3409 4581 multitudine
3448 4513 3697 4591 obruti,
3756 4519 3822 4576 et
3878 4511 4268 4579 assiduitate
4309 4532 4425 4595 op·-

375 4629 624 4716 pressi,
670 4636 739 4696 et
779 4629 1105 4697 varietate
1147 4627 1464 4707 distracti,
1506 4625 1704 4710 idque
1748 4625 1926 4693 domi
1968 4627 2170 4693 simul
2210 4635 2277 4693 et
2317 4627 2494 4707 foris,
2541 4649 2676 4692 non
2719 4628 3048 4711 possimus
3094 4626 3178 4692 ad
3236 4647 3444 4691 unum
3490 4622 3737 4709 aliquid
3782 4624 4116 4709 agendum
4168 4624 4423 4690 animos

377 4739 934 4826 diligentiamque
987 4738 1329 4807 intendere
1342 4789 1360 4821 ,
1418 4738 1534 4806 sed
1576 4737 1708 4805 huc
1751 4738 1907 4805 inde
1949 4746 2266 4825 perpetuo
2309 4738 2632 4806 cursitare
2675 4758 3018 4825 cogamur:
3067 4738 3240 4805 sicut
3283 4738 3398 4822 qui
3436 4737 3638 4804 variis
3682 4744 3749 4802 et
3791 4737 4083 4821 operosis
4125 4735 4425 4804 ministe-

374 4851 515 4920 riis
567 4848 905 4931 destinati,
977 4850 1214 4937 quibus
1269 4850 1470 4918 simul
1526 4848 1845 4916 obeundis
1900 4871 2318 4935 nequaquam
2368 4851 2505 4916 sint
2557 4869 2776 4934 pares,
2847 4850 3007 4917 dum
3062 4849 3292 4916 eodem
3346 4857 3681 4915 momento
3735 4846 4027 4932 undique
4080 4853 4423 4933 urgentur,

372 4984 709 5052 quorsum
759 4983 831 5031 se
872 4969 1132 5032 vertere
1189 4961 1499 5044 debeant,
1554 4983 1716 5048 prae
1757 4961 2144 5030 lassitudine
2187 4962 2509 5028 nesciunt.
2595 4961 2866 5028 Interea
2921 4962 3290 5047 quicunque
3345 4982 3429 5028 ex
3484 4958 3783 5027 hostibus
3838 4982 3958 5026 nos
3999 4959 4273 5046 aggredi
4315 4960 4421 5026 in-

372 5073 702 5157 stituunt,
751 5076 833 5142 ab
877 5073 1024 5142 aliis
1065 5075 1370 5144 omnibus
1413 5076 1590 5145 curis
1633 5074 1832 5143 soluti
1875 5076 1951 5143 a'c
1993 5075 2189 5143 vacui
2230 5076 2302 5141 in
2346 5061 2503 5141 alta‘
2535 5093 2696 5157 pace
2710 5125 2728 5154 ,
2786 5072 3003 5159 quoad
3044 5073 3338 5153 libuerit,
3386 5073 3470 5140 ad
3513 5072 3977 5141 instruendum
4020 5071 4178 5139 belli
4221 5093 4427 5157 appa-

377 5224 516 5231 '—

711 5289 771 5357 1)
807 5307 910 5360 me,
947 5289 1095 5345 aem
1127 5291 1189 5345 in
1223 5291 1475 5347 omnebus
1507 5291 1629 5346 aaa.
1662 5295 1884 5362 praeter
1907 5290 2234 5360 principem·
3907 5370 4012 5425 15..
