4967 5992
255 4768 272 4779 ·
373 4734 602 4801 dinem
653 4732 1028 4801 evehuntur
1070 4733 1374 4817 apostoli,
1431 4754 1561 4819 qna
1601 4732 1858 4801 Christi
1948 4735 1961 4749 '

277 4876 298 4891 .
373 4822 719 4898 ob‘ruatur,
765 4819 874 4886 vel
916 4819 1156 4887 saltem
1199 4821 1478 4888 obscura
1519 4822 1652 4887 fiat.
1723 4819 1962 4893 ,Secun
2008 4826 2123 4886 uin
2167 4820 2339 4886 hano

385 348 510 411 461

327 560 336 573 ’
385 553 506 599 our
543 530 910 623 Dominus,
967 533 1232 600 fictitios
1286 552 1516 599 omnes
1560 528 1786 609 cultus*
1822 533 2252 625 prohibendo,
2272 552 2354 605 ao

388 618 762 693 damnando
778 620 962 698 ,1108
1002 619 1088 685 ad
1127 619 1344 689 solum
1386 618 1570 693 vocis
1615 639 1773 684 suae
1817 618 2202 702 obsequium
2244 640 2348 684 re-

385 712 591 773 vocet.
660 702 841 785 Quia
868 711 937 770 et
970 703 1096 770 hoc
1138 701 1222 769 ad
1254 703 1395 769 eius
1426 704 1851 770 autoritatem
1886 703 2350 773 stabiliendam

251 856 258 863 ,
385 810 787 876 magnopere
877 791 1120 855 ertinet
1135 840 1151 868 ,
1208 809 1294 853 ne
1349 790 1715 861 serviamus
1757 789 1858 857 illi
1899 801 2131 855 nostro
2176 789 2349 857 arbi-

385 878 516 941 trio
531 928 547 956 ,
594 874 875 951 80111011
919 876 1001 943 ab
1046 874 1190 955 eius
1235 882 1403 949 nutu
1446 873 1880 959 pendeamus.-
1927 882 1994 940 et
2033 896 2172 955 nos,
2220 888 2351 958 qua

369 980 618 1028 ·sumus
660 963 954 1029 vanitate
967 988 994 1041 ,·
1042 962 1098 1027 81
1140 961 1412 1027 libertas
1457 961 1652 1027 nobis
1692 961 2133 1044 relinquatur,
2181 959 2349 1025 nihil

253 1042 266 1053 ”
387 1046 733 1130 possumus
770 1058 968 1130 quam
1001 1040 1327 1112 aberrare'.
1394 1045 1528 1113 Ubi
1573 1054 1794 1112 autem
1830 1040 2349 1112 8011101’(10Ηο111-

1973 1131 2349 1213 rstitionum

385 1153 535 1197 mus
578 1148 624 1197 8
650 1134 776 1211 via,
821 1132 1046 1199 nullus
1079 1139 1307 1216 postea
1336 1134 1519 1209 finis:
1567 1131 1887 1207 donec‚su

1943 1218 2223 1297 ominus,
2272 1223 2348 1281 ut

385 1202 811 1287 multitudine
854 1218 1230 1283 obruamur.
1320 1218 1563 1283 Merito
1606 1218 1829 1301 itaque

385 1302 680 1387 plenum'
713 1303 988 1369 dominii
1044 1305 1147 1387 ius
1204 1303 1350 1379 sibi,
1373 1302 1692 1381 vindicet,
1754 1301 1916 1386 quid
1965 1304 2180 1369 facere
2223 1322 2345 1367 nos
2402 1359 2408 1375 ‚

383 1388 549 1455 velit
589 1390 686 1454 ita
725 1388 1048 1469 mandat,-
1068 1396 1142 1454 ut
1181 1387 1495 1472 quidquid
1538 1397 1800 1471 praeter
1842 1409 2036 1455 suum
2074 1385 2346 1453 manda-

388 1486 536 1540 tum
594 1475 1035 1549 confinxerint
1090 1472 1426 1554 homines,
1466 1474 1663 1539 simul
1689 1474 1988 1551 ‚reiioiat
2027 1554 2036 1561 ι
2102 1474 2345 1547 Merito

388 1568 476 1633 et¹
509 1560 640 1645 hoc
698 1581 956 1643 quoque
1013 1560 1199 1638 facit,
1266 1559 1438 1643 quod
1491 1580 1602 1625 ore
1672 1580 1790 1625 suo
1845 1560 2092 1627 limites
2157 1559 2342 1625 nobis

385 1644 724 1729 praefigit,
770 1664 858 1709 ne
899 1665 1247 1729 perversos
1291 1646 1506 1711 cultus
1546 1645 1942 1724 fabricando,
1986 1645 2157 1710 iram
2202 1646 2344 1711 eiu‘s

384 1731 474 1794 in.
500 1751 622 1795 nos
654 1752 1099 1814 provocemus·
1192 1729 1346 1798 Soio
1390 1752 1586 1813 quam
1633 1728 1984 1801 difficulter
2013 1726 2151 1797 ‘ho'e
2193 1752 2343 1814 per-

385 1815 743 1882 suadeatur
819 1817 1068 1883 mundo
1082 1868 1097 1895 ,
1177 1812 1536 1900 im‘probari
1603 1815 1751 1883 Deo
1824 1817 2042 1883 cultus
2115 1837 2345 1882 omnes

383 1908 643 1985 praeter
681 1901 1212 1969 ·verbum·suum
1269 1904 1623 1970 institutos.
1715 1902 1897 1984 Quin
1930 1902 2152 1986 potius
2186 1903 2344 1968 hae-

386 1995 488 2053 ret
530 1988 693 2053 haec
736 1989 1093 2071 persuasio,
1142 1998 1208 2053 et
1251 1990 1438 2072 quasi
1482 1990 1552 2054 in
1575 1988 1850 2055 .ossibus
1893 1990 2187 2054 omnium
2232 1988 2345 2071 de-

385 2075 522 2138 fixa
564 2079 680 2152 est,
727 2095 803 2139 ao
846 2074 1172 2163 medullis,
1213 2073 1532 2158 quidquid
1551 2081 1794 2158 .agant,
1835 2075 1912 2143 in
1952 2094 2030 2139 00
2073 2096 2144 2143 80
2187 2076 2347 2141 88118

388 2159 629 2224 iustam
674 2160 1213 2242 approbationem
1256 2160 1499 2226 habere
1515 2210 1532 2237 ,
1585 2161 1642 2223 si
1684 2159 1878 2226 modo
1920 2160 2345 2242 qualemcun-

386 2265 512 2327 que
567 2244 839 2311 honoris
893 2238 1024 2309 Dei
1082 2245 1295 2311 zelum
1359 2244 1736 2311 obtendant.
1827 2244 2079 2309 Verum
2144 2266 2348 2327 quum

387 2330 571 2396 Deus
625 2351 758 2396 non
814 2329 1006 2395 modo
1065 2331 1326 2395 irritum
1380 2329 1651 2409 habeat,
1715 2329 2033 2414 quidquid
2089 2329 2346 2396 colendi

386 2417 492 2481 sui
533 2414 752 2483 studio
794 2422 1058 2499 praeter
1100 2414 1486 2481 mandatum
1525 2437 1720 2482 suum
1763 2416 2184 2499 suscipimus,
2231 2415 2347 2481 sed

384 2501 607 2585 palam
639 2521 897 2584 quoque
929 2502 1375 2567 abominetur:
1425 2507 1573 2581 [pag.
1617 2508 1721 2582 10]
1768 2499 1926 2585 quid
1967 2503 2346 2585 proficimus

387 2593 620 2654 contra
659 2585 1034 2652 tendendo?
1123 2587 1273 2653 Hae
1317 2597 1473 2654 sunt
1515 2588 1731 2653 clarae
1776 2595 1844 2652 et
1886 2587 2171 2653 disertae
2214 2586 2344 2654 Dei

385 2693 584 2738 voces
654 2674 718 2753 (1
762 2671 941 2738 Sam.
994 2678 1092 2750 15,
1131 2677 1242 2739 22:
1279 2673 1520 2738 Matth.
1575 2677 1673 2753 15,
1713 2674 1810 2759 9):
1879 2673 2340 2739 obedientiam

384 2758 726 2824 meliorem
789 2780 932 2824 esse
995 2759 1307 2825 victimis:
1375 2760 1622 2824 frustra
1686 2780 1757 2825 se
1821 2759 1947 2825 coli
2013 2758 2346 2826 mandatis

387 2844 762 2909 hominum:
807 2843 1226 2911 mendacium
1271 2862 1431 2921 esse,
1477 2844 1790 2928 quidquid
1835 2843 2036 2911 verbo
2067 2866 2185 2910 suo
2231 2844 2345 2911 ad-

390 2929 599 3009 ditur,
657 2930 1046 3013 praesertim
1089 2931 1161 2994 in
1207 2930 1332 2996 1180
1375 2939 1594 3013 parte:
1651 2935 2166 3015 ἐθελοθρησκείαν
2208 2952 2345 2996 1110-

387 3036 532 3081 18111
566 3036 709 3082 0880
754 3017 1128 3082 vanitatem.
1196 3016 1327 3083 Ubi
1372 3017 1576 3082 semel
1619 3017 2086 3100 pronunciavit
2125 3017 2342 3096 iudex,

389 3102 521 3166 iam
566 3100 849 3185 amplius
889 3099 1195 3186 litigandi
1235 3122 1372 3167 non
1416 3118 1516 3168 est
1559 3111 1692 3168 tem
1738 3124 1834 3168 us.

561 3186 757 3253 Nunc
810 3207 1069 3253 mecum
1113 3197 1229 3252 tua
1270 3190 1607 3271 maiestas,
1725 3210 1943 3267 80881,
1998 3209 2345 3273 recognos-

391 3280 513 3352 cat,
541 3284 804 3354 vosque,
828 3273 1268 3347 Illustrissi'mi
1294 3274 1657 3355 Principes,
1688 3274 1816 3341 huc
1850 3274 2015 3339 mihi
2051 3283 2344 3341 vestram

345 3432 358 3445 ,
389 3360 822 3424 attentionem
862 3357 1202 3442 praebete,
1247 3380 1448 3441 quam
1491 3380 1759 3442 prorsus
1783 3359 1885 3426 ‘ab
1927 3360 2051 3426 hac
2088 3362 2345 3427 ratione

391 3442 753 3510 dissideant
794 3444 1043 3523 omnia,
1101 3444 1171 3509 in
1216 3445 1451 3527 quibus
1504 3444 1701 3510 hodie
1744 3447 1990 3529 passim
2033 3445 2164 3511 Dei
2203 3447 2344 3513 cul-

391 3540 538 3617 tum
580 3531 754 3596 orbis
798 3531 1200 3596 christianus
1242 3532 1518 3613 reponit.
1607 3532 1831 3598 Verbo
1875 3531 2169 3615 quidem,
2226 3531 2343 3597 bo-

388 3637 627 3697 norum
692 3617 990 3681 omnium
1055 3615 1334 3702 gloriam
1399 3617 1771 3684 concedunt
1829 3618 1975 3683 Deo
1993 3669 2008 3695 ,
2087 3618 2202 3683 sed
2221 3658 2238 3671 ·
2270 3640 2342 3683 re

380 3705 529 3788 ipsa
572 3724 756 3782 eum,
802 3702 908 3768 vel
950 3702 1253 3789 dimidia,
1297 3702 1406 3771 vel
1448 3703 1682 3771 maiori
1722 3710 1910 3787 parte
1935 3704 1987 3789 ¹)
2028 3704 2339 3788 spoliant:

382 3810 592 3874 quum
635 3788 779 3854 eius
823 3788 1101 3854 virtutes
1153 3789 1332 3865 inter
1385 3797 1646 3856 sanctos
1691 3790 2098 3873 partiuntur*
2143 3789 2339 3856 ·Elu-

382 3875 574 3953 dant,
619 3880 698 3938 ut
740 3872 994 3953 volent,
1040 3872 1431 3954 adversarii,
1475 3882 1559 3941 ‘et
1601 3875 1934 3956 leviculos,
1980 3876 2171 3941 sicuti
2212 3877 2338 3960 ipsi

381 3963 666 4047 fingunt,
713 3979 967 4058 errores
1012 3960 1298 4037 nimium
1337 3981 1460 4051 nos
1485 3974 1890 4047 exaggerare
1932 3962 2336 4043 calumnien-

359 4057 518 4113 -mrz
567 4066 709 4111 rem
741 4065 971 4127 ipsam,
1017 4045 1215 4112 sicuti
1245 4052 1346 4113 est
1384 4049 1732 4131 perspicua
1761 4047 2140 4131 unicuique,
2180 4049 2336 4114 sim-

381 4130 642 4218 plicite'r
683 4151 1064 4214 proponam.
1125 4130 1238 4198 Sic
1273 4132 1451 4198 inter
1483 4142 1745 4203 sanctos
1782 4131 2136 4200 distributa
2178 4142 2338 4203 sunt

380 4220 512 4299 Dei
554 4218 796 4295 officia,
839 4224 930 4311 ‚ut
981 4237 1240 4305 summo
1284 4219 1436 4284 Deo‘
1465 4218 1826 4304 ‘tanquam'
1859 4219 2146 4304 collegae
2201 4222 2338 4285 sint

355 4304 604 4384 additi,
649 4304 719 4368 in
764 4302 1169 4369 sustinendis
1195 4304 1352 4371 eius
1385 4306 1703 4389 partibus3
1749 4307 1817 4370 in
1854 4326 2131 4389 quorum
2164 4305 2336 4370 mul-

243 4392 258 4403 ‘
378 4389 662 4457 titudine
738 4386 1095 4457 delitescat.
1183 4389 1268 4454 N·
1331 4412 1412 4456 ue
1477 4390 1656 4457 aliud
1733 4410 2094 4475 conqueror
2108 4443 2124 4470 ,
2204 4392 2334 4458 nisi
2379 4380 2386 4401 ⁴

281 4478 296 4487 ‘
422 4476 552 4544 uod
627 4481 805 4542 totus
865 4475 1164 4551 mundus,
1224 4498 1265 4541 v
1339 4477 1484 4561 gari
1557 4478 1903 4562 proverbio
1967 4479 2333 4543 confitetur.

249 4552 264 4565 ⁸
319 4566 338 4577 '
379 4498 557 4646 auid
614 4561 792 4627 enim
849 4559 974 4626 sibi
1028 4561 1176 4627 vult
1851 4555 1864 4567 ‘
2393 4546 2402 4571 '

449 4548 460 4557 ’
1273 4562 1406 4628 11οᾶ
1450 4557 1712 4641 dicunt,
1768 4562 2135 4651 Dominum
2177 4584 2337 4647 prae

378 4647 689 4734 apostolis
743 4667 879 4713 non
937 4647 1241 4731 cognosci
1317 4649 1474 4715 ·nisi
1526 4648 1701 4732 quod
1763 4649 1848 4714 in'
1897 4649 2339 4803 ,08111ἹΞΙΒίτὶξιειὶ-1

371 4906 775 4994 pravitatem
790 4956 808 4983 ,
851 4906 1153 4975 mundus
1167 4959 1183 4987 ,
1241 4906 1550 4974 derelicto
1604 4906 1761 4973 vivo
1815 4906 1994 4973 fonte
2009 4958 2025 4985 ,
2082 4912 2334 4990 puteos,

370 5002 450 5061 ut
493 4988 652 5058 dicit
694 4989 1010 5058 Ieremias
1056 4983 1146 5077 (2,
1189 4994 1295 5078 13)
1342 4988 1690 5077 dissipatos
1728 4999 1795 5057 et
1827 4991 2080 5060 hiulcos
2115 4991 2336 5058 fodere

512 5242 573 5331 1)
611 5283 680 5322 ex
715 5271 874 5337 parte
911 5263 1049 5320 1552
1082 5280 1223 5336 seqq.

1740 345 2465 415 REFORMANDAE
2510 343 3058 412 EOOLESIAE.

2347 5246 2360 5259 ,
2439 5174 2452 5185 '
2580 5176 2638 5263 1')
2696 5194 2834 5250 1576

4285 357 4414 420 462

2441 531 2895 605 ,edocebatur—
2932 533 3065 600 Ubi
3110 534 3288 600 enim
3323 534 3605 601 salutem
3653 540 3802 615 [pag.
3848 543 3952 618 11]
3999 544 4073 604 et
4097 539 4418 624 quidquid

2452 616 2779 701 bonorum
2840 626 2944 685 est
2984 618 3375 704 quaerunt?
3446 642 3534 687 an
3599 622 3671 686 in
3736 623 3875 689 solo
3928 622 4119 689 Deo?
4207 627 4414 711 Atqui

2452 704 2676 787 palam
2721 705 3038 771 reclamat
3072 712 3213 771 tota
3255 707 3621 772 communis
3661 708 3816 775 vita.
3884 710 4099 775 Aiunt
4130 711 4417 795 quidem,

2455 790 2739 855 salut'em
2800 812 2874 856 se
2932 798 2999 855 et
3048 791 3224 857 bona
3276 793 3498 859 omnia
3552 793 3625 857 in
3658 795 3827 879 ·Deo
3883 816 4259 880 quaererez,
4297 796 4413 863 sed

2452 894 2659 956 quum
2712 875 2869 942 alibi
2922 884 3250 960 quaerant
3305 897 3499 983 quam
3558 879 3631 943 in
3687 900 3763 944 eo
3819 881 3987 985 solo,
4052 881 4261 948 falsus
4312 890 4443 951 est-
4522 936 4527 937 κ
4564 938 4577 949 .

2453 967 2879 1042 praetextus..
4334 1038 4343 1051 ι

2596 1045 2847 1112 'Huius
2892 1049 2988 1112 rei
3029 1048 3451 1114 manifestam
3492 1049 3690 1115 fidem
3735 1051 3979 1117 facient
4018 1053 4209 1133 vitia,
4267 1055 4411 1139 qui-

2409 1130 2576 1196 '·bus
2619 1128 2949 1197 invocatio
2991 1133 3121 1198 Dei
3166 1141 3476 1218 corrupta
3518 1137 3835 1218 primum,
3895 1137 4155 1203 deinde·
4176 1161 4429 1224 prope-·

2452 1215 2724 1281 modum
2768 1217 3089 1284 subversa
3131 1221 3583 1304 exstinctaque
3626 1222 3766 1287 fuit.
3859 1223 4170 1290 Diximus
4224 1226 4413 1295 invo-

2452 1301 2709 1366 catione
2762 1305 2989 1368 testari
3060 1302 3362 1371 homines
3430 1327 3516 1370 an
3583 1306 3869 1373 debitam
3922 1309 4068 1375 Deo
4132 1309 4433 1394 gloriam,

2445 1384 2762 1453 tribuant.
2852 1389 3036 1473 Ergo
3100 1388 3256 1455 hinc
3335 1392 3533 1457 etiam
3599 1392 3823 1458 licebit
3899 1388 4409 1478 deprehendere,
4476 1420 4493 1431 ·

2452 1493 2538 1537 an
2560 1471 2693 1537 Dei
2725 1472 3001 1556 gloriam
3036 1474 3134 1539 illi
3167 1483 3457 1558 ereptam
3498 1478 3903 1544 transferant
3935 1480 4018 1545 ad
4054 1490 4409 1561 creaturas,

2449 1558 2659 1623 Porro
2692 1557 2763 1623 in
2804 1579 2965 1625 vera
2997 1560 3127 1625 Dei
3170 1561 3587 1628 invocatione
3611 1562 3761 1646 plus
3791 1566 4165 1648 requiritur,
4210 1588 4411 1650 quam

2448 1643 2738 1726 precatio
2827 1644 3129 1710 uaelibet.
3200 1646 3454 1730 Nempe
3499 1652 3575 1712 ut
3617 1655 3798 1715 certo
3835 1650 4084 1729 statuat
4121 1653 4410 1719 hominis

2451 1730 2740 1808 animus,
2855 1751 3007 1794 eum
3053 1753 3195 1798 esse
3239 1733 3482 1813 solum,
3540 1734 3623 1798 ad
3667 1755 3861 1817 quem
3905 1737 4254 1821 confugere
4297 1736 4411 1803 de-
4488 1786 4503 1797 .

2449 1815 2631 1880 beat:
2690 1816 2842 1898 quia
2885 1823 2954 1880 et
2997 1816 3178 1881 solus
3220 1819 3290 1882 in
3334 1819 3730 1899 necessitate
3774 1820 4004 1889 iuvare
4048 1824 4283 1905 possit,
4342 1816 4443 1891 et'

2450 1922 2522 1966 80
2564 1900 2630 1964 id
2668 1901 3041 1967 'facturum-
3075 1904 3411 1985 receperit,
3503 1905 3603 1969 Eo
3647 1914 3867 1973 autem
3911 1924 4111 1973 sensu
4150 1908 4411 1991 praedi-
4482 1950 4495 1961 ·

2449 1994 2561 2052 tus
2617 2006 2760 2052 0880
2816 2007 3009 2053 1101110
3063 1994 3307 2070 potest,
3367 1990 3496 2055 nisi
3540 1992 3654 2073 qui
3698 1988 3765 2056 01
3806 1990 4222 2083 mandatum,
4282 2015 4411 2078 quo
4504 2060 4515 2071 ,
4630 2076 4639 2083 ·
4678 1970 4685 1977 ¹

2448 2072 2638 2221 Eous
2679 2091 2799 2137 1108
2843 2072 2926 2137 ad
2968 2094 3040 2143 se
3086 2081 3289 2153 vocat,
3336 2082 3404 2138 et
3441 2077 3937 2163 promissionem
3983 2094 4183 2160 0118111
4206 2101 4411 2145 ,111811-

2496 2164 2604 2222 ato
2659 2155 2992 2242 adiungit,
3052 2157 3133 2222 de
3187 2159 3616 2258 exaudiendis
3671 2160 3915 2229 nostris
3959 2165 4260 2245 precibus
4303 2166 4445 2235 111-,”

2449 2249 2692 2308 11101111.
2780 2243 2991 2326 Atqui
3045 2244 3343 2309 mandat1
3400 2245 3561 2310 adeo
3615 2244 3777 2311 non'
3804 2255 3904 2313 est
3946 2247 4170 2314 habita
4222 2252 4408 2329 ratio,

2448 2336 2524 2393 ut
2582 2328 2851 2413 angelos
2906 2338 2971 2394 et
3024 2330 3327 2396 homines
3380 2340 3674 2397 mortuos
3728 2334 4102 2413 promiscue
4166 2335 4409 2417 vulgus

2449 2413 2798 2480 hominum
2840 2416 3255 2483 invocaverit
3296 2416 3495 2481 simul
3537 2438 3687 2483 cum
3722 2416 3887 2483 Deo.
3957 2416 4408 2501 Sapientiores

2453 2521 2640 2578 vero,
2699 2501 2753 2565 si
2800 2522 2936 2565 non
2989 2500 3390 2567 invocabant
3441 2524 3551 2568 eos
3602 2503 3743 2567 loco
3791 2504 3951 2583 Dei,
4009 2504 4246 2569 saltem
4335 2525 4408 2570 ro

2447 2584 2918 2653 mediatoribus
2964 2587 3313 2667 habebant,
3358 2606 3636 2671 quorum
3678 2590 4146 2656 intercessione
4190 2610 4229 2653 a
4262 2526 4411 2677 lgeo

2449 2670 2850 2750 obtinerent,
2918 2671 3091 2755 quod
3158 2672 3487 2756 petebant.
3575 2673 3707 2741 Ubi
3772 2675 3978 2758 igitur
4042 2683 4199 2741 tunc
4264 2683 4409 2743 0181

2447 2757 2825 2840 promissio,
2893 2777 3061 2840 quae
3116 2758 3258 2823 sola
3313 2757 3567 2825 Christi
3619 2761 4083 2827 intercessione
4139 2762 4412 2829 suffulta

2450 2841 2592 2908 est?
2681 2841 2914 2926 Itaque
2992 2841 3262 2915 Christo
3339 2845 3532 2911 unico
3606 2844 3964 2910 mediatore
4039 2849 4408 2929 praeterito,

2447 2928 2697 3012 singuli
2762 2949 2833 2995 se
2898 2927 2981 2994 ad
3047 2950 3200 2996 suos
3254 2938 3595 3013 patronos,
3663 2951 3825 3014 quos
3850 2930 4003 2997 -sibi
4054 2934 4406 3012 finxerant,

2448 3014 2899 3081 contulerunt:
2960 3021 3077 3080 8111
3129 3016 3188 3081 81
3243 3017 3507 3099 011811ἆο
3564 3013 3845 3082 dabatur
3888 3016 4157 3083 Christo
4207 3017 4407 3098 locus,

2447 3100 2700 3167 latebat
2765 3107 3018 3180 tamen,
3086 3102 3276 3184 quasi
3334 3122 3451 3185 gre

2445 3192 2594 3267 [pag.
2638 3201 2664 3252 1
2677 3191 2739 3266 2]
2782 3186 2931 3252 Iam
2973 3208 3178 3271 quum
3212 3208 3407 3253 verae

2449 3274 2551 3357 gis
2608 3274 2961 3356 repugnet,
3019 3293 3215 3356 quam
3275 3273 3623 3339 haesitatio
3678 3284 3744 3337 et
3799 3273 4190 3354 diffidentia,
4248 3275 4409 3342 adeo
4484 3342 4493 3349 ,

3576 3103 3677 3167 ’118
3735 3102 4002 3186 aliquis,
4068 3103 4142 3179 111
4194 3104 4411 3171 turba.

2411 3354 2746 3435 'invaluit,
2791 3365 2868 3422 ut
2909 3378 3029 3441 pro
3071 3358 3134 3424 le
3182 3380 3219 3424 e
3264 3358 3658 3445 rite,orandi
3701 3359 3839 3424 fere‘
3881 3367 4146 3443 recepta
4188 3361 4407 3426 fuerit.
4518 3360 4525 3365 ’

2448 3442 2645 3510 Unde
2670 3450 2890 3508 autem
2931 3442 3044 3507 id?
3091 3445 3220 3508 1i1si
3264 3446 3418 3527 quia
3462 3443 3769 3523 mundus,
3816 3446 3973 3529 quid
4017 3446 4146 3511 ista
4166 3447 4410 3527 ,omnia
4488 3458 4497 3467 “

2447 3526 2742 3609 valeant,
2797 3549 2931 3596 non
2985 3529 3344 3610 intellexit,
3403 3538 3469 3595 et
3511 3529 3684 3614 quod
3723 3530 3909 3613 Deus
3952 3552 3991 3597 a
4034 3528 4222 3596 nobis
4260 3529 4409 3597 vult

2446 3616 2761 3694 invocari,
2809 3622 2887 3689 et,
2921 3636 2991 3681 se
3033 3615 3366 3682 facturum
3408 3615 3739 3700 promittit
3780 3615 4095 3701 quidquid
4138 3617 4408 3700 petieri-

2445 3723 2597 3766 mus
2640 3699 2951 3775 mandato
2994 3703 3551 3786 promissioneque
3584 3723 3706 3767 sua
3746 3692 3917 3780 freti,
3962 3709 4032 3768 et
4062 3702 4419 3775 Qhristum.
4466 3766 4475 3775 ,
4522 3768 4531 3777 ,

2444 3788 2632 3854 nobis
2666 3788 3056 3854 advocatum
3091 3788 3414 3872 proponit,
3451 3788 3649 3855 cuius·
3668 3788 3936 3854 nomine
3967 3787 4408 3869 exaudiantur

2441 3895 2671 3958 preces
2736 3879 3020 3940 nostrae.
3098 3872 3223 3949 ,Ad
3286 3870 3476 3954 haec,
3543 3874 3965 3941 excutiantur
3992 3874 4037 3955 ¹)
4105 3874 4405 3943 solennes

2439 3978 2729 4043 preces,·
2764 3976 2930 4042 quae
2983 3960 3230 4044 passim
3283 3959 3611 4026 habentur
3665 3960 3736 4024 in
3791 3961 4141 4027 ecclesiis·
4187 3956 4415 4043 Repe-2

2421 4047 2702 4111 -rientur
2743 4046 3113 4111 innumeris
3148 4045 3453 4112 sordibus
3485 4042 3889 4133 inquinatae.
3956 4047 4064 4113 Ab
4109 4042 4241 4110 illis
4277 4046 4402 4129 igi·

2441 4138 2553 4197 tur
2616 4133 2734 4196 fiat
2787 4131 3134 4212 iudicium,
3203 4138 3522 4216 quantum
3586 4131 3857 4199 vitiatus
3912 4132 3985 4197 in
4036 4130 4163 4197 hac
4215 4137 4439 4215 parte,
4480 4206 4493 4217 ⁸

2441 4217 2659 4283 cultus
2701 4218 2832 4283 Dei
2886 4219 3125 4283 fuerit..
3192 4218 3332 4284 Nec
3386 4219 3608 4284 minus
3663 4216 3737 4299 in
3783 4219 4151 4307 gratiarum·
4203 4216 4405 4283 actio—

2441 4303 2635 4370 nibus
2709 4304 3145 4389 corruptionis
3222 4305 3376 4371 fuit:
3459 4305 3646 4371 cuius
3708 4311 3909 4369 testes
3985 4310 4144 4369 sunt
4205 4302 4407 4385 etiam

2439 4389 2681 4474 hymni
2721 4388 2994 4473 publici:
3041 4389 3154 4457 ubi
3199 4391 3520 4457 bonorum
3562 4391 3858 4455 omnium
3897 4388 4047 4455 laus
4091 4387 4177 4454 ad
4216 4409 4405 4455 sano-
4522 4476 4529 4483 ο

2441 4482 2544 4557 tos
2589 4482 2906 4559 tanquam
2950 4469 3084 4542 Dei
3127 4476 3409 4561 collegas
3454 4474 3965 4549 transscribitur.
4006 4546 4017 4555 ,
4254 4516 4269 4531 ·
4328 4534 4341 4549 ,
4454 4542 4469 4553 ,

2616 4561 2763 4626 18111
2808 4562 2892 4626 de
2933 4560 3316 4628 adoratione
3360 4562 3518 4647 quid
3565 4560 3825 4631 dicam?
3916 4558 4255 4644 Quidquid
4296 4580 4404 4626 re-

2442 4648 2778 4713 verentiae
2822 4648 3135 4714 exhibere
3179 4648 3414 4715 volunt
3457 4647 3761 4713 homines
3801 4647 3948 4713 Deo
3961 4699 3978 4725 ,
4025 4667 4121 4713 an·
4154 4667 4288 4713 non
4333 4644 4402 4711 id

2441 4732 2542 4798 illi
2572 4734 2646 4798 in
2678 4735 2915 4800 statuis
2958 4740 3027 4799 et
3057 4732 3456 4818 imaginibus
3491 4731 3849 4800 exhibent?
3915 4731 4121 4798 Errat
4161 4736 4402 4812 autem,

2440 4821 2554 4902 qui
2597 4825 2789 4903 putat
2841 4819 3202 4904 quidquam
3246 4821 3571 4886 interesse
3618 4820 3795 4885 inter
3832 4808 4033 4899 hanc
4075 4816 4441 4903 et'ethnig

2444 4924 2673 4971 corum
2708 4905 3057 4975 insaniam.
3126 4905 3355 4993 Neque
3400 4905 3579 4972 enim
3610 4903 3802 4971 Deus
3845 4903 4099 4999 lapides
4143 4910 4404 4971 tantum

2444 5081 2593 5089 -φ

2437 5265 2636 5334 pluche
2894 5212 3032 5268 seqq.
3088 5197 3371 5279 mendose:
3400 5152 3791 5266 ‘exsut-inmun
3843 5193 4064 5250 Gallus:
4122 5194 4405 5277 qu'ones-

3507 3188 3589 3253 ei.
3609 3184 4013 3254 invocationi
4056 3190 4224 3254 nihil
4268 3211 4409 3254 ma-
4502 3234 4513 3249 .
