4967 5992
591 351 718 412 247

588 533 816 600 omnia
857 529 1134 597 laudant
1176 549 1252 595 ac
1295 526 1653 607 mirantur,
1708 547 1876 610 quae
1920 545 2040 591 nos
2084 522 2316 607 quovis
2360 520 2552 586 modo

588 622 1000 703 impugnant.
1073 616 1372 680 Fruatur
1417 634 1572 697 ergo
1618 632 1776 678 sane
1818 633 1937 677 sua
1981 611 2107 676 ista
2150 609 2220 673 in
2263 607 2555 673 tenebris

588 703 925 771 iactantia.
969 716 978 724 '
1016 699 1152 766 Sed
1200 699 1518 778 exstabit,
1566 708 1638 763 ut
1677 718 1888 780 spero,
1933 697 2005 760 in
2045 694 2194 764 luce
2239 701 2308 759 et
2349 692 2555 759 oculis

589 793 912 856 bonorum
969 808 1119 851 mea
1172 784 1516 852 Institutio
1532 836 1548 864 ,
1615 791 1839 848 tantae
1894 783 2036 847 61116
2102 778 2555 864 1166611661166

588 875 783 941 testis
828 894 903 940 ac
937 871 1203 939 vindex.
1291 871 1521 953 Neque
1576 876 1801 934 tamen
1855 868 1981 932 hac
2038 866 2119 931 de
2164 887 2236 931 re
2280 865 2554 931 verbum

589 963 885 1026 facturus
943 979 1120 1024 eram
1139 1008 1154 1036 ,
1225 956 1357 1021 nisi
1412 976 1518 1020 me
1572 954 1713 1020 eius
1764 951 2154 1035 improbitas
2212 950 2552 1033 coegisset.

590 1045 728 1113 Sed
772 1066 974 1129 quum
1015 1043 1207 1108 toties
1250 1062 1402 1120 nos,
1448 1048 1764 1123 tanquam
1807 1037 2118 1115 indoctos,
2163 1036 2411 1101 nullius
2449 1034 2556 1099 in-

592 1132 787 1217 genii,
833 1128 1083 1196 nullius
1117 1127 1361 1204 iudicii,
1408 1148 1492 1191 ex
1528 1127 1659 1191 alto
1705 1125 2051 1208 superbiae
2093 1142 2251 1187 suae
2294 1120 2557 1204 fastigio

594 1218 939 1300 despiciat,
994 1234 1229 1296 operae
1279 1213 1563 1295 pretium
1606 1212 1764 1291 fuit,
1808 1209 2030 1294 palam
2066 1208 2212 1272 fieri
2231 1258 2245 1284 ,
2290 1225 2413 1271 nec
2449 1207 2556 1269 in-

639 1323 885 1367 enuum
933 1300 1295 1376 hominem,
1356 1318 1476 1363 nec
1524 1303 1787 1381 gratum
1833 1314 1975 1360 esse
1991 1345 2007 1375 ,
2067 1293 2180 1376 qui
2224 1300 2361 1356 tam
2404 1312 2556 1357 cru-

592 1325 827 1454 deliter
871 1407 980 1451 eos
1022 1386 1355 1462 laceraret,
1393 1403 1670 1466 quorum
1709 1388 1932 1446 tamen
1972 1378 2355 1463 magisterio
2391 1397 2557 1441 non-

592 1473 762 1538 nihil
808 1470 1075 1537 adiutus
1119 1471 1305 1534 foret.

766 1563 913 1638 [pag.
962 1561 1071 1633 20]
1119 1552 1306 1635 Quae
1349 1561 1571 1618 autem
1613 1558 1843 1636 postea
1886 1548 1967 1615 de
2011 1568 2130 1614 suo
2176 1546 2553 1625 admisceat,

593 1651 672 1710 ut
715 1644 1068 1720 deformet,
1106 1646 1223 1704 aut
1264 1645 1603 1722 pervertat
1644 1638 1810 1702 bene
1855 1635 2056 1714 dicta,
2104 1655 2239 1699 non
2282 1640 2385 1698 est
2428 1632 2554 1698 hu-

594 1731 702 1796 ius
759 1729 975 1812 operis
1031 1733 1354 1790 excutere.
1446 1721 1730 1790 Summa
1781 1729 2001 1786 tamen
2057 1719 2186 1784 huc
2229 1718 2429 1797 redit,
2482 1719 2556 1781 in

594 1815 714 1880 illa
746 1812 880 1878 Dei
924 1819 993 1875 et
1034 1811 1244 1875 nostri
1278 1810 1531 1888 notitia,
1578 1808 1738 1873 dum
1779 1814 2012 1872 mutuo
2056 1807 2231 1870 inter
2265 1826 2335 1870 se
2379 1824 2555 1869 com-

593 1906 948 1982 parantur,
1007 1917 1128 1960 nos
1180 1896 1431 1959 iustum
1476 1895 1604 1959 Dei
1658 1892 1972 1958 iudicium
2027 1912 2161 1956 666
2220 1911 2408 1972 66666
2452 1890 2553 1953 in-

596 1984 922 2068 telligere,
980 1981 1140 2065 quin
1189 1981 1394 2046 libero
1449 2001 1568 2045 666
1620 1979 1981 2046 voluntatis
2039 1976 2309 2041 arbitrio
2363 1995 2554 2058 prae-

597 2070 771 2134 ditos
829 2069 1139 2144 sciamus,
1192 2075 1260 2131 et
1302 2068 1371 2130 in
1425 2065 1614 2131 nobis
1668 2066 1988 2147 positum,
2042 2068 2120 2127 ut
2173 2059 2555 2126 obediamus

594 2155 988 2239 praeceptis:
1038 2152 1364 2217 declinare
1409 2173 1448 2216 a
1483 2152 1676 2231 malo,
1721 2151 1936 2214 facere
1980 2148 2245 2226 bonum,
2290 2153 2357 2212 et
2399 2165 2553 2210 con-

595 2252 720 2306 tra.
808 2239 938 2306 Ubi
983 2238 1105 2304 hoc
1147 2237 1506 2315 constituit,
1552 2257 1708 2302 mox
1754 2234 1839 2301 ad
1881 2234 2247 2301 sententiae
2289 2240 2554 2297 nostrae

595 2325 1101 2409 explicationem
1142 2322 1542 2408 aggreditur.
1602 2324 1825 2404 Atque
1857 2320 1928 2384 id
1963 2317 2227 2403 quidem
2266 2318 2555 2400 primum

596 2434 681 2477 ex
724 2410 1012 2476 Lutheri
1055 2410 1294 2487 verbis,
1355 2428 1524 2491 quae
1579 2406 1889 2473 censebat
1931 2405 2152 2469 minus
2192 2423 2554 2469 accommo-

595 2498 751 2563 data
808 2517 949 2562 6666
1004 2494 1089 2561 611
1145 2494 1526 2578 popularem
1583 2499 1878 2575 captum:
1936 2489 2173 2555 deinde
2229 2510 2311 2554 ex
2368 2488 2552 2568 meis,

596 2583 838 2666 quibus
895 2581 1095 2646 etiam
1151 2602 1269 2663 per
1321 2586 1534 2643 totum
1590 2598 1754 2660 opus
1815 2576 2089 2641 insistit:
2147 2581 2223 2638 ut
2284 2575 2356 2637 in
2409 2594 2556 2639 meo

597 2669 811 2751 capite
869 2673 1106 2744 totam,
1166 2674 1241 2730 ut
1295 2665 1436 2748 ipse
1492 2671 1719 2741 vocat,
1792 2668 2036 2727 sectam
2094 2666 2388 2725 nostram
2439 2680 2556 2743 op-

594 2759 864 2838 pugnet.
952 2751 1139 2816 Haec
1183 2757 1286 2815 est
1329 2748 1623 2815 clausula
1665 2747 1858 2831 primi
1903 2745 2071 2811 libri.

769 2838 1004 2913 Porro,
1050 2835 1356 2917 quoniam
1401 2833 1526 2899 hac
1570 2832 1983 2916 potissimum
2013 2830 2326 2897 machina
2368 2850 2558 2896 ever-

596 2934 739 2989 tere
791 2921 1157 2987 doctrinam
1207 2925 1501 2985 nostram
1543 2926 1850 2996 conatur,
1917 2915 2091 2999 quod
2143 2938 2183 2981 a
2226 2917 2558 2981 communi

597 3028 799 3073 sensu
855 3006 1141 3071 maxime
1197 3005 1574 3082 abhorreat,
1631 3004 1996 3087 praefatur,
2055 3023 2183 3068 non
2229 3001 2560 3066 immerito

598 3092 979 3160 Lutherum
1023 3092 1148 3156 hoc
1197 3090 1570 3156 rudimento
1630 3110 1782 3155 suos
1832 3088 2160 3166 imbuere,
2217 3094 2297 3151 ut
2338 3086 2558 3153 carnis

598 3178 843 3244 rationi
897 3199 972 3243 ac
1022 3177 1384 3259 sapientiae
1439 3174 1827 3241 renunciare
1874 3172 2156 3239 discant:
2214 3173 2367 3256 quia
2407 3180 2556 3237 tan-

600 3272 746 3329 tum
811 3261 1237 3329 absurditatis
1305 3260 1591 3327 habeant
1652 3259 1966 3344 pleraque
2033 3260 2173 3325 eius
2231 3256 2557 3343 dogmata,

601 3359 668 3415 et
708 3370 867 3432 prae
911 3348 1058 3414 aliis
1101 3347 1226 3413 hoc
1267 3346 1438 3430 quod
1483 3353 1870 3422 tractamus,
1926 3343 2007 3410 de
2043 3365 2232 3411 servo
2272 3343 2560 3409 hominis

599 3434 891 3513 arbitrio,
933 3441 1010 3498 111
1056 3433 1291 3517 61116116
1334 3431 1729 3517 persuadere
1774 3432 1958 3509 velis,
2003 3451 2233 3496 eruere
2275 3429 2358 3495 iis
2404 3449 2560 3495 ocu-

596 3522 698 3587 los
734 3520 996 3600 mentis,
1037 3528 1105 3583 61
1139 3539 1400 3585 omnem
1434 3519 1710 3584 rationis
1745 3537 2013 3584 sensum
2049 3515 2338 3581 adimere
2373 3535 2559 3599 oporÎ‡

599 3612 756 3672 teat.
844 3605 1045 3670 Illam
1100 3626 1259 3671 vero
1303 3605 1733 3685 sententiam,
1791 3623 1959 3686 quae
2001 3603 2176 3668 inter
2219 3600 2562 3666 christiani

601 3691 891 3757 nominis
945 3691 1245 3755 homines
1299 3689 1510 3754 nihilo
1564 3688 1719 3774 plus
1786 3688 2267 3754 controversiae
2318 3686 2560 3752 habere

602 3777 935 3855 debuerat,
980 3796 1178 3859 quam
1220 3797 1427 3840 unum
1463 3795 1606 3840 6666
1641 3775 1880 3852 Deum,
1925 3773 2163 3856 quibus
2197 3772 2421 3856 probis
2463 3772 2561 3838 la-

602 3861 823 3928 cerat?
883 3862 1015 3927 imo
1057 3882 1254 3945 quam
1313 3860 1606 3927 ridiculis
1649 3858 1904 3927 cavillis
1949 3857 2289 3943 exagitat?
2377 3858 2561 3942 Pug-

602 3954 750 4026 nat,
809 3947 1053 4029 inquit,
1113 3967 1267 4011 cum
1312 3947 1635 4028 apostolo,
1690 3945 1805 4029 qui
1847 3944 2047 4010 fidem
2093 3949 2373 4009 testatur
2417 3963 2561 4009 6666

602 4054 686 4099 ex
759 4031 993 4097 auditu
1057 4030 1576 4114 praedicationis.
1666 4029 1955 4108 Deinde,
2024 4031 2081 4094 si
2149 4050 2311 4096 vera
2374 4029 2562 4109 foret,

598 4119 887 4184 infantes
932 4124 1001 4182 et
1041 4118 1370 4183 moriones
1414 4113 1497 4183 ad
1550 4113 1750 4181 fidem
1804 4113 2289 4198 percipiendam
2334 4135 2563 4197 sequeÎ‡

601 4211 713 4268 tur
779 4203 1048 4287 reliquis
1126 4203 1429 4268 omnibus
1499 4222 1640 4266 6666
1703 4202 1915 4285 magis
1968 4200 2251 4265 11166666.
2356 4198 2564 4281 Quasi

599 4310 759 4356 vero
816 4311 951 4354 non
1020 4288 1331 4355 continuo
1386 4295 1534 4371 post
1590 4286 1768 4351 hunc
1823 4285 2048 4370 Pighii
2116 4285 2366 4350 nodum
2434 4286 2562 4351 sol-

599 4381 716 4441 vat
755 4375 1009 4440 Paulus
1025 4425 1040 4452 ,
1100 4395 1304 4458 quum
1349 4394 1431 4440 ex
1476 4392 1719 4439 areana
1760 4371 1890 4435 Dei
1945 4370 2344 4436 revelatione
2401 4391 2563 4453 666-

603 4459 758 4523 11616
811 4459 1011 4524 fidcm
1075 4460 1443 4543 subiungit:
1519 4465 1637 4523 aut
1713 4458 1899 4540 quasi
1985 4456 2321 4521 hominem
2378 4457 2564 4539 stipiÎ‡

603 4550 746 4607 tem
788 4544 1015 4622 faciat,
1058 4545 1172 4627 qui
1214 4545 1468 4611 ratione
1510 4544 1726 4610 carnis
1769 4562 1923 4607 eum
1966 4540 2231 4625 spoliat,
2284 4540 2410 4607 1166
2464 4548 2569 4607 661

605 4627 789 4692 16661
847 4629 1201 4711 sapientiae
1268 4630 1707 4713 persuasione.
1807 4628 2062 4693 Verum
2080 4678 2098 4707 ,
2177 4635 2253 4691 111
2325 4627 2569 4691 intelli-

604 4719 754 4798 gat,
819 4733 952 4777 666
1018 4713 1355 4781 6661661161
1422 4715 1548 4781 sibi
1601 4734 1745 4780 6666
1799 4721 2162 4790 661161666,
2229 4713 2344 4778 6611
2410 4734 2564 4779 oum

602 4800 747 4882 ipso
810 4797 1051 4876 Paulo,
1132 4799 1357 4864 audiat
1429 4802 1572 4866 61116
1645 4801 1874 4879 verba,
1955 4800 2013 4865 si
2076 4820 2268 4865 aures
2343 4797 2562 4863 habet.

606 4882 958 4959 Animalis,
1002 4883 1232 4967 inquit,
1277 4885 1472 4950 homo
1515 4891 1663 4965 [pag.
1702 4889 1811 4963 21]
1843 4907 1975 4950 non
2015 4885 2251 4967 accipit
2286 4905 2365 4948 ea
2395 4904 2565 4967 quae

607 4977 768 5034 sunt
812 4967 1084 5053 spiritus
1118 4969 1276 5034 Dei:
1323 4971 1602 5034 stultitia
1638 4970 1736 5035 illi
1780 4978 1954 5049 sunt,
2001 4990 2122 5037 666
2158 4977 2373 5053 661661
2414 4990 2565 5054 cogÎ‡

606 5075 876 5120 noscere
920 5053 1095 5137 quod
1137 5053 1569 5137 spiritualiter
1598 5055 2041 5121 diiudicantur
2067 5056 2131 5140 (l
2163 5054 2314 5121 Oor.
2344 5060 2401 5131 2,
2434 5059 2563 5138 14).

605 5139 874 5206 Reddat
927 5140 1069 5223 ipse
1134 5160 1388 5223 quoque
1458 5141 1648 5206 nobis
1714 5141 2064 5218 rationem,
2139 5159 2255 5204 cur
2306 5141 2403 5206 ita
2456 5141 2561 5206 sit.

600 5226 880 5311 Nempe,
912 5225 1070 5309 quia
1089 5224 1444 5291 infatuavit
1461 5225 1650 5291 Deus
1672 5224 2064 5307 sapientiam
2087 5225 2283 5291 huius
2304 5224 2558 5304 mundi,

1905 332 2437 404 RESPONSIO
2482 329 2863 399 CONTRA
2908 329 3327 399 PIGHIUM

4496 332 4618 394 248

2661 540 2790 604 quo
2834 539 2955 602 per
2994 519 3344 586 stultitiam
3388 519 3895 603 praedicationis
3940 518 4161 584 salvos
4205 517 4449 583 faceret
4483 536 4617 582 creÎ‡

2662 604 2894 670 dentes
2939 604 3003 689 (1
3034 604 3187 671 Gor.
3236 610 3288 683 l,
3328 608 3461 679 21).
3532 605 3617 669 In
3642 627 3836 689 quem
3882 603 4128 669 finem?
4202 601 4621 685 Respondeat

2663 689 2881 755 adhuc
2936 688 3111 756 idem
3163 692 3319 774 ipse.
3410 683 3507 757 Ut
3569 691 3998 757 confunderet
4056 690 4431 772 sapientum
4484 688 4618 773 glo-

2661 777 2830 841 riam
2875 775 2938 860 (1
2987 775 3135 841 Cor.
3197 781 3257 857 3,
3310 775 3440 861 18).
3532 775 3709 858 Quid
3770 777 4038 842 demum
4104 774 4258 840 inde
4322 772 4614 857 colligit?

2660 861 2763 926 Ne
2806 860 2952 945 quis
2997 882 3067 927 se
3100 863 3319 945 ipsum
3357 861 3559 927 fallat.
3652 860 3730 928 Si
3772 863 3916 945 quis
3961 861 4226 927 videtur
4268 880 4499 942 sapere
4549 859 4617 924 16

2661 946 2919 1012 66661116
2962 946 3102 1026 1166,
3144 948 3388 1014 61111166
3428 948 3565 1028 fiat,
3608 955 3696 1012 utÎ‡
3726 946 4043 1013 reddatur
4087 948 4368 1030 6661666,
4413 966 4619 1028 quan-

2661 1031 3009 1115 doquidem
3063 1033 3392 1115 sapientia
3444 1033 3676 1099 mundi
3729 1033 3929 1098 huius
3974 1031 4256 1098 stultitia
4299 1036 4404 1096 est
4444 1028 4619 1114 apud

2660 1116 2900 1182 Deum.
2988 1118 3162 1184 Ecce
3212 1119 3608 1202 pronunciat
3644 1119 3925 1198 Paulus,
3980 1118 4272 1201 primum
4314 1118 4619 1199 spiritua-

2661 1201 2743 1268 lis
2788 1203 3147 1285 sapientiae
3199 1204 3708 1270 fundamentum
3747 1225 3907 1283 esse,
3950 1201 4185 1268 mundi
4228 1203 4618 1285 sapientiam

2663 1288 2735 1352 in
2789 1288 3077 1353 nihilum
3145 1289 3374 1374 redigi.
3463 1291 3751 1357 Evomat
3814 1311 3992 1356 6666
4059 1290 4131 1352 16
4180 1309 4356 1353 Î¹611111
4418 1287 4617 1354 6116111

2663 1394 2852 1438 suam
2894 1374 3206 1458 Pighius,
3261 1375 3433 1459 quod
3486 1376 3649 1442 velit
3691 1375 4070 1440 hominibus
4113 1374 4356 1438 mentis
4399 1371 4616 1438 oculos

2661 1479 2912 1540 eruere,
2948 1458 3176 1525 bestiis
3211 1461 3427 1527 facere
3461 1461 3727 1540 similes,
3769 1458 4174 1526 morionibus
4208 1466 4614 1542 postponere.

2664 1543 2858 1626 Quod
2903 1551 3126 1611 autem
3159 1546 3359 1612 nullis
3401 1547 3472 1612 id
3493 1547 3685 1613 facilc
3707 1545 4200 1629 persuadeatur,
4228 1543 4345 1627 qui
4369 1542 4494 1610 sibi
4516 1563 4615 1608 sa-

2664 1631 2872 1714 piunt,
2917 1631 3085 1696 nihil
3129 1632 3391 1697 mirum.
3451 1631 3586 1697 Via
3616 1634 3794 1697 enim
3817 1632 3948 1697 illis
3984 1630 4326 1713 praeclusa
4347 1637 4466 1708 est,
4492 1649 4617 1711 qua

2663 1715 2803 1781 sola
2828 1723 3135 1799 poterant
3166 1716 3295 1782 huc
3316 1718 3690 1801 pervenire:
3734 1718 4117 1801 quantisper
4140 1735 4278 1781 non
4301 1715 4617 1781 damnant

2662 1802 2981 1866 stultitiae
3051 1809 3266 1867 totum
3329 1802 3522 1881 illud,
3570 1824 3696 1887 quo
3754 1804 3877 1869 sibi
3928 1803 4209 1886 placent,
4257 1799 4616 1883 sapientiae

2662 1893 3012 1969 spectrum.
3084 1888 3361 1953 Nullum
3406 1889 3585 1954 enim
3625 1895 3732 1971 est
3773 1887 4236 1953 incantationis
4282 1907 4494 1972 genus
4537 1885 4617 1951 ad

2660 1972 3080 2039 fascinandos
3116 1974 3419 2040 homines
3453 1974 3900 2058 periculosius,
3939 1994 4135 2057 quam
4156 1973 4433 2037 rationis
4469 1992 4614 2055 pro-

2660 2059 2840 2141 priae
2880 2057 3139 2123 fiducia.
3230 2059 3478 2143 Atque,
3523 2067 3601 2125 ut
3639 2059 3919 2126 breviusâ€˜
3948 2059 4177 2137 dicam,
4223 2078 4413 2123 mera
4454 2055 4617 2122 stulÎ‡

2660 2144 2809 2208 titia
2852 2153 2955 2209 est
2996 2143 3209 2227 quoad
3260 2145 3507 2223 Deum,
3565 2143 3881 2229 quidquid
3926 2165 4011 2210 ex
4060 2164 4132 2210 se
4175 2143 4373 2209 homo
4420 2143 4611 2225 sapit:

2660 2250 2862 2312 quum
2904 2238 3126 2296 autem
3171 2230 3422 2297 accedit
3465 2231 3723 2310 fiducia,
3769 2232 3847 2295 fit
3889 2229 4122 2296 rabies.
4197 2230 4365 2294 Eius
4408 2229 4524 2308 rei,
4561 2229 4613 2293 si

2660 2314 2918 2379 nullum
2981 2313 3159 2381 aliud
3210 2317 3404 2394 foret,
3474 2316 3767 2400 amplum
3833 2314 4300 2383 documentum
4367 2321 4469 2380 661
4506 2314 4615 2380 Pi-

2660 2400 2887 2484 ghius:
2935 2401 3047 2484 qui
3090 2401 3291 2468 nullis
3334 2403 3660 2485 apostolis,
3707 2401 3907 2469 nullis
3931 2400 4293 2484 scripturis,
4339 2422 4461 2466 nec
4502 2419 4615 2463 an-

2659 2485 2825 2634 {elis
2868 2487 3170 2552 omnibus
3212 2487 3616 2553 crediturum
3660 2510 3731 2554 66
3777 2509 3921 2555 6666
3971 2487 4146 2566 dicit,
4193 2486 4253 2552 si
4294 2485 4365 2552 id
4406 2487 4615 2569 ipsum

2706 2578 2955 2650 666661,
3001 2573 3073 2637 16
3118 2594 3242 2656 6116
3285 2581 3479 2656 611161
3514 2573 3891 2640 Lutherum
3935 2593 4175 2639 errare.

2833 2656 2942 2723 Ad
2974 2659 3187 2741 ipsam
3215 2658 3501 2724 Lutheri
3539 2661 3935 2725 sententiam
3969 2680 4175 2743 quum
4205 2664 4479 2723 ventum
4503 2664 4613 2735 est,

2662 2741 2745 2807 ad
2790 2741 2918 2807 duo
2953 2744 3169 2827 capita
3202 2753 3468 2812 revocat
3500 2745 3818 2828 quidquid
3857 2746 3928 2809 16
3967 2767 4045 2810 66
4088 2744 4235 2810 vult
4278 2743 4614 2808 damnare:

2663 2849 2900 2911 nempe
2959 2829 3132 2912 quod
3175 2828 3459 2895 liberum
3504 2832 3849 2897 arbitrium
3892 2829 4214 2907 docuerit,
4272 2850 4412 2894 rem
4458 2848 4616 2905 esse,

2664 2921 2815 2996 post
2848 2914 3045 2996 primi
3080 2915 3366 2980 hominis
3400 2916 3678 2999 lapsum,
3716 2916 3797 2981 de
3834 2915 3972 2983 6616
4017 2915 4230 2994 titulo,
4281 2934 4398 2979 nec
4432 2933 4618 2996 posse

2663 3019 2783 3063 nos
2827 3019 2910 3065 ex
2965 2999 3151 3065 nobis
3195 3000 3375 3066 aliud
3430 3023 3626 3084 quam
3670 3003 3956 3085 6666616.
4045 3003 4186 3067 Î66
4230 3020 4308 3065 eo
4353 3007 4619 3066 contenÎ‡

2663 3092 2804 3163 tus,
2863 3084 3188 3151 addiderit
3230 3094 3487 3171 postea,
3533 3088 3925 3172 figmentum
3969 3108 4113 3153 6666
4154 3088 4226 3152 16
4267 3086 4501 3163 166116,
4556 3089 4622 3148 61

2662 3170 2932 3235 titulum
2985 3171 3127 3236 sine
3183 3191 3286 3236 re:
3360 3172 3597 3237 deinde
3654 3173 3823 3237 nihil
3889 3174 4268 3257 contingere
4335 3169 4619 3247 fortuito,

2664 3254 2778 3320 sed
2823 3255 3118 3321 absoluta
3160 3258 3547 3323 necessitate
3590 3259 3778 3325 nobis
3822 3259 4169 3341 provenire
4212 3257 4450 3322 omnia.
4538 3254 4622 3319 In

2663 3341 2906 3425 priore,
2965 3341 3178 3407 multa
3234 3364 3386 3408 eum
3443 3344 3616 3411 male
3668 3349 3817 3424 [pag.
3856 3349 3964 3424 22]
4021 3344 4285 3409 habent.
4373 3342 4617 3418 Primo,

2665 3427 2835 3511 quod
2882 3426 3039 3491 hinc
3102 3432 3443 3511 sequatur,
3503 3430 3839 3495 hominem
3891 3437 4170 3495 naturae
4224 3427 4485 3494 viribus
4542 3424 4623 3492 ad

2661 3511 3105 3595 recipiendam
3148 3512 3280 3579 Dei
3335 3516 3621 3598 gratiam
3679 3536 3749 3581 66
3806 3535 4196 3598 6166661616
4238 3534 4375 3578 666
4416 3532 4618 3595 posse.

2661 3598 2923 3664 Deinde
2974 3605 3281 3664 naturam
3327 3608 3621 3666 nostram
3648 3601 3971 3667 vitiosam
4013 3601 4158 3665 fieri
4175 3650 4191 3678 ,
4261 3601 4394 3664 imo
4437 3597 4620 3681 quasi

2664 3685 2894 3750 haberi
2960 3705 3077 3767 pro
3136 3685 3361 3751 nihilo.
3454 3685 3563 3750 Ad
3621 3686 3817 3765 haec,
3880 3686 4047 3771 legis
4100 3684 4617 3751 observationem

2663 3769 3135 3852 impossibilem
3180 3769 3364 3837 nobis
3400 3792 3560 3850 6666,
3606 3779 3673 3837 61
3706 3792 3826 3838 666
3861 3791 4130 3854 6666616
4173 3770 4617 3845 nihilominus,

2666 3877 2802 3920 666
2867 3854 3192 3920 servando
3265 3856 3438 3939 quod
3505 3857 3889 3923 facultatem
3969 3863 4267 3923 nostram
4337 3859 4616 3938 superat.

2669 3940 2955 4023 Quarto,
3012 3942 3164 4024 quia
3218 3941 3373 4006 huic
3415 3963 3749 4007 annexum
3808 3944 3897 4008 sit
3940 3941 4181 4026 dogma
4224 3941 4305 4007 116
4350 3947 4612 4024 peccato

2668 4026 2972 4111 originali
3016 4033 3334 4106 nostrum,
3381 4027 3505 4093 hoc
3540 4037 3642 4093 est
3676 4027 4032 4094 catholicae
4068 4028 4405 4094 ecclesiae:
4453 4022 4622 4108 quod

2668 4115 2810 4195 1666
2864 4111 3310 4195 prodigiosum
3366 4113 3680 4178 nominat.
3773 4112 4054 4195 Quinte,
4113 4133 4386 4197 peccare
4430 4112 4622 4177 etiam

2667 4200 2739 4264 in
2782 4197 3086 4280 operibus
3120 4197 3310 4263 bonis
3352 4198 3578 4278 iustos,
3625 4206 3694 4264 et
3735 4198 3905 4264 bona
3929 4219 4129 4282 opera
4155 4198 4446 4264 venialia
4486 4195 4623 4280 qui-

2672 4284 2820 4349 dem
2865 4282 3228 4349 secundum
3270 4283 3788 4350 misericordiam
3826 4285 3987 4363 Dei,
4050 4283 4166 4350 sed
4210 4305 4295 4349 ex
4339 4305 4413 4349 66
4454 4302 4625 4346 mor-

2669 4369 2830 4435 talia
2894 4389 3038 4434 esse
3095 4375 3377 4451 peccata.
3468 4370 3599 4435 Hic
3655 4370 4022 4436 admonitos
4076 4370 4275 4435 velim
4330 4368 4624 4444 lectores,

2670 4476 2872 4520 unam
2910 4453 3305 4520 cantilenam
3340 4454 3700 4521 identidem
3736 4456 4028 4522 recinere
4062 4454 4399 4538 Pighium.
4460 4452 4631 4535 Quia

2671 4540 2876 4625 igitur
2917 4540 3170 4622 reliqua
3224 4541 3445 4605 omnia
3498 4562 3615 4607 suo
3658 4541 3802 4607 loco
3892 4549 4073 4606 ostea
4115 4546 4494 4617 recurrent,
4549 4536 4629 4602 de

2718 4632 3000 4691 ostremo
3038 4625 3145 4691 hic
3190 4632 3450 4690 tantum
3495 4626 3727 4692 dicam.
3884 4626 4011 4691 11611
4056 4626 4137 4692 116
4182 4627 4371 4692 66616
4415 4622 4629 4708 operiÎ‡

2669 4650 2795 4778 bus
2838 4712 2931 4777 sic
2974 4710 3284 4794 loquutus
3327 4719 3427 4777 est
3469 4713 3813 4777 Lutherus
3854 4733 3931 4777 eo
3974 4733 4106 4777 666
4150 4709 4512 4795 spectabat,
4555 4716 4633 4772 ut

2672 4819 2857 4864 suam
2910 4797 3041 4863 illis
3107 4796 3371 4862 laudem
3390 4849 3406 4876 ,
3474 4818 3795 4881 suumque
3858 4818 4078 4864 coram
4134 4795 4280 4862 Deo
4343 4795 4633 4880 pretium

2670 4884 3005 4949 adimeret.
3093 4883 3324 4967 Neque
3367 4884 3544 4948 enim
3587 4884 3859 4967 negavit
3894 4903 4204 4966 unquam,
4251 4888 4368 4947 aut
4411 4882 4635 4946 Deum

2672 4991 2751 5036 ea
2793 4968 3035 5035 habere
3077 4976 3370 5051 accepta,
3430 4975 3545 5034 aut
3581 4968 3953 5036 mercedem
4007 4967 4458 5047 redditurum,
4517 4963 4637 5032 sed

2673 5054 3018 5120 ostendere
3060 5054 3253 5119 modo
3296 5054 3532 5133 voluit,
3575 5055 3733 5139 quid
3773 5054 4073 5132 valeant,
4118 5055 4178 5119 61
4220 5074 4305 5118 ex
4350 5074 4452 5131 se,
4496 5072 4637 5116 666

2676 5148 2953 5223 paterna
2996 5141 3124 5203 Dei
3169 5140 3573 5224 benignitate
3589 5192 3603 5218 ,
3659 5140 4111 5206 aestimentur.
4200 5139 4476 5206 Gertu'm
4532 5143 4640 5202 661

2680 5233 2922 5302 61116111,
2966 5245 3099 5290 non
3139 5224 3458 5309 dignitate
3500 5226 3767 5310 propria
3808 5225 4066 5309 placere
4107 5225 4272 5304 Deo,
4317 5221 4641 5309 quidquid
