<?xml version="1.0" encoding="UTF-8"?>
<!DOCTYPE html PUBLIC "-//W3C//DTD XHTML 1.0 Transitional//EN"
    "http://www.w3.org/TR/xhtml1/DTD/xhtml1-transitional.dtd">
<html xmlns="http://www.w3.org/1999/xhtml" xml:lang="en" lang="en">
 <head>
  <title>
</title>
<meta http-equiv="Content-Type" content="text/html;charset=utf-8" />
  <meta name='ocr-system' content='tesseract 3.04.00' />
  <meta name='ocr-capabilities' content='ocr_page ocr_carea ocr_par ocr_line ocrx_word'/>
</head>
<body>
  <div class='ocr_page' id='page_1' title='image "./ioanniscalvinio02unkngoog_0159.png"; bbox 0 0 4967 5992; ppageno 0'>
   <div class='ocr_carea' id='block_1_1' title="bbox 365 345 4401 422">
    <p class='ocr_par' dir='ltr' id='par_1_1' title="bbox 365 345 4401 422">
     <span class='ocr_line' id='line_1_1' title="bbox 365 345 4401 422; baseline 0.001 -8"><span class='ocrx_word' id='word_1_1' title='bbox 365 345 483 414; x_wconf 83' lang='grc'><strong>241</strong></span> <span class='ocrx_word' id='word_1_2' title='bbox 1850 349 1980 415; x_wconf 79' lang='grc' dir='ltr'><strong>ΒΕ</strong></span> <span class='ocrx_word' id='word_1_3' title='bbox 2024 347 2380 416; x_wconf 85' lang='lat' dir='ltr'><strong>LIBERO</strong></span> <span class='ocrx_word' id='word_1_4' title='bbox 2424 348 2898 418; x_wconf 77' lang='lat' dir='ltr'><strong>ARBITRIO.</strong></span> <span class='ocrx_word' id='word_1_5' title='bbox 4273 356 4401 422; x_wconf 79' lang='lat'><strong>242</strong></span> 
     </span>
    </p>
   </div>
   <div class='ocr_carea' id='block_1_2' title="bbox 363 533 2334 3276">
    <p class='ocr_par' dir='ltr' id='par_1_2' title="bbox 363 533 2332 880">
     <span class='ocr_line' id='line_1_2' title="bbox 365 533 2331 622; baseline 0 -19"><span class='ocrx_word' id='word_1_6' title='bbox 365 538 485 603; x_wconf 91' lang='lat' dir='ltr'><strong>sit:</strong></span> <span class='ocrx_word' id='word_1_7' title='bbox 529 543 597 602; x_wconf 92' lang='lat' dir='ltr'><strong>et</strong></span> <span class='ocrx_word' id='word_1_8' title='bbox 639 556 842 619; x_wconf 91' lang='lat' dir='ltr'><strong>quum</strong></span> <span class='ocrx_word' id='word_1_9' title='bbox 886 533 1224 600; x_wconf 81' lang='lat' dir='ltr'><strong>videretur</strong></span> <span class='ocrx_word' id='word_1_10' title='bbox 1268 534 1631 618; x_wconf 87' lang='lat' dir='ltr'><strong>desperata,</strong></span> <span class='ocrx_word' id='word_1_11' title='bbox 1680 558 1764 602; x_wconf 88' lang='lat' dir='ltr'><strong>ex</strong></span> <span class='ocrx_word' id='word_1_12' title='bbox 1807 537 1951 622; x_wconf 89' lang='lat' dir='ltr'><strong>ipse</strong></span> <span class='ocrx_word' id='word_1_13' title='bbox 2004 538 2192 621; x_wconf 89' lang='lat' dir='ltr'><strong>quasi</strong></span> <span class='ocrx_word' id='word_1_14' title='bbox 2227 538 2331 603; x_wconf 89' lang='lat' dir='ltr'><strong>in-</strong></span> 
     </span>
     <span class='ocr_line' id='line_1_3' title="bbox 364 621 2332 689; baseline 0.001 -1"><span class='ocrx_word' id='word_1_15' title='bbox 364 623 565 688; x_wconf 89' lang='lat' dir='ltr'><strong>teritu</strong></span> <span class='ocrx_word' id='word_1_16' title='bbox 599 621 994 686; x_wconf 77' lang='lat' dir='ltr'>liberaverit.</span> <span class='ocrx_word' id='word_1_17' title='bbox 1027 653 1034 660; x_wconf 92' lang='lat'><strong>·</strong></span> <span class='ocrx_word' id='word_1_18' title='bbox 1085 621 1191 686; x_wconf 83' lang='lat' dir='ltr'><strong>Ex</strong></span> <span class='ocrx_word' id='word_1_19' title='bbox 1236 621 1348 687; x_wconf 92' lang='lat' dir='ltr'><strong>illo</strong></span> <span class='ocrx_word' id='word_1_20' title='bbox 1383 622 1559 687; x_wconf 91' lang='lat' dir='ltr'><strong>enim</strong></span> <span class='ocrx_word' id='word_1_21' title='bbox 1604 624 1852 689; x_wconf 90' lang='lat' dir='ltr'><strong>semine</strong></span> <span class='ocrx_word' id='word_1_22' title='bbox 1897 624 2187 689; x_wconf 88' lang='lat' dir='ltr'><strong>excitata</strong></span> <span class='ocrx_word' id='word_1_23' title='bbox 2231 632 2332 689; x_wconf 89' lang='lat' dir='ltr'><strong>est</strong></span> 
     </span>
     <span class='ocr_line' id='line_1_4' title="bbox 363 706 2327 789; baseline 0 -15"><span class='ocrx_word' id='word_1_24' title='bbox 363 707 527 774; x_wconf 87' lang='lat' dir='ltr'><strong>haec</strong></span> <span class='ocrx_word' id='word_1_25' title='bbox 570 707 832 786; x_wconf 90' lang='lat' dir='ltr'><strong>messis,</strong></span> <span class='ocrx_word' id='word_1_26' title='bbox 879 727 1078 789; x_wconf 88' lang='lat' dir='ltr'><strong>quam</strong></span> <span class='ocrx_word' id='word_1_27' title='bbox 1129 706 1324 772; x_wconf 90' lang='lat' dir='ltr'><strong>hodie</strong></span> <span class='ocrx_word' id='word_1_28' title='bbox 1367 707 1717 774; x_wconf 89' lang='lat' dir='ltr'><strong>cernimus.</strong></span> <span class='ocrx_word' id='word_1_29' title='bbox 1805 710 1939 775; x_wconf 85' lang='lat' dir='ltr'><strong>Eat</strong></span> <span class='ocrx_word' id='word_1_30' title='bbox 1992 731 2169 776; x_wconf 88' lang='lat' dir='ltr'><strong>nunc</strong></span> <span class='ocrx_word' id='word_1_31' title='bbox 2214 710 2327 775; x_wconf 88' lang='lat' dir='ltr'><strong>Pi-</strong></span> 
     </span>
     <span class='ocr_line' id='line_1_5' title="bbox 365 791 2328 880; baseline 0.001 -21"><span class='ocrx_word' id='word_1_32' title='bbox 365 794 582 880; x_wconf 91' lang='lat' dir='ltr'><strong>ghius,</strong></span> <span class='ocrx_word' id='word_1_33' title='bbox 629 800 696 858; x_wconf 90' lang='lat' dir='ltr'><strong>et</strong></span> <span class='ocrx_word' id='word_1_34' title='bbox 719 791 1061 858; x_wconf 77' lang='lat' dir='ltr'>Christum</span> <span class='ocrx_word' id='word_1_35' title='bbox 1105 791 1430 858; x_wconf 85' lang='lat' dir='ltr'><strong>mendacii</strong></span> <span class='ocrx_word' id='word_1_36' title='bbox 1466 803 1581 858; x_wconf 89' lang='lat' dir='ltr'><strong>aut</strong></span> <span class='ocrx_word' id='word_1_37' title='bbox 1601 792 1913 877; x_wconf 82' lang='lat' dir='ltr'><strong>perfidiae</strong></span> <span class='ocrx_word' id='word_1_38' title='bbox 1948 795 2069 861; x_wconf 91' lang='lat' dir='ltr'><strong>sub</strong></span> <span class='ocrx_word' id='word_1_39' title='bbox 2104 803 2328 861; x_wconf 88' lang='lat' dir='ltr'><strong>nostra</strong></span> 
     </span>
    </p>

    <p class='ocr_par' dir='ltr' id='par_1_3' title="bbox 369 877 2331 1560">
     <span class='ocr_line' id='line_1_6' title="bbox 451 877 2328 961; baseline 0.001 -16"><span class='ocrx_word' id='word_1_40' title='bbox 451 899 681 956; x_wconf 86' lang='lat' dir='ltr'><strong>rsona,</strong></span> <span class='ocrx_word' id='word_1_41' title='bbox 726 899 810 943; x_wconf 90' lang='lat' dir='ltr'><strong>ex</strong></span> <span class='ocrx_word' id='word_1_42' title='bbox 845 877 1111 961; x_wconf 89' lang='lat' dir='ltr'><strong>proprio</strong></span> <span class='ocrx_word' id='word_1_43' title='bbox 1154 885 1379 944; x_wconf 90' lang='lat' dir='ltr'><strong>autem</strong></span> <span class='ocrx_word' id='word_1_44' title='bbox 1422 879 1624 944; x_wconf 89' lang='lat' dir='ltr'><strong>animi</strong></span> <span class='ocrx_word' id='word_1_45' title='bbox 1669 884 1773 945; x_wconf 88' lang='lat' dir='ltr'><strong>sui</strong></span> <span class='ocrx_word' id='word_1_46' title='bbox 1813 901 2009 946; x_wconf 89' lang='lat' dir='ltr'><strong>sensu</strong></span> <span class='ocrx_word' id='word_1_47' title='bbox 2049 881 2328 946; x_wconf 91' lang='lat' dir='ltr'><strong>insimu-</strong></span> 
     </span>
     <span class='ocr_line' id='line_1_7' title="bbox 394 962 2328 1050; baseline 0.001 -20"><span class='ocrx_word' id='word_1_48' title='bbox 394 975 490 1031; x_wconf 88' lang='lat' dir='ltr'><strong>et:</strong></span> <span class='ocrx_word' id='word_1_49' title='bbox 550 962 722 1047; x_wconf 91' lang='lat' dir='ltr'><strong>quod</strong></span> <span class='ocrx_word' id='word_1_50' title='bbox 777 985 981 1046; x_wconf 89' lang='lat' dir='ltr'><strong>quum</strong></span> <span class='ocrx_word' id='word_1_51' title='bbox 1036 964 1362 1048; x_wconf 86' lang='lat' dir='ltr'><strong>evangelii</strong></span> <span class='ocrx_word' id='word_1_52' title='bbox 1419 964 1521 1030; x_wconf 90' lang='lat' dir='ltr'><strong>sui</strong></span> <span class='ocrx_word' id='word_1_53' title='bbox 1569 973 2015 1050; x_wconf 89' lang='lat' dir='ltr'><strong>contemptum</strong></span> <span class='ocrx_word' id='word_1_54' title='bbox 2060 968 2328 1032; x_wconf 84' lang='lat' dir='ltr'><strong>univer-</strong></span> 
     </span>
     <span class='ocr_line' id='line_1_8' title="bbox 369 1047 2328 1133; baseline 0 -16"><span class='ocrx_word' id='word_1_55' title='bbox 369 1050 492 1117; x_wconf 90' lang='lat' dir='ltr'><strong>sali</strong></span> <span class='ocrx_word' id='word_1_56' title='bbox 538 1070 739 1133; x_wconf 89' lang='lat' dir='ltr'><strong>prope</strong></span> <span class='ocrx_word' id='word_1_57' title='bbox 779 1047 1012 1113; x_wconf 89' lang='lat' dir='ltr'><strong>mundi</strong></span> <span class='ocrx_word' id='word_1_58' title='bbox 1055 1051 1511 1115; x_wconf 76' lang='lat' dir='ltr'><strong>excaecatione</strong></span> <span class='ocrx_word' id='word_1_59' title='bbox 1552 1050 1939 1130; x_wconf 84' lang='lat' dir='ltr'><strong>vindicaret,</strong></span> <span class='ocrx_word' id='word_1_60' title='bbox 1986 1051 2328 1119; x_wconf 89' lang='lat' dir='ltr'><strong>ecelesiam</strong></span> 
     </span>
     <span class='ocr_line' id='line_1_9' title="bbox 369 1134 2326 1220; baseline 0.001 -19"><span class='ocrx_word' id='word_1_61' title='bbox 369 1144 596 1202; x_wconf 88' lang='lat' dir='ltr'><strong>tamen</strong></span> <span class='ocrx_word' id='word_1_62' title='bbox 654 1155 845 1201; x_wconf 89' lang='lat' dir='ltr'><strong>suam</strong></span> <span class='ocrx_word' id='word_1_63' title='bbox 898 1134 1046 1200; x_wconf 92' lang='lat' dir='ltr'><strong>luce</strong></span> <span class='ocrx_word' id='word_1_64' title='bbox 1107 1134 1409 1201; x_wconf 84' lang='lat' dir='ltr'><strong>veritatis</strong></span> <span class='ocrx_word' id='word_1_65' title='bbox 1474 1156 1549 1201; x_wconf 85' lang='lat' dir='ltr'><strong>ac</strong></span> <span class='ocrx_word' id='word_1_66' title='bbox 1603 1137 1778 1202; x_wconf 84' lang='lat' dir='ltr'><strong>vitae</strong></span> <span class='ocrx_word' id='word_1_67' title='bbox 1834 1159 2172 1220; x_wconf 89' lang='lat' dir='ltr'><strong>nunquam</strong></span> <span class='ocrx_word' id='word_1_68' title='bbox 2225 1138 2326 1202; x_wconf 91' lang='lat' dir='ltr'><strong>in·</strong></span> 
     </span>
     <span class='ocr_line' id='line_1_10' title="bbox 370 1218 2326 1305; baseline -0.001 -16"><span class='ocrx_word' id='word_1_69' title='bbox 370 1229 555 1289; x_wconf 88' lang='lat' dir='ltr'><strong>terea</strong></span> <span class='ocrx_word' id='word_1_70' title='bbox 612 1220 997 1286; x_wconf 91' lang='lat' dir='ltr'><strong>destituerit.</strong></span> <span class='ocrx_word' id='word_1_71' title='bbox 1088 1218 1256 1285; x_wconf 90' lang='lat' dir='ltr'><strong>Sed·</strong></span> <span class='ocrx_word' id='word_1_72' title='bbox 1283 1221 1461 1288; x_wconf 89' lang='lat' dir='ltr'><strong>enim</strong></span> <span class='ocrx_word' id='word_1_73' title='bbox 1507 1242 1626 1305; x_wconf 88' lang='lat' dir='ltr'><strong>ego</strong></span> <span class='ocrx_word' id='word_1_74' title='bbox 1690 1221 1848 1288; x_wconf 90' lang='lat' dir='ltr'><strong>inde</strong></span> <span class='ocrx_word' id='word_1_75' title='bbox 1903 1223 2326 1288; x_wconf 76' lang='lat' dir='ltr'>illustriorem</span> 
     </span>
     <span class='ocr_line' id='line_1_11' title="bbox 370 1304 2331 1393; baseline -0.001 -20"><span class='ocrx_word' id='word_1_76' title='bbox 370 1308 513 1374; x_wconf 89' lang='lat' dir='ltr'><strong>eius</strong></span> <span class='ocrx_word' id='word_1_77' title='bbox 563 1306 761 1371; x_wconf 89' lang='lat' dir='ltr'><strong>fidem</strong></span> <span class='ocrx_word' id='word_1_78' title='bbox 816 1304 1141 1371; x_wconf 79' lang='lat' dir='ltr'><strong>redditam</strong></span> <span class='ocrx_word' id='word_1_79' title='bbox 1194 1306 1392 1371; x_wconf 89' lang='lat' dir='ltr'><strong>fuisse</strong></span> <span class='ocrx_word' id='word_1_80' title='bbox 1449 1328 1761 1391; x_wconf 87' lang='lat' dir='ltr'><strong>agnosco,</strong></span> <span class='ocrx_word' id='word_1_81' title='bbox 1836 1308 2008 1392; x_wconf 91' lang='lat' dir='ltr'><strong>quod</strong></span> <span class='ocrx_word' id='word_1_82' title='bbox 2064 1331 2182 1393; x_wconf 90' lang='lat' dir='ltr'><strong>per</strong></span> <span class='ocrx_word' id='word_1_83' title='bbox 2234 1317 2331 1374; x_wconf 89' lang='lat' dir='ltr'><strong>tot</strong></span> 
     </span>
     <span class='ocr_line' id='line_1_12' title="bbox 371 1389 2328 1476; baseline 0.001 -18"><span class='ocrx_word' id='word_1_84' title='bbox 371 1389 799 1470; x_wconf 85' lang='lat' dir='ltr'><strong>offendicula,</strong></span> <span class='ocrx_word' id='word_1_85' title='bbox 867 1398 1134 1474; x_wconf 88' lang='lat' dir='ltr'><strong>praeter</strong></span> <span class='ocrx_word' id='word_1_86' title='bbox 1179 1412 1364 1476; x_wconf 88' lang='lat' dir='ltr'><strong>spem</strong></span> <span class='ocrx_word' id='word_1_87' title='bbox 1419 1394 1712 1458; x_wconf 90' lang='lat' dir='ltr'><strong>omnium</strong></span> <span class='ocrx_word' id='word_1_88' title='bbox 1765 1394 2139 1474; x_wconf 90' lang='lat' dir='ltr'><strong>hominum,</strong></span> <span class='ocrx_word' id='word_1_89' title='bbox 2205 1396 2328 1461; x_wconf 90' lang='lat' dir='ltr'><strong>sibi</strong></span> 
     </span>
     <span class='ocr_line' id='line_1_13' title="bbox 371 1477 1665 1560; baseline -0.002 -15"><span class='ocrx_word' id='word_1_90' title='bbox 371 1480 554 1545; x_wconf 79' lang='lat' dir='ltr'><strong>viam</strong></span> <span class='ocrx_word' id='word_1_91' title='bbox 596 1477 841 1555; x_wconf 88' lang='lat' dir='ltr'><strong>fecerit,</strong></span> <span class='ocrx_word' id='word_1_92' title='bbox 879 1481 954 1541; x_wconf 89' lang='lat' dir='ltr'><strong>ut</strong></span> <span class='ocrx_word' id='word_1_93' title='bbox 995 1479 1188 1542; x_wconf 91' lang='lat' dir='ltr'><strong>firma</strong></span> <span class='ocrx_word' id='word_1_94' title='bbox 1231 1487 1665 1560; x_wconf 79' lang='lat' dir='ltr'><strong>permaneret.</strong></span> 
     </span>
    </p>

    <p class='ocr_par' dir='ltr' id='par_1_4' title="bbox 366 1561 2330 1988">
     <span class='ocr_line' id='line_1_14' title="bbox 546 1561 2328 1647; baseline 0.002 -19"><span class='ocrx_word' id='word_1_95' title='bbox 546 1563 650 1628; x_wconf 90' lang='lat' dir='ltr'><strong>Ne</strong></span> <span class='ocrx_word' id='word_1_96' title='bbox 695 1571 920 1627; x_wconf 91' lang='lat' dir='ltr'><strong>tamen</strong></span> <span class='ocrx_word' id='word_1_97' title='bbox 983 1563 1055 1626; x_wconf 89' lang='lat' dir='ltr'><strong>in</strong></span> <span class='ocrx_word' id='word_1_98' title='bbox 1115 1561 1457 1628; x_wconf 88' lang='lat' dir='ltr'><strong>retinendo</strong></span> <span class='ocrx_word' id='word_1_99' title='bbox 1527 1584 1647 1630; x_wconf 91' lang='lat' dir='ltr'><strong>suo</strong></span> <span class='ocrx_word' id='word_1_100' title='bbox 1704 1566 1878 1644; x_wconf 90' lang='lat' dir='ltr'><strong>iure,</strong></span> <span class='ocrx_word' id='word_1_101' title='bbox 1942 1565 2052 1631; x_wconf 84' lang='lat' dir='ltr'><strong>vel</strong></span> <span class='ocrx_word' id='word_1_102' title='bbox 2110 1564 2328 1647; x_wconf 92' lang='lat' dir='ltr'><strong>potius</strong></span> 
     </span>
     <span class='ocr_line' id='line_1_15' title="bbox 369 1646 2327 1732; baseline 0.001 -17"><span class='ocrx_word' id='word_1_103' title='bbox 369 1649 643 1727; x_wconf 89' lang='lat' dir='ltr'><strong>iniuria,</strong></span> <span class='ocrx_word' id='word_1_104' title='bbox 687 1646 998 1713; x_wconf 81' lang='lat' dir='ltr'><strong>videatur</strong></span> <span class='ocrx_word' id='word_1_105' title='bbox 1035 1648 1366 1731; x_wconf 91' lang='lat' dir='ltr'><strong>impendio</strong></span> <span class='ocrx_word' id='word_1_106' title='bbox 1410 1650 1862 1732; x_wconf 71' lang='lat' dir='ltr'><strong>praefractior,</strong></span> <span class='ocrx_word' id='word_1_107' title='bbox 1919 1650 2187 1716; x_wconf 90' lang='lat' dir='ltr'><strong>tandem</strong></span> <span class='ocrx_word' id='word_1_108' title='bbox 2230 1652 2327 1717; x_wconf 88' lang='lat' dir='ltr'><strong>fa-</strong></span> 
     </span>
     <span class='ocr_line' id='line_1_16' title="bbox 368 1731 2328 1820; baseline 0.001 -19"><span class='ocrx_word' id='word_1_109' title='bbox 368 1741 552 1801; x_wconf 85' lang='lat' dir='ltr'><strong>tetur</strong></span> <span class='ocrx_word' id='word_1_110' title='bbox 605 1734 971 1816; x_wconf 78' lang='lat' dir='ltr'><strong>obrepsisse</strong></span> <span class='ocrx_word' id='word_1_111' title='bbox 1026 1731 1272 1800; x_wconf 88' lang='lat' dir='ltr'><strong>abusus</strong></span> <span class='ocrx_word' id='word_1_112' title='bbox 1326 1734 1399 1799; x_wconf 94' lang='lat' dir='ltr'><strong>in</strong></span> <span class='ocrx_word' id='word_1_113' title='bbox 1457 1735 1824 1817; x_wconf 89' lang='lat' dir='ltr'><strong>ecclesiam,</strong></span> <span class='ocrx_word' id='word_1_114' title='bbox 1880 1757 2042 1820; x_wconf 90' lang='lat' dir='ltr'><strong>quos</strong></span> <span class='ocrx_word' id='word_1_115' title='bbox 2100 1757 2328 1803; x_wconf 87' lang='lat' dir='ltr'><strong>omnes</strong></span> 
     </span>
     <span class='ocr_line' id='line_1_17' title="bbox 367 1817 2330 1907; baseline 0.002 -22"><span class='ocrx_word' id='word_1_116' title='bbox 367 1821 463 1905; x_wconf 93' lang='lat' dir='ltr'><strong>pii</strong></span> <span class='ocrx_word' id='word_1_117' title='bbox 508 1826 830 1887; x_wconf 88' lang='lat' dir='ltr'><strong>correctos</strong></span> <span class='ocrx_word' id='word_1_118' title='bbox 873 1819 1161 1902; x_wconf 89' lang='lat' dir='ltr'><strong>cupiant.</strong></span> <span class='ocrx_word' id='word_1_119' title='bbox 1234 1817 1370 1885; x_wconf 88' lang='lat' dir='ltr'><strong>Sed</strong></span> <span class='ocrx_word' id='word_1_120' title='bbox 1414 1820 1680 1886; x_wconf 89' lang='lat' dir='ltr'><strong>modum</strong></span> <span class='ocrx_word' id='word_1_121' title='bbox 1726 1822 2095 1907; x_wconf 90' lang='lat' dir='ltr'><strong>corrigendi</strong></span> <span class='ocrx_word' id='word_1_122' title='bbox 2134 1823 2330 1907; x_wconf 89' lang='lat' dir='ltr'><strong>longe</strong></span> 
     </span>
     <span class='ocr_line' id='line_1_18' title="bbox 366 1904 2328 1988; baseline 0.001 -16"><span class='ocrx_word' id='word_1_123' title='bbox 366 1906 452 1972; x_wconf 91' lang='lat' dir='ltr'><strong>ab</strong></span> <span class='ocrx_word' id='word_1_124' title='bbox 508 1926 584 1971; x_wconf 92' lang='lat' dir='ltr'><strong>eo</strong></span> <span class='ocrx_word' id='word_1_125' title='bbox 636 1904 973 1971; x_wconf 86' lang='lat' dir='ltr'><strong>diversum</strong></span> <span class='ocrx_word' id='word_1_126' title='bbox 1014 1925 1175 1984; x_wconf 88' lang='lat' dir='ltr'><strong>esse,</strong></span> <span class='ocrx_word' id='word_1_127' title='bbox 1221 1927 1411 1988; x_wconf 90' lang='lat' dir='ltr'><strong>quem</strong></span> <span class='ocrx_word' id='word_1_128' title='bbox 1457 1908 1878 1973; x_wconf 75' lang='lat' dir='ltr'><strong>tentavimus,</strong></span> <span class='ocrx_word' id='word_1_129' title='bbox 1967 1908 2113 1973; x_wconf 86' lang='lat' dir='ltr'><strong>Has</strong></span> <span class='ocrx_word' id='word_1_130' title='bbox 2152 1909 2328 1973; x_wconf 89' lang='lat' dir='ltr'><strong>enim</strong></span> 
     </span>
    </p>

    <p class='ocr_par' dir='ltr' id='par_1_5' title="bbox 367 1991 2334 3276">
     <span class='ocr_line' id='line_1_19' title="bbox 417 1991 2328 2074; baseline 0.001 -17"><span class='ocrx_word' id='word_1_131' title='bbox 417 1997 713 2058; x_wconf 85' lang='lat' dir='ltr'><strong>astorum</strong></span> <span class='ocrx_word' id='word_1_132' title='bbox 757 2010 901 2056; x_wconf 91' lang='lat' dir='ltr'><strong>esse</strong></span> <span class='ocrx_word' id='word_1_133' title='bbox 940 2007 1190 2074; x_wconf 76' lang='lat' dir='ltr'><strong>parteS,</strong></span> <span class='ocrx_word' id='word_1_134' title='bbox 1249 1992 1484 2073; x_wconf 91' lang='lat' dir='ltr'><strong>quibus</strong></span> <span class='ocrx_word' id='word_1_135' title='bbox 1525 1991 1903 2059; x_wconf 78' lang='lat' dir='ltr'><strong>facultatem</strong></span> <span class='ocrx_word' id='word_1_136' title='bbox 1945 2015 2065 2060; x_wconf 92' lang='lat' dir='ltr'><strong>nos</strong></span> <span class='ocrx_word' id='word_1_137' title='bbox 2109 2002 2328 2059; x_wconf 90' lang='lat' dir='ltr'><strong>sustu-</strong></span> 
     </span>
     <span class='ocr_line' id='line_1_20' title="bbox 367 2015 2327 2164; baseline -0.001 -20"><span class='ocrx_word' id='word_1_138' title='bbox 367 2015 528 2144; x_wconf 66' lang='lat' dir='ltr'><strong>fisse</strong></span> <span class='ocrx_word' id='word_1_139' title='bbox 584 2077 898 2160; x_wconf 82' lang='lat' dir='ltr'><strong>queritur.</strong></span> <span class='ocrx_word' id='word_1_140' title='bbox 999 2075 1262 2150; x_wconf 88' lang='lat' dir='ltr'><strong>Deinde</strong></span> <span class='ocrx_word' id='word_1_141' title='bbox 1316 2077 1633 2143; x_wconf 88' lang='lat' dir='ltr'><strong>eiusmodi</strong></span> <span class='ocrx_word' id='word_1_142' title='bbox 1689 2080 1852 2145; x_wconf 85' lang='lat' dir='ltr'><strong>vitia</strong></span> <span class='ocrx_word' id='word_1_143' title='bbox 1906 2099 2050 2144; x_wconf 89' lang='lat' dir='ltr'><strong>esse</strong></span> <span class='ocrx_word' id='word_1_144' title='bbox 2110 2087 2327 2164; x_wconf 86' lang='lat' dir='ltr'><strong>negat,</strong></span> 
     </span>
     <span class='ocr_line' id='line_1_21' title="bbox 370 2159 2329 2247; baseline 0.001 -18"><span class='ocrx_word' id='word_1_145' title='bbox 370 2184 651 2247; x_wconf 88' lang='lat' dir='ltr'><strong>quorum</strong></span> <span class='ocrx_word' id='word_1_146' title='bbox 694 2181 895 2228; x_wconf 88' lang='lat' dir='ltr'><strong>causa</strong></span> <span class='ocrx_word' id='word_1_147' title='bbox 937 2159 1353 2227; x_wconf 86' lang='lat' dir='ltr'><strong>debuerimus</strong></span> <span class='ocrx_word' id='word_1_148' title='bbox 1393 2162 1609 2228; x_wconf 89' lang='lat' dir='ltr'><strong>facere</strong></span> <span class='ocrx_word' id='word_1_149' title='bbox 1643 2164 1724 2229; x_wconf 91' lang='lat' dir='ltr'><strong>ab</strong></span> <span class='ocrx_word' id='word_1_150' title='bbox 1771 2164 2044 2230; x_wconf 90' lang='lat' dir='ltr'><strong>ecclesia</strong></span> <span class='ocrx_word' id='word_1_151' title='bbox 2089 2164 2329 2231; x_wconf 89' lang='lat' dir='ltr'><strong>disces-</strong></span> 
     </span>
     <span class='ocr_line' id='line_1_22' title="bbox 370 2247 2329 2330; baseline 0 -15"><span class='ocrx_word' id='word_1_152' title='bbox 370 2249 645 2316; x_wconf 89' lang='lat' dir='ltr'><strong>sionem.</strong></span> <span class='ocrx_word' id='word_1_153' title='bbox 734 2247 873 2313; x_wconf 89' lang='lat' dir='ltr'><strong>Nos</strong></span> <span class='ocrx_word' id='word_1_154' title='bbox 938 2247 1116 2312; x_wconf 90' lang='lat' dir='ltr'><strong>enim</strong></span> <span class='ocrx_word' id='word_1_155' title='bbox 1180 2247 1352 2330; x_wconf 90' lang='lat' dir='ltr'><strong>qued</strong></span> <span class='ocrx_word' id='word_1_156' title='bbox 1408 2255 1618 2313; x_wconf 89' lang='lat' dir='ltr'><strong>totum</strong></span> <span class='ocrx_word' id='word_1_157' title='bbox 1688 2251 1912 2315; x_wconf 91' lang='lat' dir='ltr'><strong>orbem</strong></span> <span class='ocrx_word' id='word_1_158' title='bbox 1964 2250 2329 2316; x_wconf 84' lang='lat' dir='ltr'><strong>turbaveri-</strong></span> 
     </span>
     <span class='ocr_line' id='line_1_23' title="bbox 369 2330 2328 2416; baseline 0.002 -17"><span class='ocrx_word' id='word_1_159' title='bbox 369 2355 549 2413; x_wconf 92' lang='lat' dir='ltr'><strong>mus,</strong></span> <span class='ocrx_word' id='word_1_160' title='bbox 608 2330 783 2416; x_wconf 92' lang='lat' dir='ltr'><strong>quod</strong></span> <span class='ocrx_word' id='word_1_161' title='bbox 827 2333 909 2398; x_wconf 89' lang='lat' dir='ltr'><strong>ab</strong></span> <span class='ocrx_word' id='word_1_162' title='bbox 956 2332 1267 2399; x_wconf 88' lang='lat' dir='ltr'><strong>ecclesiae</strong></span> <span class='ocrx_word' id='word_1_163' title='bbox 1313 2333 1571 2399; x_wconf 89' lang='lat' dir='ltr'><strong>unitate</strong></span> <span class='ocrx_word' id='word_1_164' title='bbox 1617 2334 2105 2415; x_wconf 83' lang='lat' dir='ltr'><strong>desciverimus,</strong></span> <span class='ocrx_word' id='word_1_165' title='bbox 2153 2336 2328 2402; x_wconf 89' lang='lat' dir='ltr'><strong>hanc</strong></span> 
     </span>
     <span class='ocr_line' id='line_1_24' title="bbox 372 2419 2327 2502; baseline 0 -15"><span class='ocrx_word' id='word_1_166' title='bbox 372 2440 636 2488; x_wconf 82' lang='lat' dir='ltr'><strong>causam</strong></span> <span class='ocrx_word' id='word_1_167' title='bbox 728 2425 1142 2501; x_wconf 84' lang='lat' dir='ltr'><strong>praetexere:</strong></span> <span class='ocrx_word' id='word_1_168' title='bbox 1212 2419 1486 2498; x_wconf 86' lang='lat' dir='ltr'><strong>abusus,</strong></span> <span class='ocrx_word' id='word_1_169' title='bbox 1545 2420 1656 2502; x_wconf 93' lang='lat' dir='ltr'><strong>qui</strong></span> <span class='ocrx_word' id='word_1_170' title='bbox 1735 2421 1808 2485; x_wconf 90' lang='lat' dir='ltr'><strong>in</strong></span> <span class='ocrx_word' id='word_1_171' title='bbox 1875 2441 1953 2486; x_wconf 91' lang='lat' dir='ltr'><strong>ea</strong></span> <span class='ocrx_word' id='word_1_172' title='bbox 2031 2421 2327 2487; x_wconf 88' lang='lat' dir='ltr'><strong>invalue-</strong></span> 
     </span>
     <span class='ocr_line' id='line_1_25' title="bbox 371 2505 2330 2586; baseline 0.002 -16"><span class='ocrx_word' id='word_1_173' title='bbox 371 2512 550 2583; x_wconf 85' lang='lat' dir='ltr'><strong>rant,</strong></span> <span class='ocrx_word' id='word_1_174' title='bbox 612 2513 680 2570; x_wconf 92' lang='lat' dir='ltr'><strong>et</strong></span> <span class='ocrx_word' id='word_1_175' title='bbox 736 2511 1076 2586; x_wconf 89' lang='lat' dir='ltr'><strong>corruptos</strong></span> <span class='ocrx_word' id='word_1_176' title='bbox 1130 2525 1349 2570; x_wconf 89' lang='lat' dir='ltr'><strong>mores</strong></span> <span class='ocrx_word' id='word_1_177' title='bbox 1398 2505 1828 2571; x_wconf 81' lang='lat' dir='ltr'><strong>sacerdotum.</strong></span> <span class='ocrx_word' id='word_1_178' title='bbox 1918 2506 2014 2573; x_wconf 89' lang='lat' dir='ltr'><strong>Ut</strong></span> <span class='ocrx_word' id='word_1_179' title='bbox 2068 2506 2151 2572; x_wconf 88' lang='lat' dir='ltr'><strong>ab</strong></span> <span class='ocrx_word' id='word_1_180' title='bbox 2206 2507 2330 2573; x_wconf 90' lang='lat' dir='ltr'><strong>hoc</strong></span> 
     </span>
     <span class='ocr_line' id='line_1_26' title="bbox 369 2590 2332 2676; baseline 0.002 -21"><span class='ocrx_word' id='word_1_181' title='bbox 369 2599 706 2675; x_wconf 89' lang='lat' dir='ltr'><strong>postremo</strong></span> <span class='ocrx_word' id='word_1_182' title='bbox 744 2590 1052 2673; x_wconf 90' lang='lat' dir='ltr'><strong>incipiam</strong></span> <span class='ocrx_word' id='word_1_183' title='bbox 1068 2640 1084 2668; x_wconf 92' lang='lat'>‚</span> <span class='ocrx_word' id='word_1_184' title='bbox 1141 2590 1308 2656; x_wconf 88' lang='lat' dir='ltr'><strong>scire</strong></span> <span class='ocrx_word' id='word_1_185' title='bbox 1352 2590 1551 2655; x_wconf 84' lang='lat' dir='ltr'><strong>velim</strong></span> <span class='ocrx_word' id='word_1_186' title='bbox 1568 2642 1584 2670; x_wconf 92' lang='lat'>‚</span> <span class='ocrx_word' id='word_1_187' title='bbox 1631 2613 1714 2657; x_wconf 90' lang='lat' dir='ltr'><strong>ex</strong></span> <span class='ocrx_word' id='word_1_188' title='bbox 1759 2593 1945 2657; x_wconf 89' lang='lat' dir='ltr'><strong>cuius</strong></span> <span class='ocrx_word' id='word_1_189' title='bbox 1990 2612 2102 2658; x_wconf 92' lang='lat' dir='ltr'><strong>ore</strong></span> <span class='ocrx_word' id='word_1_190' title='bbox 2141 2613 2332 2676; x_wconf 91' lang='lat' dir='ltr'><strong>prae-</strong></span> 
     </span>
     <span class='ocr_line' id='line_1_27' title="bbox 372 2674 2333 2761; baseline 0 -19"><span class='ocrx_word' id='word_1_191' title='bbox 372 2685 633 2742; x_wconf 86' lang='lat' dir='ltr'><strong>textum</strong></span> <span class='ocrx_word' id='word_1_192' title='bbox 687 2680 836 2755; x_wconf 83' lang='lat' dir='ltr'><strong>[pag.</strong></span> <span class='ocrx_word' id='word_1_193' title='bbox 879 2680 985 2755; x_wconf 80' lang='lat'><strong>12]</strong></span> <span class='ocrx_word' id='word_1_194' title='bbox 1029 2674 1207 2741; x_wconf 86' lang='lat' dir='ltr'><strong>hunc</strong></span> <span class='ocrx_word' id='word_1_195' title='bbox 1251 2674 1552 2740; x_wconf 88' lang='lat' dir='ltr'><strong>audierit.</strong></span> <span class='ocrx_word' id='word_1_196' title='bbox 1643 2677 1824 2743; x_wconf 83' lang='lat' dir='ltr'><strong>Fieri</strong></span> <span class='ocrx_word' id='word_1_197' title='bbox 1866 2685 2100 2761; x_wconf 85' lang='lat' dir='ltr'><strong>potest,</strong></span> <span class='ocrx_word' id='word_1_198' title='bbox 2146 2685 2221 2742; x_wconf 92' lang='lat' dir='ltr'><strong>ut</strong></span> <span class='ocrx_word' id='word_1_199' title='bbox 2262 2679 2333 2742; x_wconf 90' lang='lat' dir='ltr'><strong>in</strong></span> 
     </span>
     <span class='ocr_line' id='line_1_28' title="bbox 372 2761 2334 2844; baseline 0 -17"><span class='ocrx_word' id='word_1_200' title='bbox 372 2769 751 2828; x_wconf 90' lang='lat' dir='ltr'><strong>nostrorum</strong></span> <span class='ocrx_word' id='word_1_201' title='bbox 784 2761 970 2827; x_wconf 90' lang='lat' dir='ltr'><strong>libris</strong></span> <span class='ocrx_word' id='word_1_202' title='bbox 1002 2761 1239 2844; x_wconf 90' lang='lat' dir='ltr'><strong>legerit</strong></span> <span class='ocrx_word' id='word_1_203' title='bbox 1276 2761 1654 2827; x_wconf 89' lang='lat' dir='ltr'><strong>Lutherum</strong></span> <span class='ocrx_word' id='word_1_204' title='bbox 1687 2763 1874 2828; x_wconf 91' lang='lat' dir='ltr'><strong>initio</strong></span> <span class='ocrx_word' id='word_1_205' title='bbox 1908 2764 2150 2830; x_wconf 91' lang='lat' dir='ltr'><strong>abusus</strong></span> <span class='ocrx_word' id='word_1_206' title='bbox 2185 2771 2334 2829; x_wconf 89' lang='lat' dir='ltr'><strong>tan-</strong></span> 
     </span>
     <span class='ocr_line' id='line_1_29' title="bbox 374 2846 2333 2934; baseline 0.002 -23"><span class='ocrx_word' id='word_1_207' title='bbox 374 2854 515 2913; x_wconf 84' lang='lat' dir='ltr'><strong>tum</strong></span> <span class='ocrx_word' id='word_1_208' title='bbox 566 2847 883 2932; x_wconf 89' lang='lat' dir='ltr'><strong>quosdam</strong></span> <span class='ocrx_word' id='word_1_209' title='bbox 927 2846 1125 2912; x_wconf 89' lang='lat' dir='ltr'><strong>nimis</strong></span> <span class='ocrx_word' id='word_1_210' title='bbox 1170 2866 1422 2913; x_wconf 85' lang='lat' dir='ltr'><strong>crassos</strong></span> <span class='ocrx_word' id='word_1_211' title='bbox 1467 2848 1988 2931; x_wconf 85' lang='lat' dir='ltr'><strong>reprehendisse,</strong></span> <span class='ocrx_word' id='word_1_212' title='bbox 2036 2857 2104 2913; x_wconf 85' lang='lat' dir='ltr'><strong>et</strong></span> <span class='ocrx_word' id='word_1_213' title='bbox 2147 2851 2333 2934; x_wconf 88' lang='lat' dir='ltr'><strong>flagi-</strong></span> 
     </span>
     <span class='ocr_line' id='line_1_30' title="bbox 374 2930 2334 3019; baseline 0.001 -21"><span class='ocrx_word' id='word_1_214' title='bbox 374 2934 576 3000; x_wconf 87' lang='lat' dir='ltr'><strong>tiosos</strong></span> <span class='ocrx_word' id='word_1_215' title='bbox 633 2933 788 2998; x_wconf 84' lang='lat' dir='ltr'><strong>cleri</strong></span> <span class='ocrx_word' id='word_1_216' title='bbox 832 2949 1073 2997; x_wconf 91' lang='lat' dir='ltr'><strong>mores:</strong></span> <span class='ocrx_word' id='word_1_217' title='bbox 1131 2930 1411 2997; x_wconf 82' lang='lat' dir='ltr'><strong>subinde</strong></span> <span class='ocrx_word' id='word_1_218' title='bbox 1454 2933 1979 3000; x_wconf 86' lang='lat' dir='ltr'><strong>adversariorum</strong></span> <span class='ocrx_word' id='word_1_219' title='bbox 2022 2935 2334 3019; x_wconf 91' lang='lat' dir='ltr'><strong>improbi-</strong></span> 
     </span>
     <span class='ocr_line' id='line_1_31' title="bbox 370 3018 2333 3105; baseline 0.001 -21"><span class='ocrx_word' id='word_1_220' title='bbox 370 3026 510 3084; x_wconf 82' lang='lat' dir='ltr'><strong>tate</strong></span> <span class='ocrx_word' id='word_1_221' title='bbox 568 3018 847 3083; x_wconf 86' lang='lat' dir='ltr'><strong>ulterius</strong></span> <span class='ocrx_word' id='word_1_222' title='bbox 894 3025 1297 3100; x_wconf 84' lang='lat' dir='ltr'><strong>proveetum.</strong></span> <span class='ocrx_word' id='word_1_223' title='bbox 1389 3019 1483 3082; x_wconf 87' lang='lat' dir='ltr'><strong>At</strong></span> <span class='ocrx_word' id='word_1_224' title='bbox 1536 3019 1692 3101; x_wconf 92' lang='lat' dir='ltr'><strong>quid</strong></span> <span class='ocrx_word' id='word_1_225' title='bbox 1738 3020 1864 3085; x_wconf 89' lang='lat' dir='ltr'><strong>hoc</strong></span> <span class='ocrx_word' id='word_1_226' title='bbox 1908 3042 2063 3086; x_wconf 89' lang='lat' dir='ltr'><strong>cum</strong></span> <span class='ocrx_word' id='word_1_227' title='bbox 2106 3021 2333 3105; x_wconf 89' lang='lat' dir='ltr'><strong>Pighii</strong></span> 
     </span>
     <span class='ocr_line' id='line_1_32' title="bbox 371 3102 2333 3189; baseline -0.001 -17"><span class='ocrx_word' id='word_1_228' title='bbox 371 3104 709 3172; x_wconf 87' lang='lat' dir='ltr'><strong>calumnia</strong></span> <span class='ocrx_word' id='word_1_229' title='bbox 776 3103 988 3168; x_wconf 90' lang='lat' dir='ltr'><strong>simile</strong></span> <span class='ocrx_word' id='word_1_230' title='bbox 1040 3102 1284 3168; x_wconf 81' lang='lat' dir='ltr'><strong>habet?</strong></span> <span class='ocrx_word' id='word_1_231' title='bbox 1376 3102 1626 3169; x_wconf 85' lang='lat' dir='ltr'><strong>Scribit</strong></span> <span class='ocrx_word' id='word_1_232' title='bbox 1679 3105 1919 3172; x_wconf 91' lang='lat' dir='ltr'><strong>alicubi</strong></span> <span class='ocrx_word' id='word_1_233' title='bbox 1974 3107 2117 3188; x_wconf 89' lang='lat' dir='ltr'><strong>ipse</strong></span> <span class='ocrx_word' id='word_1_234' title='bbox 2173 3128 2333 3189; x_wconf 92' lang='lat' dir='ltr'><strong>quo-</strong></span> 
     </span>
     <span class='ocr_line' id='line_1_33' title="bbox 373 3187 2333 3276; baseline 0.001 -21"><span class='ocrx_word' id='word_1_235' title='bbox 373 3211 504 3274; x_wconf 92' lang='lat' dir='ltr'><strong>que</strong></span> <span class='ocrx_word' id='word_1_236' title='bbox 539 3188 880 3256; x_wconf 87' lang='lat' dir='ltr'><strong>Lutherus</strong></span> <span class='ocrx_word' id='word_1_237' title='bbox 916 3187 997 3254; x_wconf 89' lang='lat' dir='ltr'><strong>de</strong></span> <span class='ocrx_word' id='word_1_238' title='bbox 1031 3208 1103 3254; x_wconf 89' lang='lat' dir='ltr'><strong>se</strong></span> <span class='ocrx_word' id='word_1_239' title='bbox 1146 3188 1217 3253; x_wconf 92' lang='lat' dir='ltr'><strong>in</strong></span> <span class='ocrx_word' id='word_1_240' title='bbox 1263 3189 1441 3254; x_wconf 91' lang='lat' dir='ltr'><strong>hunc</strong></span> <span class='ocrx_word' id='word_1_241' title='bbox 1477 3190 1773 3255; x_wconf 86' lang='lat' dir='ltr'><strong>modum:</strong></span> <span class='ocrx_word' id='word_1_242' title='bbox 1811 3190 2054 3270; x_wconf 87' lang='lat' dir='ltr'><strong>Velim,</strong></span> <span class='ocrx_word' id='word_1_243' title='bbox 2098 3193 2333 3276; x_wconf 89' lang='lat' dir='ltr'><strong>inquit,</strong></span> 
     </span>
    </p>
   </div>
   <div class='ocr_carea' id='block_1_3' title="bbox 373 3273 2354 3358">
    <p class='ocr_par' dir='ltr' id='par_1_6' title="bbox 373 3273 2354 3358">
     <span class='ocr_line' id='line_1_34' title="bbox 373 3273 2354 3358; baseline -0.002 -18"><span class='ocrx_word' id='word_1_244' title='bbox 373 3275 617 3354; x_wconf 89' lang='lat' dir='ltr'><strong>nolim,</strong></span> <span class='ocrx_word' id='word_1_245' title='bbox 672 3283 920 3358; x_wconf 86' lang='lat' dir='ltr'><strong>cogunt</strong></span> <span class='ocrx_word' id='word_1_246' title='bbox 971 3294 1078 3338; x_wconf 90' lang='lat' dir='ltr'><strong>me</strong></span> <span class='ocrx_word' id='word_1_247' title='bbox 1132 3273 1493 3340; x_wconf 83' lang='lat' dir='ltr'><strong>adversarii</strong></span> <span class='ocrx_word' id='word_1_248' title='bbox 1549 3276 1678 3340; x_wconf 91' lang='lat' dir='ltr'><strong>mei</strong></span> <span class='ocrx_word' id='word_1_249' title='bbox 1727 3276 1870 3342; x_wconf 89' lang='lat' dir='ltr'><strong>fieri</strong></span> <span class='ocrx_word' id='word_1_250' title='bbox 1923 3278 1993 3341; x_wconf 90' lang='lat' dir='ltr'><strong>in</strong></span> <span class='ocrx_word' id='word_1_251' title='bbox 2037 3275 2177 3343; x_wconf 90' lang='lat' dir='ltr'><strong>dies</strong></span> <span class='ocrx_word' id='word_1_252' title='bbox 2229 3299 2354 3342; x_wconf 87' lang='lat' dir='ltr'><strong>sa-.</strong></span> 
     </span>
    </p>
   </div>
   <div class='ocr_carea' id='block_1_4' title="bbox 364 3359 2337 5415">
    <p class='ocr_par' dir='ltr' id='par_1_7' title="bbox 364 3359 2337 5415">
     <span class='ocr_line' id='line_1_35' title="bbox 371 3359 2334 3445; baseline 0.001 -19"><span class='ocrx_word' id='word_1_253' title='bbox 371 3361 787 3445; x_wconf 88' lang='lat' dir='ltr'><strong>pientiorem.</strong></span> <span class='ocrx_word' id='word_1_254' title='bbox 817 3370 830 3380; x_wconf 86' lang='lat'><strong>‘</strong></span> <span class='ocrx_word' id='word_1_255' title='bbox 856 3359 1297 3425; x_wconf 87' lang='lat' dir='ltr'><strong>Verissimum</strong></span> <span class='ocrx_word' id='word_1_256' title='bbox 1332 3367 1436 3425; x_wconf 88' lang='lat' dir='ltr'><strong>est</strong></span> <span class='ocrx_word' id='word_1_257' title='bbox 1480 3360 1650 3443; x_wconf 92' lang='lat' dir='ltr'><strong>quod</strong></span> <span class='ocrx_word' id='word_1_258' title='bbox 1686 3359 1861 3427; x_wconf 90' lang='lat' dir='ltr'><strong>dicit.</strong></span> <span class='ocrx_word' id='word_1_259' title='bbox 1935 3360 2119 3427; x_wconf 84' lang='lat' dir='ltr'><strong>Getis</strong></span> <span class='ocrx_word' id='word_1_260' title='bbox 2157 3363 2334 3427; x_wconf 91' lang='lat' dir='ltr'><strong>enim</strong></span> 
     </span>
     <span class='ocr_line' id='line_1_36' title="bbox 367 3444 2334 3529; baseline 0.001 -18"><span class='ocrx_word' id='word_1_261' title='bbox 367 3449 590 3512; x_wconf 85' lang='lat' dir='ltr'><strong>instar</strong></span> <span class='ocrx_word' id='word_1_262' title='bbox 646 3444 728 3511; x_wconf 87' lang='lat' dir='ltr'><strong>ad</strong></span> <span class='ocrx_word' id='word_1_263' title='bbox 785 3444 1151 3510; x_wconf 88' lang='lat' dir='ltr'><strong>acuendum</strong></span> <span class='ocrx_word' id='word_1_264' title='bbox 1204 3445 1347 3510; x_wconf 88' lang='lat' dir='ltr'><strong>eius</strong></span> <span class='ocrx_word' id='word_1_265' title='bbox 1411 3445 1752 3529; x_wconf 82' lang='lat' dir='ltr'><strong>ingenium</strong></span> <span class='ocrx_word' id='word_1_266' title='bbox 1821 3447 2106 3512; x_wconf 88' lang='lat' dir='ltr'><strong>fuerunt.</strong></span> <span class='ocrx_word' id='word_1_267' title='bbox 2197 3449 2334 3513; x_wconf 92' lang='lat' dir='ltr'><strong>De-</strong></span> 
     </span>
     <span class='ocr_line' id='line_1_37' title="bbox 373 3529 2333 3614; baseline 0 -16"><span class='ocrx_word' id='word_1_268' title='bbox 373 3553 638 3598; x_wconf 86' lang='lat' dir='ltr'><strong>mersus</strong></span> <span class='ocrx_word' id='word_1_269' title='bbox 679 3530 894 3597; x_wconf 89' lang='lat' dir='ltr'><strong>adhuc</strong></span> <span class='ocrx_word' id='word_1_270' title='bbox 935 3534 1007 3595; x_wconf 90' lang='lat' dir='ltr'><strong>in</strong></span> <span class='ocrx_word' id='word_1_271' title='bbox 1048 3529 1389 3614; x_wconf 80' lang='lat' dir='ltr'><strong>profundis</strong></span> <span class='ocrx_word' id='word_1_272' title='bbox 1422 3530 1556 3596; x_wconf 92' lang='lat' dir='ltr'><strong>illis</strong></span> <span class='ocrx_word' id='word_1_273' title='bbox 1593 3530 1901 3611; x_wconf 89' lang='lat' dir='ltr'><strong>tenebris,</strong></span> <span class='ocrx_word' id='word_1_274' title='bbox 1947 3533 2184 3614; x_wconf 88' lang='lat' dir='ltr'><strong>quibus</strong></span> <span class='ocrx_word' id='word_1_275' title='bbox 2228 3554 2333 3598; x_wconf 92' lang='lat' dir='ltr'><strong>or·</strong></span> 
     </span>
     <span class='ocr_line' id='line_1_38' title="bbox 374 3617 2333 3699; baseline 0 -16"><span class='ocrx_word' id='word_1_276' title='bbox 374 3618 476 3684; x_wconf 91' lang='lat' dir='ltr'><strong>bis</strong></span> <span class='ocrx_word' id='word_1_277' title='bbox 521 3618 659 3683; x_wconf 86' lang='lat' dir='ltr'><strong>fere</strong></span> <span class='ocrx_word' id='word_1_278' title='bbox 695 3624 872 3683; x_wconf 86' lang='lat' dir='ltr'><strong>totus</strong></span> <span class='ocrx_word' id='word_1_279' title='bbox 907 3617 1253 3699; x_wconf 88' lang='lat' dir='ltr'><strong>absorptus</strong></span> <span class='ocrx_word' id='word_1_280' title='bbox 1286 3623 1446 3695; x_wconf 88' lang='lat' dir='ltr'><strong>erat,</strong></span> <span class='ocrx_word' id='word_1_281' title='bbox 1492 3638 1700 3699; x_wconf 90' lang='lat' dir='ltr'><strong>quum</strong></span> <span class='ocrx_word' id='word_1_282' title='bbox 1735 3617 2092 3683; x_wconf 88' lang='lat' dir='ltr'><strong>scintillam</strong></span> <span class='ocrx_word' id='word_1_283' title='bbox 2132 3640 2333 3683; x_wconf 91' lang='lat' dir='ltr'><strong>unam</strong></span> 
     </span>
     <span class='ocr_line' id='line_1_39' title="bbox 373 3702 2333 3792; baseline 0 -23"><span class='ocrx_word' id='word_1_284' title='bbox 373 3702 634 3770; x_wconf 78' lang='lat' dir='ltr'><strong>videret</strong></span> <span class='ocrx_word' id='word_1_285' title='bbox 690 3704 876 3792; x_wconf 83' lang='lat' dir='ltr'><strong>quasi</strong></span> <span class='ocrx_word' id='word_1_286' title='bbox 932 3724 1013 3767; x_wconf 85' lang='lat' dir='ltr'><strong>ex</strong></span> <span class='ocrx_word' id='word_1_287' title='bbox 1078 3702 1263 3767; x_wconf 88' lang='lat' dir='ltr'><strong>tenui</strong></span> <span class='ocrx_word' id='word_1_288' title='bbox 1321 3703 1490 3767; x_wconf 89' lang='lat' dir='ltr'><strong>rima</strong></span> <span class='ocrx_word' id='word_1_289' title='bbox 1555 3703 1973 3782; x_wconf 88' lang='lat' dir='ltr'><strong>emicantem,</strong></span> <span class='ocrx_word' id='word_1_290' title='bbox 2044 3702 2128 3768; x_wconf 91' lang='lat' dir='ltr'><strong>ad</strong></span> <span class='ocrx_word' id='word_1_291' title='bbox 2190 3724 2333 3769; x_wconf 88' lang='lat' dir='ltr'><strong>eam</strong></span> 
     </span>
     <span class='ocr_line' id='line_1_40' title="bbox 373 3787 2334 3873; baseline -0.001 -17"><span class='ocrx_word' id='word_1_292' title='bbox 373 3788 688 3856; x_wconf 87' lang='lat' dir='ltr'><strong>accedere</strong></span> <span class='ocrx_word' id='word_1_293' title='bbox 729 3796 1000 3853; x_wconf 89' lang='lat' dir='ltr'><strong>conatus</strong></span> <span class='ocrx_word' id='word_1_294' title='bbox 1041 3796 1157 3852; x_wconf 85' lang='lat' dir='ltr'><strong>est.</strong></span> <span class='ocrx_word' id='word_1_295' title='bbox 1234 3787 1366 3852; x_wconf 93' lang='lat' dir='ltr'><strong>Hie</strong></span> <span class='ocrx_word' id='word_1_296' title='bbox 1409 3787 1631 3854; x_wconf 90' lang='lat' dir='ltr'><strong>hostes</strong></span> <span class='ocrx_word' id='word_1_297' title='bbox 1673 3788 1840 3854; x_wconf 91' lang='lat' dir='ltr'><strong>lucis</strong></span> <span class='ocrx_word' id='word_1_298' title='bbox 1881 3810 2080 3871; x_wconf 92' lang='lat' dir='ltr'><strong>quum</strong></span> <span class='ocrx_word' id='word_1_299' title='bbox 2125 3790 2334 3873; x_wconf 88' lang='lat' dir='ltr'><strong>impe-</strong></span> 
     </span>
     <span class='ocr_line' id='line_1_41' title="bbox 375 3872 2335 3958; baseline -0.001 -17"><span class='ocrx_word' id='word_1_300' title='bbox 375 3874 519 3941; x_wconf 90' lang='lat' dir='ltr'><strong>dire</strong></span> <span class='ocrx_word' id='word_1_301' title='bbox 577 3884 643 3939; x_wconf 93' lang='lat' dir='ltr'><strong>et</strong></span> <span class='ocrx_word' id='word_1_302' title='bbox 696 3873 1021 3939; x_wconf 78' lang='lat' dir='ltr'><strong>violenter</strong></span> <span class='ocrx_word' id='word_1_303' title='bbox 1086 3872 1405 3956; x_wconf 89' lang='lat' dir='ltr'><strong>repellere</strong></span> <span class='ocrx_word' id='word_1_304' title='bbox 1458 3874 1643 3958; x_wconf 91' lang='lat' dir='ltr'><strong>pium</strong></span> <span class='ocrx_word' id='word_1_305' title='bbox 1702 3874 1988 3941; x_wconf 90' lang='lat' dir='ltr'><strong>hominis</strong></span> <span class='ocrx_word' id='word_1_306' title='bbox 2042 3874 2335 3941; x_wconf 89' lang='lat' dir='ltr'><strong>studium</strong></span> 
     </span>
     <span class='ocr_line' id='line_1_42' title="bbox 371 3958 2334 4043; baseline -0.001 -16"><span class='ocrx_word' id='word_1_307' title='bbox 371 3960 657 4038; x_wconf 85' lang='lat' dir='ltr'><strong>vellent,</strong></span> <span class='ocrx_word' id='word_1_308' title='bbox 736 3958 1199 4024; x_wconf 89' lang='lat' dir='ltr'><strong>tumultuando</strong></span> <span class='ocrx_word' id='word_1_309' title='bbox 1266 3959 1624 4025; x_wconf 83' lang='lat' dir='ltr'><strong>fenestram</strong></span> <span class='ocrx_word' id='word_1_310' title='bbox 1689 3960 2102 4043; x_wconf 90' lang='lat' dir='ltr'><strong>ampliorem,</strong></span> <span class='ocrx_word' id='word_1_311' title='bbox 2165 3968 2334 4026; x_wconf 88' lang='lat' dir='ltr'><strong>totas</strong></span> 
     </span>
     <span class='ocr_line' id='line_1_43' title="bbox 373 4043 2337 4126; baseline 0.001 -14"><span class='ocrx_word' id='word_1_312' title='bbox 373 4048 579 4112; x_wconf 82' lang='lat' dir='ltr'><strong>etiam</strong></span> <span class='ocrx_word' id='word_1_313' title='bbox 637 4045 812 4110; x_wconf 83' lang='lat' dir='ltr'><strong>fores</strong></span> <span class='ocrx_word' id='word_1_314' title='bbox 881 4043 1140 4109; x_wconf 90' lang='lat' dir='ltr'><strong>demum</strong></span> <span class='ocrx_word' id='word_1_315' title='bbox 1210 4051 1629 4126; x_wconf 91' lang='lat' dir='ltr'><strong>aperuerunt.</strong></span> <span class='ocrx_word' id='word_1_316' title='bbox 1719 4046 1905 4111; x_wconf 88' lang='lat' dir='ltr'><strong>Haec</strong></span> <span class='ocrx_word' id='word_1_317' title='bbox 1974 4067 2111 4112; x_wconf 88' lang='lat' dir='ltr'><strong>non</strong></span> <span class='ocrx_word' id='word_1_318' title='bbox 2165 4067 2241 4112; x_wconf 86' lang='lat' dir='ltr'><strong>eo</strong></span> <span class='ocrx_word' id='word_1_319' title='bbox 2297 4068 2337 4113; x_wconf 92' lang='lat' dir='ltr'><strong>a</strong></span> 
     </span>
     <span class='ocr_line' id='line_1_44' title="bbox 373 4128 2336 4214; baseline 0 -17"><span class='ocrx_word' id='word_1_320' title='bbox 373 4131 572 4197; x_wconf 89' lang='lat' dir='ltr'><strong>nobis</strong></span> <span class='ocrx_word' id='word_1_321' title='bbox 620 4128 954 4209; x_wconf 89' lang='lat' dir='ltr'><strong>dicuntur,</strong></span> <span class='ocrx_word' id='word_1_322' title='bbox 1010 4135 1089 4194; x_wconf 90' lang='lat' dir='ltr'><strong>ut</strong></span> <span class='ocrx_word' id='word_1_323' title='bbox 1129 4137 1545 4212; x_wconf 81' lang='lat' dir='ltr'><strong>praetextum</strong></span> <span class='ocrx_word' id='word_1_324' title='bbox 1600 4139 1935 4214; x_wconf 85' lang='lat' dir='ltr'><strong>captemus</strong></span> <span class='ocrx_word' id='word_1_325' title='bbox 1988 4139 2252 4198; x_wconf 86' lang='lat' dir='ltr'><strong>nostrae</strong></span> <span class='ocrx_word' id='word_1_326' title='bbox 2296 4153 2336 4197; x_wconf 88' lang='lat' dir='ltr'><strong>a</strong></span> 
     </span>
     <span class='ocr_line' id='line_1_45' title="bbox 372 4215 2332 4302; baseline 0 -20"><span class='ocrx_word' id='word_1_327' title='bbox 372 4217 687 4302; x_wconf 84' lang='lat' dir='ltr'><strong>pontifice</strong></span> <span class='ocrx_word' id='word_1_328' title='bbox 733 4215 1145 4281; x_wconf 85' lang='lat' dir='ltr'><strong>defectionis:</strong></span> <span class='ocrx_word' id='word_1_329' title='bbox 1192 4236 1423 4280; x_wconf 85' lang='lat' dir='ltr'><strong>verum</strong></span> <span class='ocrx_word' id='word_1_330' title='bbox 1468 4223 1542 4281; x_wconf 91' lang='lat' dir='ltr'><strong>ut</strong></span> <span class='ocrx_word' id='word_1_331' title='bbox 1583 4225 1922 4300; x_wconf 86' lang='lat' dir='ltr'><strong>appareat,</strong></span> <span class='ocrx_word' id='word_1_332' title='bbox 1981 4217 2189 4300; x_wconf 85' lang='lat' dir='ltr'><strong>qualis</strong></span> <span class='ocrx_word' id='word_1_333' title='bbox 2229 4217 2332 4282; x_wconf 91' lang='lat' dir='ltr'><strong>fu-</strong></span> 
     </span>
     <span class='ocr_line' id='line_1_46' title="bbox 371 4301 2335 4386; baseline -0.001 -18"><span class='ocrx_word' id='word_1_334' title='bbox 371 4310 532 4368; x_wconf 87' lang='lat' dir='ltr'><strong>tura</strong></span> <span class='ocrx_word' id='word_1_335' title='bbox 567 4301 767 4366; x_wconf 85' lang='lat' dir='ltr'><strong>fuerit</strong></span> <span class='ocrx_word' id='word_1_336' title='bbox 802 4301 1328 4367; x_wconf 85' lang='lat' dir='ltr'><strong>adversariorum</strong></span> <span class='ocrx_word' id='word_1_337' title='bbox 1364 4302 1677 4385; x_wconf 86' lang='lat' dir='ltr'><strong>aequitas,</strong></span> <span class='ocrx_word' id='word_1_338' title='bbox 1724 4303 1780 4367; x_wconf 90' lang='lat' dir='ltr'><strong>si</strong></span> <span class='ocrx_word' id='word_1_339' title='bbox 1815 4310 2018 4367; x_wconf 90' lang='lat' dir='ltr'><strong>totam</strong></span> <span class='ocrx_word' id='word_1_340' title='bbox 2053 4303 2335 4386; x_wconf 87' lang='lat' dir='ltr'><strong>papismi</strong></span> 
     </span>
     <span class='ocr_line' id='line_1_47' title="bbox 372 4385 2332 4470; baseline -0.001 -15"><span class='ocrx_word' id='word_1_341' title='bbox 372 4388 869 4470; x_wconf 83' lang='lat' dir='ltr'><strong>corruptionem</strong></span> <span class='ocrx_word' id='word_1_342' title='bbox 904 4385 1108 4453; x_wconf 90' lang='lat' dir='ltr'><strong>semel</strong></span> <span class='ocrx_word' id='word_1_343' title='bbox 1142 4385 1224 4450; x_wconf 90' lang='lat' dir='ltr'><strong>ad</strong></span> <span class='ocrx_word' id='word_1_344' title='bbox 1261 4387 1488 4451; x_wconf 83' lang='lat' dir='ltr'><strong>vivum</strong></span> <span class='ocrx_word' id='word_1_345' title='bbox 1524 4389 1916 4453; x_wconf 89' lang='lat' dir='ltr'><strong>resecuisset</strong></span> <span class='ocrx_word' id='word_1_346' title='bbox 1955 4389 2332 4454; x_wconf 90' lang='lat' dir='ltr'><strong>Lutherus:</strong></span> 
     </span>
     <span class='ocr_line' id='line_1_48' title="bbox 368 4470 2333 4557; baseline -0.001 -18"><span class='ocrx_word' id='word_1_347' title='bbox 368 4495 584 4557; x_wconf 90' lang='lat' dir='ltr'><strong>quum</strong></span> <span class='ocrx_word' id='word_1_348' title='bbox 643 4472 859 4538; x_wconf 91' lang='lat' dir='ltr'><strong>lenem</strong></span> <span class='ocrx_word' id='word_1_349' title='bbox 903 4493 980 4538; x_wconf 90' lang='lat' dir='ltr'><strong>ac</strong></span> <span class='ocrx_word' id='word_1_350' title='bbox 1034 4470 1438 4537; x_wconf 86' lang='lat' dir='ltr'><strong>moderatam</strong></span> <span class='ocrx_word' id='word_1_351' title='bbox 1493 4473 2097 4556; x_wconf 88' lang='lat' dir='ltr'><strong>reprehensionem,</strong></span> <span class='ocrx_word' id='word_1_352' title='bbox 2155 4496 2333 4540; x_wconf 90' lang='lat' dir='ltr'><strong>eam-</strong></span> 
     </span>
     <span class='ocr_line' id='line_1_49' title="bbox 369 4556 2331 4643; baseline -0.001 -18"><span class='ocrx_word' id='word_1_353' title='bbox 369 4580 501 4643; x_wconf 89' lang='lat' dir='ltr'><strong>que</strong></span> <span class='ocrx_word' id='word_1_354' title='bbox 569 4558 639 4623; x_wconf 92' lang='lat' dir='ltr'><strong>in</strong></span> <span class='ocrx_word' id='word_1_355' title='bbox 704 4558 882 4624; x_wconf 86' lang='lat' dir='ltr'><strong>vitiis</strong></span> <span class='ocrx_word' id='word_1_356' title='bbox 950 4557 1384 4640; x_wconf 86' lang='lat' dir='ltr'><strong>palpabilibus</strong></span> <span class='ocrx_word' id='word_1_357' title='bbox 1454 4556 1629 4623; x_wconf 89' lang='lat' dir='ltr'><strong>ferre</strong></span> <span class='ocrx_word' id='word_1_358' title='bbox 1690 4580 1821 4623; x_wconf 91' lang='lat' dir='ltr'><strong>non</strong></span> <span class='ocrx_word' id='word_1_359' title='bbox 1878 4560 2331 4625; x_wconf 84' lang='lat' dir='ltr'><strong>sustinuerint.</strong></span> 
     </span>
     <span class='ocr_line' id='line_1_50' title="bbox 367 4643 2333 4728; baseline -0.001 -18"><span class='ocrx_word' id='word_1_360' title='bbox 367 4645 609 4728; x_wconf 89' lang='lat' dir='ltr'><strong>Neque</strong></span> <span class='ocrx_word' id='word_1_361' title='bbox 653 4664 809 4710; x_wconf 84' lang='lat' dir='ltr'><strong>vero</strong></span> <span class='ocrx_word' id='word_1_362' title='bbox 854 4643 1139 4707; x_wconf 90' lang='lat' dir='ltr'><strong>Lutheri</strong></span> <span class='ocrx_word' id='word_1_363' title='bbox 1183 4643 1531 4710; x_wconf 91' lang='lat' dir='ltr'><strong>consilium</strong></span> <span class='ocrx_word' id='word_1_364' title='bbox 1575 4650 1733 4709; x_wconf 89' lang='lat' dir='ltr'><strong>tune</strong></span> <span class='ocrx_word' id='word_1_365' title='bbox 1776 4652 1950 4723; x_wconf 86' lang='lat' dir='ltr'><strong>erat,</strong></span> <span class='ocrx_word' id='word_1_366' title='bbox 2008 4644 2089 4711; x_wconf 85' lang='lat' dir='ltr'><strong>ab</strong></span> <span class='ocrx_word' id='word_1_367' title='bbox 2136 4646 2333 4710; x_wconf 92' lang='lat' dir='ltr'><strong>Anti-</strong></span> 
     </span>
     <span class='ocr_line' id='line_1_51' title="bbox 365 4726 2332 4815; baseline -0.001 -19"><span class='ocrx_word' id='word_1_368' title='bbox 365 4730 612 4797; x_wconf 87' lang='lat' dir='ltr'><strong>christi</strong></span> <span class='ocrx_word' id='word_1_369' title='bbox 655 4728 1006 4815; x_wconf 79' lang='lat' dir='ltr'><strong>tyrannide</strong></span> <span class='ocrx_word' id='word_1_370' title='bbox 1042 4726 1349 4809; x_wconf 83' lang='lat' dir='ltr'><strong>deficere,</strong></span> <span class='ocrx_word' id='word_1_371' title='bbox 1397 4728 1514 4794; x_wconf 91' lang='lat' dir='ltr'><strong>sed</strong></span> <span class='ocrx_word' id='word_1_372' title='bbox 1559 4736 1838 4812; x_wconf 81' lang='lat' dir='ltr'><strong>tantum&#39;</strong></span> <span class='ocrx_word' id='word_1_373' title='bbox 1861 4730 2115 4795; x_wconf 90' lang='lat' dir='ltr'><strong>mederi</strong></span> <span class='ocrx_word' id='word_1_374' title='bbox 2157 4751 2332 4795; x_wconf 89' lang='lat' dir='ltr'><strong>mor-</strong></span> 
     </span>
     <span class='ocr_line' id='line_1_52' title="bbox 365 4814 2334 4898; baseline -0.001 -17"><span class='ocrx_word' id='word_1_375' title='bbox 365 4815 476 4881; x_wconf 88' lang='lat' dir='ltr'><strong>bis</strong></span> <span class='ocrx_word' id='word_1_376' title='bbox 521 4815 685 4893; x_wconf 89' lang='lat' dir='ltr'><strong>illis,</strong></span> <span class='ocrx_word' id='word_1_377' title='bbox 743 4835 1020 4897; x_wconf 89' lang='lat' dir='ltr'><strong>quorum</strong></span> <span class='ocrx_word' id='word_1_378' title='bbox 1065 4822 1200 4878; x_wconf 89' lang='lat' dir='ltr'><strong>tam</strong></span> <span class='ocrx_word' id='word_1_379' title='bbox 1253 4814 1463 4880; x_wconf 86' lang='lat' dir='ltr'><strong>facilis</strong></span> <span class='ocrx_word' id='word_1_380' title='bbox 1504 4835 1701 4898; x_wconf 86' lang='lat' dir='ltr'><strong>quam</strong></span> <span class='ocrx_word' id='word_1_381' title='bbox 1741 4817 2109 4881; x_wconf 90' lang='lat' dir='ltr'><strong>necessaria</strong></span> <span class='ocrx_word' id='word_1_382' title='bbox 2152 4814 2334 4881; x_wconf 85' lang='lat' dir='ltr'><strong>vide-</strong></span> 
     </span>
     <span class='ocr_line' id='line_1_53' title="bbox 365 4899 2331 4983; baseline -0.001 -16"><span class='ocrx_word' id='word_1_383' title='bbox 365 4900 577 4967; x_wconf 84' lang='lat' dir='ltr'><strong>batur</strong></span> <span class='ocrx_word' id='word_1_384' title='bbox 643 4902 911 4966; x_wconf 86' lang='lat' dir='ltr'><strong>curatio.</strong></span> <span class='ocrx_word' id='word_1_385' title='bbox 998 4900 1205 4982; x_wconf 86' lang='lat' dir='ltr'><strong>Atqui</strong></span> <span class='ocrx_word' id='word_1_386' title='bbox 1272 4900 1579 4983; x_wconf 89' lang='lat' dir='ltr'><strong>opinione</strong></span> <span class='ocrx_word' id='word_1_387' title='bbox 1642 4899 1846 4967; x_wconf 87' lang='lat' dir='ltr'><strong>falsus</strong></span> <span class='ocrx_word' id='word_1_388' title='bbox 1911 4909 2028 4966; x_wconf 89' lang='lat' dir='ltr'><strong>est.</strong></span> <span class='ocrx_word' id='word_1_389' title='bbox 2101 4901 2331 4976; x_wconf 65' lang='lat' dir='ltr'><strong>,Tanta</strong></span> 
     </span>
     <span class='ocr_line' id='line_1_54' title="bbox 364 4986 2331 5069; baseline -0.001 -16"><span class='ocrx_word' id='word_1_390' title='bbox 364 4987 556 5053; x_wconf 89' lang='lat' dir='ltr'><strong>enim</strong></span> <span class='ocrx_word' id='word_1_391' title='bbox 600 4986 894 5051; x_wconf 91' lang='lat' dir='ltr'><strong>omnium</strong></span> <span class='ocrx_word' id='word_1_392' title='bbox 940 4986 1496 5051; x_wconf 87' lang='lat' dir='ltr'><strong>abominationum</strong></span> <span class='ocrx_word' id='word_1_393' title='bbox 1543 4986 1728 5052; x_wconf 89' lang='lat' dir='ltr'><strong>sanie</strong></span> <span class='ocrx_word' id='word_1_394' title='bbox 1785 4987 2074 5052; x_wconf 87' lang='lat' dir='ltr'><strong>scatebat</strong></span> <span class='ocrx_word' id='word_1_395' title='bbox 2114 4987 2331 5069; x_wconf 91' lang='lat' dir='ltr'><strong>papis-</strong></span> 
     </span>
     <span class='ocr_line' id='line_1_55' title="bbox 364 5071 2329 5155; baseline -0.001 -17"><span class='ocrx_word' id='word_1_396' title='bbox 364 5093 551 5152; x_wconf 89' lang='lat' dir='ltr'><strong>mus,</strong></span> <span class='ocrx_word' id='word_1_397' title='bbox 599 5079 679 5136; x_wconf 92' lang='lat' dir='ltr'><strong>ut</strong></span> <span class='ocrx_word' id='word_1_398' title='bbox 721 5091 925 5154; x_wconf 88' lang='lat' dir='ltr'><strong>quum</strong></span> <span class='ocrx_word' id='word_1_399' title='bbox 971 5071 1260 5155; x_wconf 90' lang='lat' dir='ltr'><strong>primum</strong></span> <span class='ocrx_word' id='word_1_400' title='bbox 1296 5071 1631 5138; x_wconf 84' lang='lat' dir='ltr'><strong>admoveri</strong></span> <span class='ocrx_word' id='word_1_401' title='bbox 1676 5092 1913 5138; x_wconf 91' lang='lat' dir='ltr'><strong>manus</strong></span> <span class='ocrx_word' id='word_1_402' title='bbox 1956 5081 2186 5155; x_wconf 88' lang='lat' dir='ltr'><strong>coepta</strong></span> <span class='ocrx_word' id='word_1_403' title='bbox 2211 5077 2329 5151; x_wconf 91' lang='lat' dir='ltr'><strong>est,</strong></span> 
     </span>
     <span class='ocr_line' id='line_1_56' title="bbox 365 5156 2243 5243; baseline -0.001 -19"><span class='ocrx_word' id='word_1_404' title='bbox 365 5159 535 5243; x_wconf 89' lang='lat' dir='ltr'><strong>quia</strong></span> <span class='ocrx_word' id='word_1_405' title='bbox 579 5156 946 5223; x_wconf 88' lang='lat' dir='ltr'><strong>remedium</strong></span> <span class='ocrx_word' id='word_1_406' title='bbox 988 5157 1249 5221; x_wconf 91' lang='lat' dir='ltr'><strong>nullum</strong></span> <span class='ocrx_word' id='word_1_407' title='bbox 1285 5156 1549 5238; x_wconf 89' lang='lat' dir='ltr'><strong>ferebat,</strong></span> <span class='ocrx_word' id='word_1_408' title='bbox 1596 5160 1929 5243; x_wconf 89' lang='lat' dir='ltr'><strong>crepuerit</strong></span> <span class='ocrx_word' id='word_1_409' title='bbox 1968 5157 2243 5225; x_wconf 87' lang='lat' dir='ltr'><strong>medius.</strong></span> 
     </span>
     <span class='ocr_line' id='line_1_57' title="bbox 555 5240 2332 5329; baseline 0.001 -21"><span class='ocrx_word' id='word_1_410' title='bbox 555 5240 672 5309; x_wconf 88' lang='lat' dir='ltr'><strong>Sic</strong></span> <span class='ocrx_word' id='word_1_411' title='bbox 714 5263 870 5328; x_wconf 87' lang='lat' dir='ltr'><strong>ergo</strong></span> <span class='ocrx_word' id='word_1_412' title='bbox 911 5242 1153 5309; x_wconf 90' lang='lat' dir='ltr'><strong>habeat</strong></span> <span class='ocrx_word' id='word_1_413' title='bbox 1195 5242 1506 5328; x_wconf 82' lang='lat' dir='ltr'><strong>Pighius:</strong></span> <span class='ocrx_word' id='word_1_414' title='bbox 1565 5265 1687 5309; x_wconf 91' lang='lat' dir='ltr'><strong>nos</strong></span> <span class='ocrx_word' id='word_1_415' title='bbox 1730 5266 1864 5312; x_wconf 87' lang='lat' dir='ltr'><strong>non</strong></span> <span class='ocrx_word' id='word_1_416' title='bbox 1906 5265 2116 5329; x_wconf 90' lang='lat' dir='ltr'><strong>usque</strong></span> <span class='ocrx_word' id='word_1_417' title='bbox 2170 5242 2332 5312; x_wconf 87' lang='lat' dir='ltr'><strong>adeo</strong></span> 
     </span>
     <span class='ocr_line' id='line_1_58' title="bbox 591 5344 1358 5415; baseline -0.001 -14"><span class='ocrx_word' id='word_1_418' title='bbox 591 5344 816 5401; x_wconf 58' lang='lat' dir='ltr'><strong>Calvina</strong></span> <span class='ocrx_word' id='word_1_419' title='bbox 839 5361 1027 5415; x_wconf 74' lang='lat' dir='ltr'><strong>opera.</strong></span> <span class='ocrx_word' id='word_1_420' title='bbox 1103 5345 1220 5401; x_wconf 78' lang='lat' dir='ltr'><strong>Vol.</strong></span> <span class='ocrx_word' id='word_1_421' title='bbox 1260 5346 1358 5401; x_wconf 86' lang='lat' dir='ltr'><strong>VI.</strong></span> 
     </span>
    </p>
   </div>
   <div class='ocr_carea' id='block_1_5' title="bbox 2379 553 2397 5312">
    <p class='ocr_par' dir='ltr' id='par_1_8' title="bbox 2379 553 2397 5312">
     <span class='ocr_line' id='line_1_59' title="bbox 2379 553 2397 5312; baseline 0 0"><span class='ocrx_word' id='word_1_422' title='bbox 2379 553 2397 5312; x_wconf 95' lang='lat' dir='ltr'><strong> </strong></span> 
     </span>
    </p>
   </div>
   <div class='ocr_carea' id='block_1_6' title="bbox 2431 540 4399 1481">
    <p class='ocr_par' dir='ltr' id='par_1_9' title="bbox 2431 540 4399 1481">
     <span class='ocr_line' id='line_1_60' title="bbox 2437 540 4399 624; baseline 0.001 -19"><span class='ocrx_word' id='word_1_423' title='bbox 2437 560 2584 605; x_wconf 90' lang='lat' dir='ltr'><strong>esse</strong></span> <span class='ocrx_word' id='word_1_424' title='bbox 2623 560 2930 618; x_wconf 76' lang='lat' dir='ltr'><strong>morosoS,</strong></span> <span class='ocrx_word' id='word_1_425' title='bbox 2978 548 3055 604; x_wconf 89' lang='lat' dir='ltr'><strong>ut</strong></span> <span class='ocrx_word' id='word_1_426' title='bbox 3095 540 3177 605; x_wconf 93' lang='lat' dir='ltr'><strong>ob</strong></span> <span class='ocrx_word' id='word_1_427' title='bbox 3219 560 3477 605; x_wconf 90' lang='lat' dir='ltr'><strong>morum</strong></span> <span class='ocrx_word' id='word_1_428' title='bbox 3520 540 3699 619; x_wconf 85' lang='lat' dir='ltr'><strong>vitia,</strong></span> <span class='ocrx_word' id='word_1_429' title='bbox 3744 540 3941 605; x_wconf 90' lang='lat' dir='ltr'><strong>etiam</strong></span> <span class='ocrx_word' id='word_1_430' title='bbox 3986 541 4399 624; x_wconf 83' lang='lat' dir='ltr'><strong>gravissima,</strong></span> 
     </span>
     <span class='ocr_line' id='line_1_61' title="bbox 2435 623 4399 694; baseline 0.002 -4"><span class='ocrx_word' id='word_1_431' title='bbox 2435 624 2860 690; x_wconf 89' lang='lat' dir='ltr'><strong>scindendam</strong></span> <span class='ocrx_word' id='word_1_432' title='bbox 2905 623 3288 692; x_wconf 88' lang='lat' dir='ltr'><strong>duxerimus</strong></span> <span class='ocrx_word' id='word_1_433' title='bbox 3330 624 3485 690; x_wconf 90' lang='lat' dir='ltr'><strong>fidei</strong></span> <span class='ocrx_word' id='word_1_434' title='bbox 3528 627 3870 691; x_wconf 88' lang='lat' dir='ltr'><strong>unitatem.</strong></span> <span class='ocrx_word' id='word_1_435' title='bbox 3959 626 4284 694; x_wconf 85' lang='lat' dir='ltr'><strong>Novimus</strong></span> <span class='ocrx_word' id='word_1_436' title='bbox 4328 629 4399 694; x_wconf 88' lang='lat' dir='ltr'><strong>in</strong></span> 
     </span>
     <span class='ocr_line' id='line_1_62' title="bbox 2437 709 4398 795; baseline 0.002 -19"><span class='ocrx_word' id='word_1_437' title='bbox 2437 710 2613 776; x_wconf 86' lang='lat' dir='ltr'><strong>vitiis</strong></span> <span class='ocrx_word' id='word_1_438' title='bbox 2658 718 2773 776; x_wconf 88' lang='lat' dir='ltr'><strong>aut</strong></span> <span class='ocrx_word' id='word_1_439' title='bbox 2812 710 3247 795; x_wconf 85' lang='lat' dir='ltr'><strong>corrigendis,</strong></span> <span class='ocrx_word' id='word_1_440' title='bbox 3295 719 3413 776; x_wconf 91' lang='lat' dir='ltr'><strong>aut</strong></span> <span class='ocrx_word' id='word_1_441' title='bbox 3453 709 3904 794; x_wconf 89' lang='lat' dir='ltr'><strong>improbandis</strong></span> <span class='ocrx_word' id='word_1_442' title='bbox 3922 763 3938 790; x_wconf 87' lang='lat'>‚</span> <span class='ocrx_word' id='word_1_443' title='bbox 3984 734 4130 777; x_wconf 91' lang='lat' dir='ltr'><strong>eam</strong></span> <span class='ocrx_word' id='word_1_444' title='bbox 4175 712 4398 780; x_wconf 90' lang='lat' dir='ltr'><strong>mode·</strong></span> 
     </span>
     <span class='ocr_line' id='line_1_63' title="bbox 2435 795 4393 882; baseline 0.002 -21"><span class='ocrx_word' id='word_1_445' title='bbox 2435 797 2761 861; x_wconf 86' lang='lat' dir='ltr'><strong>rationem</strong></span> <span class='ocrx_word' id='word_1_446' title='bbox 2818 795 3212 862; x_wconf 82' lang='lat' dir='ltr'><strong>servandam</strong></span> <span class='ocrx_word' id='word_1_447' title='bbox 3269 818 3442 876; x_wconf 89' lang='lat' dir='ltr'><strong>esse,</strong></span> <span class='ocrx_word' id='word_1_448' title='bbox 3499 805 3576 863; x_wconf 89' lang='lat' dir='ltr'><strong>ut</strong></span> <span class='ocrx_word' id='word_1_449' title='bbox 3628 796 3969 864; x_wconf 84' lang='lat' dir='ltr'><strong>vinculum</strong></span> <span class='ocrx_word' id='word_1_450' title='bbox 4024 800 4205 882; x_wconf 90' lang='lat' dir='ltr'><strong>pacis</strong></span> <span class='ocrx_word' id='word_1_451' title='bbox 4258 820 4393 864; x_wconf 90' lang='lat' dir='ltr'><strong>non</strong></span> 
     </span>
     <span class='ocr_line' id='line_1_64' title="bbox 2437 880 4397 970; baseline 0.002 -25"><span class='ocrx_word' id='word_1_452' title='bbox 2437 881 2906 966; x_wconf 88' lang='lat' dir='ltr'><strong>disrumpatur.</strong></span> <span class='ocrx_word' id='word_1_453' title='bbox 2999 880 3264 949; x_wconf 81' lang='lat' dir='ltr'><strong>Scimus</strong></span> <span class='ocrx_word' id='word_1_454' title='bbox 3309 890 3531 947; x_wconf 91' lang='lat' dir='ltr'><strong>tamen</strong></span> <span class='ocrx_word' id='word_1_455' title='bbox 3569 904 3653 948; x_wconf 88' lang='lat' dir='ltr'><strong>ex</strong></span> <span class='ocrx_word' id='word_1_456' title='bbox 3688 882 3965 949; x_wconf 84' lang='lat' dir='ltr'><strong>adverso</strong></span> <span class='ocrx_word' id='word_1_457' title='bbox 4008 884 4102 950; x_wconf 92' lang='lat' dir='ltr'><strong>sic</strong></span> <span class='ocrx_word' id='word_1_458' title='bbox 4147 892 4397 970; x_wconf 89' lang='lat' dir='ltr'><strong>tempe-</strong></span> 
     </span>
     <span class='ocr_line' id='line_1_65' title="bbox 2434 966 4393 1051; baseline 0.003 -21"><span class='ocrx_word' id='word_1_459' title='bbox 2434 966 2714 1031; x_wconf 91' lang='lat' dir='ltr'><strong>randam</strong></span> <span class='ocrx_word' id='word_1_460' title='bbox 2770 988 2911 1033; x_wconf 91' lang='lat' dir='ltr'><strong>esse</strong></span> <span class='ocrx_word' id='word_1_461' title='bbox 2955 968 3379 1051; x_wconf 89' lang='lat' dir='ltr'><strong>patientiam,</strong></span> <span class='ocrx_word' id='word_1_462' title='bbox 3436 975 3512 1032; x_wconf 88' lang='lat' dir='ltr'><strong>ut</strong></span> <span class='ocrx_word' id='word_1_463' title='bbox 3556 989 3641 1033; x_wconf 89' lang='lat' dir='ltr'><strong>ne</strong></span> <span class='ocrx_word' id='word_1_464' title='bbox 3696 967 4116 1051; x_wconf 90' lang='lat' dir='ltr'><strong>iniquitatem</strong></span> <span class='ocrx_word' id='word_1_465' title='bbox 4160 971 4393 1038; x_wconf 87' lang='lat' dir='ltr'><strong>foveat.</strong></span> 
     </span>
     <span class='ocr_line' id='line_1_66' title="bbox 2431 1052 4397 1140; baseline 0.003 -25"><span class='ocrx_word' id='word_1_466' title='bbox 2431 1053 2618 1135; x_wconf 89' lang='lat' dir='ltr'><strong>Ergo</strong></span> <span class='ocrx_word' id='word_1_467' title='bbox 2663 1052 2854 1131; x_wconf 89' lang='lat' dir='ltr'><strong>hanc,</strong></span> <span class='ocrx_word' id='word_1_468' title='bbox 2899 1073 3065 1136; x_wconf 87' lang='lat' dir='ltr'><strong>quae</strong></span> <span class='ocrx_word' id='word_1_469' title='bbox 3106 1053 3310 1139; x_wconf 84' lang='lat' dir='ltr'><strong>vulgo</strong></span> <span class='ocrx_word' id='word_1_470' title='bbox 3350 1053 3431 1118; x_wconf 89' lang='lat' dir='ltr'><strong>ab</strong></span> <span class='ocrx_word' id='word_1_471' title='bbox 3473 1054 3780 1119; x_wconf 90' lang='lat' dir='ltr'><strong>omnibus</strong></span> <span class='ocrx_word' id='word_1_472' title='bbox 3824 1055 4132 1135; x_wconf 90' lang='lat' dir='ltr'><strong>cernitur,</strong></span> <span class='ocrx_word' id='word_1_473' title='bbox 4176 1056 4397 1140; x_wconf 89' lang='lat' dir='ltr'><strong>papis·</strong></span> 
     </span>
     <span class='ocr_line' id='line_1_67' title="bbox 2434 1137 4395 1223; baseline 0.003 -22"><span class='ocrx_word' id='word_1_474' title='bbox 2434 1138 2549 1202; x_wconf 90' lang='lat' dir='ltr'><strong>tici</strong></span> <span class='ocrx_word' id='word_1_475' title='bbox 2593 1137 2752 1203; x_wconf 89' lang='lat' dir='ltr'><strong>cleri</strong></span> <span class='ocrx_word' id='word_1_476' title='bbox 2795 1138 3386 1219; x_wconf 88' lang='lat' dir='ltr'><strong>sceleratissimam,</strong></span> <span class='ocrx_word' id='word_1_477' title='bbox 3433 1146 3502 1203; x_wconf 92' lang='lat' dir='ltr'><strong>et</strong></span> <span class='ocrx_word' id='word_1_478' title='bbox 3544 1140 3723 1204; x_wconf 89' lang='lat' dir='ltr'><strong>omni</strong></span> <span class='ocrx_word' id='word_1_479' title='bbox 3767 1140 4198 1223; x_wconf 89' lang='lat' dir='ltr'><strong>turpitudinis</strong></span> <span class='ocrx_word' id='word_1_480' title='bbox 4246 1147 4395 1221; x_wconf 81' lang='lat' dir='ltr'><strong>[pag.</strong></span> 
     </span>
     <span class='ocr_line' id='line_1_68' title="bbox 2443 1224 4395 1309; baseline 0.004 -23"><span class='ocrx_word' id='word_1_481' title='bbox 2443 1229 2548 1302; x_wconf 88' lang='lat'><strong>13]</strong></span> <span class='ocrx_word' id='word_1_482' title='bbox 2595 1244 2838 1306; x_wconf 85' lang='lat' dir='ltr'><strong>genere</strong></span> <span class='ocrx_word' id='word_1_483' title='bbox 2876 1225 3290 1307; x_wconf 87' lang='lat' dir='ltr'><strong>inquinatam</strong></span> <span class='ocrx_word' id='word_1_484' title='bbox 3333 1224 3575 1304; x_wconf 84' lang='lat' dir='ltr'><strong>vitam,</strong></span> <span class='ocrx_word' id='word_1_485' title='bbox 3623 1245 3835 1308; x_wconf 91' lang='lat' dir='ltr'><strong>neque</strong></span> <span class='ocrx_word' id='word_1_486' title='bbox 3877 1226 4239 1309; x_wconf 88' lang='lat' dir='ltr'><strong>approbare</strong></span> <span class='ocrx_word' id='word_1_487' title='bbox 4283 1226 4395 1292; x_wconf 89' lang='lat' dir='ltr'><strong>de-</strong></span> 
     </span>
     <span class='ocr_line' id='line_1_69' title="bbox 2435 1307 4395 1393; baseline 0.003 -20"><span class='ocrx_word' id='word_1_488' title='bbox 2435 1307 2700 1374; x_wconf 89' lang='lat' dir='ltr'><strong>buimus</strong></span> <span class='ocrx_word' id='word_1_489' title='bbox 2744 1310 2962 1391; x_wconf 90' lang='lat' dir='ltr'><strong>initio,</strong></span> <span class='ocrx_word' id='word_1_490' title='bbox 3009 1330 3222 1393; x_wconf 90' lang='lat' dir='ltr'><strong>neque</strong></span> <span class='ocrx_word' id='word_1_491' title='bbox 3266 1310 3525 1375; x_wconf 90' lang='lat' dir='ltr'><strong>silentio</strong></span> <span class='ocrx_word' id='word_1_492' title='bbox 3571 1318 3687 1375; x_wconf 92' lang='lat' dir='ltr'><strong>aut</strong></span> <span class='ocrx_word' id='word_1_493' title='bbox 3731 1309 4252 1377; x_wconf 78' lang='lat' dir='ltr'><strong>dissimulatione</strong></span> <span class='ocrx_word' id='word_1_494' title='bbox 4295 1318 4395 1378; x_wconf 88' lang='lat' dir='ltr'><strong>te-</strong></span> 
     </span>
     <span class='ocr_line' id='line_1_70' title="bbox 2434 1395 4392 1481; baseline 0.003 -23"><span class='ocrx_word' id='word_1_495' title='bbox 2434 1415 2607 1478; x_wconf 86' lang='lat' dir='ltr'><strong>gere.</strong></span> <span class='ocrx_word' id='word_1_496' title='bbox 2699 1395 2799 1461; x_wconf 91' lang='lat' dir='ltr'><strong>Ac</strong></span> <span class='ocrx_word' id='word_1_497' title='bbox 2853 1417 2938 1460; x_wconf 92' lang='lat' dir='ltr'><strong>ne</strong></span> <span class='ocrx_word' id='word_1_498' title='bbox 3004 1417 3186 1461; x_wconf 91' lang='lat' dir='ltr'><strong>nunc</strong></span> <span class='ocrx_word' id='word_1_499' title='bbox 3244 1395 3510 1478; x_wconf 88' lang='lat' dir='ltr'><strong>quidem</strong></span> <span class='ocrx_word' id='word_1_500' title='bbox 3584 1417 3666 1460; x_wconf 89' lang='lat' dir='ltr'><strong>ex</strong></span> <span class='ocrx_word' id='word_1_501' title='bbox 3734 1397 3943 1462; x_wconf 87' lang='lat' dir='ltr'><strong>officio</strong></span> <span class='ocrx_word' id='word_1_502' title='bbox 4011 1419 4392 1481; x_wconf 73' lang='lat' dir='ltr'><strong>possumus:</strong></span> 
     </span>
    </p>
   </div>
   <div class='ocr_carea' id='block_1_7' title="bbox 2361 1479 4390 1564">
    <p class='ocr_par' dir='ltr' id='par_1_10' title="bbox 2361 1479 4390 1564">
     <span class='ocr_line' id='line_1_71' title="bbox 2361 1479 4390 1564; baseline 0.001 -19"><span class='ocrx_word' id='word_1_503' title='bbox 2361 1489 2368 1496; x_wconf 86' lang='lat'>&#39;</span> <span class='ocrx_word' id='word_1_504' title='bbox 2433 1481 2821 1561; x_wconf 89' lang='lat' dir='ltr'><strong>praesertim</strong></span> <span class='ocrx_word' id='word_1_505' title='bbox 2848 1501 3054 1564; x_wconf 91' lang='lat' dir='ltr'><strong>quum</strong></span> <span class='ocrx_word' id='word_1_506' title='bbox 3089 1479 3391 1563; x_wconf 89' lang='lat' dir='ltr'><strong>publicae</strong></span> <span class='ocrx_word' id='word_1_507' title='bbox 3427 1480 3895 1547; x_wconf 89' lang='lat' dir='ltr'><strong>aedificationis</strong></span> <span class='ocrx_word' id='word_1_508' title='bbox 3932 1482 3998 1545; x_wconf 90' lang='lat' dir='ltr'><strong>id</strong></span> <span class='ocrx_word' id='word_1_509' title='bbox 4026 1484 4390 1549; x_wconf 89' lang='lat' dir='ltr'><strong>interesset.</strong></span> 
     </span>
    </p>
   </div>
   <div class='ocr_carea' id='block_1_8' title="bbox 2432 1565 4400 3102">
    <p class='ocr_par' dir='ltr' id='par_1_11' title="bbox 2432 1565 4400 3102">
     <span class='ocr_line' id='line_1_72' title="bbox 2433 1565 4394 1650; baseline 0.002 -20"><span class='ocrx_word' id='word_1_510' title='bbox 2433 1565 2607 1630; x_wconf 88' lang='lat' dir='ltr'><strong>Nam</strong></span> <span class='ocrx_word' id='word_1_511' title='bbox 2634 1587 2836 1648; x_wconf 91' lang='lat' dir='ltr'><strong>quum</strong></span> <span class='ocrx_word' id='word_1_512' title='bbox 2867 1586 3063 1632; x_wconf 89' lang='lat' dir='ltr'><strong>eausa</strong></span> <span class='ocrx_word' id='word_1_513' title='bbox 3095 1567 3177 1632; x_wconf 86' lang='lat' dir='ltr'><strong>ab</strong></span> <span class='ocrx_word' id='word_1_514' title='bbox 3213 1566 3373 1649; x_wconf 91' lang='lat' dir='ltr'><strong>ipsis</strong></span> <span class='ocrx_word' id='word_1_515' title='bbox 3407 1567 3790 1650; x_wconf 86' lang='lat' dir='ltr'><strong>proveniret</strong></span> <span class='ocrx_word' id='word_1_516' title='bbox 3818 1567 4006 1632; x_wconf 80' lang='lat' dir='ltr'><strong>velut</strong></span> <span class='ocrx_word' id='word_1_517' title='bbox 4025 1570 4394 1634; x_wconf 89' lang='lat' dir='ltr'><strong>communis</strong></span> 
     </span>
     <span class='ocr_line' id='line_1_73' title="bbox 2434 1651 4395 1738; baseline 0.003 -24"><span class='ocrx_word' id='word_1_518' title='bbox 2434 1651 2755 1733; x_wconf 87' lang='lat' dir='ltr'><strong>quaedam</strong></span> <span class='ocrx_word' id='word_1_519' title='bbox 2798 1651 3129 1734; x_wconf 82' lang='lat' dir='ltr'><strong>contagio,</strong></span> <span class='ocrx_word' id='word_1_520' title='bbox 3189 1672 3322 1717; x_wconf 91' lang='lat' dir='ltr'><strong>non</strong></span> <span class='ocrx_word' id='word_1_521' title='bbox 3382 1652 3576 1717; x_wconf 87' lang='lat' dir='ltr'><strong>aliter</strong></span> <span class='ocrx_word' id='word_1_522' title='bbox 3628 1652 3958 1735; x_wconf 91' lang='lat' dir='ltr'><strong>potuimus</strong></span> <span class='ocrx_word' id='word_1_523' title='bbox 4010 1652 4082 1718; x_wconf 92' lang='lat' dir='ltr'><strong>in</strong></span> <span class='ocrx_word' id='word_1_524' title='bbox 4124 1675 4395 1738; x_wconf 89' lang='lat' dir='ltr'><strong>corpore</strong></span> 
     </span>
     <span class='ocr_line' id='line_1_74' title="bbox 2432 1735 4392 1886; baseline 0.002 -85"><span class='ocrx_word' id='word_1_525' title='bbox 2432 1737 2578 1820; x_wconf 84' lang='lat' dir='ltr'><strong>ipso</strong></span> <span class='ocrx_word' id='word_1_526' title='bbox 2615 1735 2844 1886; x_wconf 51' lang='lat' dir='ltr'><strong>(plebis</strong></span> <span class='ocrx_word' id='word_1_527' title='bbox 2897 1738 3061 1803; x_wconf 79' lang='lat' dir='ltr'><strong>vitia</strong></span> <span class='ocrx_word' id='word_1_528' title='bbox 3111 1758 3471 1821; x_wconf 89' lang='lat' dir='ltr'><strong>repurgare</strong></span> <span class='ocrx_word' id='word_1_529' title='bbox 3488 1789 3503 1817; x_wconf 93' lang='lat'><strong>,</strong></span> <span class='ocrx_word' id='word_1_530' title='bbox 3558 1758 3752 1819; x_wconf 88' lang='lat' dir='ltr'><strong>quam</strong></span> <span class='ocrx_word' id='word_1_531' title='bbox 3810 1757 3919 1802; x_wconf 88' lang='lat' dir='ltr'><strong>eos</strong></span> <span class='ocrx_word' id='word_1_532' title='bbox 3978 1759 4233 1822; x_wconf 91' lang='lat' dir='ltr'><strong>quoque</strong></span> <span class='ocrx_word' id='word_1_533' title='bbox 4287 1761 4392 1805; x_wconf 90' lang='lat' dir='ltr'><strong>ar-</strong></span> 
     </span>
     <span class='ocr_line' id='line_1_75' title="bbox 2434 1821 4389 1906; baseline 0.002 -19"><span class='ocrx_word' id='word_1_534' title='bbox 2434 1843 2609 1906; x_wconf 89' lang='lat' dir='ltr'><strong>guen</strong></span> <span class='ocrx_word' id='word_1_535' title='bbox 2658 1843 2712 1887; x_wconf 90' lang='lat' dir='ltr'><strong>o.</strong></span> <span class='ocrx_word' id='word_1_536' title='bbox 2804 1822 3058 1887; x_wconf 81' lang='lat' dir='ltr'><strong>Verum</strong></span> <span class='ocrx_word' id='word_1_537' title='bbox 3101 1822 3285 1887; x_wconf 90' lang='lat' dir='ltr'><strong>illam</strong></span> <span class='ocrx_word' id='word_1_538' title='bbox 3320 1823 3521 1888; x_wconf 88' lang='lat' dir='ltr'><strong>fuisse</strong></span> <span class='ocrx_word' id='word_1_539' title='bbox 3566 1821 3822 1889; x_wconf 85' lang='lat' dir='ltr'><strong>dissidii</strong></span> <span class='ocrx_word' id='word_1_540' title='bbox 3863 1842 4148 1903; x_wconf 84' lang='lat' dir='ltr'><strong>causam,</strong></span> <span class='ocrx_word' id='word_1_541' title='bbox 4192 1825 4389 1891; x_wconf 88' lang='lat' dir='ltr'><strong>nimis</strong></span> 
     </span>
     <span class='ocr_line' id='line_1_76' title="bbox 2433 1906 4393 1992; baseline 0.003 -22"><span class='ocrx_word' id='word_1_542' title='bbox 2433 1906 2812 1991; x_wconf 89' lang='lat' dir='ltr'><strong>improbum</strong></span> <span class='ocrx_word' id='word_1_543' title='bbox 2848 1914 2949 1973; x_wconf 90' lang='lat' dir='ltr'><strong>est</strong></span> <span class='ocrx_word' id='word_1_544' title='bbox 2990 1907 3435 1973; x_wconf 88' lang='lat' dir='ltr'><strong>mendacium:</strong></span> <span class='ocrx_word' id='word_1_545' title='bbox 3485 1929 3688 1992; x_wconf 91' lang='lat' dir='ltr'><strong>quum</strong></span> <span class='ocrx_word' id='word_1_546' title='bbox 3730 1929 3989 1990; x_wconf 90' lang='lat' dir='ltr'><strong>semper</strong></span> <span class='ocrx_word' id='word_1_547' title='bbox 4032 1910 4212 1974; x_wconf 87' lang='lat' dir='ltr'><strong>clara</strong></span> <span class='ocrx_word' id='word_1_548' title='bbox 4230 1931 4393 1977; x_wconf 84' lang='lat' dir='ltr'><strong>voce</strong></span> 
     </span>
     <span class='ocr_line' id='line_1_77' title="bbox 2434 1992 4393 2076; baseline 0.002 -19"><span class='ocrx_word' id='word_1_549' title='bbox 2434 1993 2711 2076; x_wconf 87' lang='lat' dir='ltr'><strong>professi</strong></span> <span class='ocrx_word' id='word_1_550' title='bbox 2765 1992 3113 2072; x_wconf 88' lang='lat' dir='ltr'><strong>fuerimus,</strong></span> <span class='ocrx_word' id='word_1_551' title='bbox 3170 2014 3292 2058; x_wconf 90' lang='lat' dir='ltr'><strong>nos</strong></span> <span class='ocrx_word' id='word_1_552' title='bbox 3364 1993 3449 2059; x_wconf 92' lang='lat' dir='ltr'><strong>ad</strong></span> <span class='ocrx_word' id='word_1_553' title='bbox 3504 1994 3983 2059; x_wconf 89' lang='lat' dir='ltr'><strong>coniunctionis</strong></span> <span class='ocrx_word' id='word_1_554' title='bbox 4053 1995 4393 2061; x_wconf 86' lang='lat' dir='ltr'><strong>vinculum</strong></span> 
     </span>
     <span class='ocr_line' id='line_1_78' title="bbox 2434 2077 4394 2162; baseline 0.002 -19"><span class='ocrx_word' id='word_1_555' title='bbox 2434 2100 2639 2161; x_wconf 88' lang='lat' dir='ltr'><strong>purae</strong></span> <span class='ocrx_word' id='word_1_556' title='bbox 2692 2099 3017 2162; x_wconf 89' lang='lat' dir='ltr'><strong>sanaeque</strong></span> <span class='ocrx_word' id='word_1_557' title='bbox 3072 2077 3406 2143; x_wconf 88' lang='lat' dir='ltr'><strong>doctrinae</strong></span> <span class='ocrx_word' id='word_1_558' title='bbox 3464 2098 3785 2144; x_wconf 86' lang='lat' dir='ltr'><strong>consensu</strong></span> <span class='ocrx_word' id='word_1_559' title='bbox 3838 2078 3977 2144; x_wconf 86' lang='lat' dir='ltr'><strong>fore</strong></span> <span class='ocrx_word' id='word_1_560' title='bbox 4034 2087 4394 2146; x_wconf 89' lang='lat' dir='ltr'><strong>contentos.</strong></span> 
     </span>
     <span class='ocr_line' id='line_1_79' title="bbox 2435 2161 4396 2247; baseline 0.003 -20"><span class='ocrx_word' id='word_1_561' title='bbox 2435 2161 2661 2244; x_wconf 80' lang='lat' dir='ltr'><strong>Quum</strong></span> <span class='ocrx_word' id='word_1_562' title='bbox 2716 2163 2797 2229; x_wconf 90' lang='lat' dir='ltr'><strong>de</strong></span> <span class='ocrx_word' id='word_1_563' title='bbox 2848 2162 3256 2230; x_wconf 88' lang='lat' dir='ltr'><strong>restituenda</strong></span> <span class='ocrx_word' id='word_1_564' title='bbox 3312 2165 3588 2230; x_wconf 87' lang='lat' dir='ltr'><strong>ecclesia</strong></span> <span class='ocrx_word' id='word_1_565' title='bbox 3630 2164 4001 2247; x_wconf 87' lang='lat' dir='ltr'><strong>quaeritur,</strong></span> <span class='ocrx_word' id='word_1_566' title='bbox 4057 2165 4396 2232; x_wconf 88' lang='lat' dir='ltr'><strong>doctrinae</strong></span> 
     </span>
     <span class='ocr_line' id='line_1_80' title="bbox 2433 2248 4397 2333; baseline 0.002 -20"><span class='ocrx_word' id='word_1_567' title='bbox 2433 2248 2702 2332; x_wconf 90' lang='lat' dir='ltr'><strong>quidem</strong></span> <span class='ocrx_word' id='word_1_568' title='bbox 2745 2249 3046 2315; x_wconf 86' lang='lat' dir='ltr'><strong>addimus</strong></span> <span class='ocrx_word' id='word_1_569' title='bbox 3105 2248 3532 2333; x_wconf 87' lang='lat' dir='ltr'><strong>disciplinam.</strong></span> <span class='ocrx_word' id='word_1_570' title='bbox 3623 2248 3759 2315; x_wconf 86' lang='lat' dir='ltr'><strong>Sed</strong></span> <span class='ocrx_word' id='word_1_571' title='bbox 3818 2249 3999 2315; x_wconf 91' lang='lat' dir='ltr'><strong>aliud</strong></span> <span class='ocrx_word' id='word_1_572' title='bbox 4043 2257 4170 2330; x_wconf 91' lang='lat' dir='ltr'><strong>est,</strong></span> <span class='ocrx_word' id='word_1_573' title='bbox 4216 2252 4397 2316; x_wconf 92' lang='lat' dir='ltr'><strong>colli—</strong></span> 
     </span>
     <span class='ocr_line' id='line_1_81' title="bbox 2433 2332 4393 2418; baseline 0.001 -19"><span class='ocrx_word' id='word_1_574' title='bbox 2433 2334 2688 2418; x_wconf 87' lang='lat' dir='ltr'><strong>gendae</strong></span> <span class='ocrx_word' id='word_1_575' title='bbox 2743 2335 2817 2399; x_wconf 91' lang='lat' dir='ltr'><strong>in</strong></span> <span class='ocrx_word' id='word_1_576' title='bbox 2857 2335 3106 2401; x_wconf 91' lang='lat' dir='ltr'><strong>bonum</strong></span> <span class='ocrx_word' id='word_1_577' title='bbox 3145 2332 3443 2401; x_wconf 91' lang='lat' dir='ltr'><strong>ordinem</strong></span> <span class='ocrx_word' id='word_1_578' title='bbox 3487 2334 3796 2400; x_wconf 86' lang='lat' dir='ltr'><strong>ecelesiae</strong></span> <span class='ocrx_word' id='word_1_579' title='bbox 3841 2334 4134 2414; x_wconf 89' lang='lat' dir='ltr'><strong>studere,</strong></span> <span class='ocrx_word' id='word_1_580' title='bbox 4193 2336 4393 2415; x_wconf 90' lang='lat' dir='ltr'><strong>aliud,</strong></span> 
     </span>
     <span class='ocr_line' id='line_1_82' title="bbox 2437 2418 4395 2505; baseline 0.001 -20"><span class='ocrx_word' id='word_1_581' title='bbox 2437 2421 2520 2485; x_wconf 89' lang='lat' dir='ltr'><strong>ab</strong></span> <span class='ocrx_word' id='word_1_582' title='bbox 2575 2420 2847 2486; x_wconf 90' lang='lat' dir='ltr'><strong>ecelesia</strong></span> <span class='ocrx_word' id='word_1_583' title='bbox 2897 2441 2967 2486; x_wconf 91' lang='lat' dir='ltr'><strong>se</strong></span> <span class='ocrx_word' id='word_1_584' title='bbox 3022 2419 3325 2485; x_wconf 88' lang='lat' dir='ltr'><strong>alienare.</strong></span> <span class='ocrx_word' id='word_1_585' title='bbox 3417 2420 3566 2485; x_wconf 89' lang='lat' dir='ltr'><strong>Hoc</strong></span> <span class='ocrx_word' id='word_1_586' title='bbox 3619 2418 3855 2484; x_wconf 90' lang='lat' dir='ltr'><strong>merito</strong></span> <span class='ocrx_word' id='word_1_587' title='bbox 3909 2420 4098 2485; x_wconf 88' lang='lat' dir='ltr'><strong>nobis</strong></span> <span class='ocrx_word' id='word_1_588' title='bbox 4157 2443 4395 2505; x_wconf 89' lang='lat' dir='ltr'><strong>expro-</strong></span> 
     </span>
     <span class='ocr_line' id='line_1_83' title="bbox 2437 2505 4395 2589; baseline 0.001 -19"><span class='ocrx_word' id='word_1_589' title='bbox 2437 2505 2659 2571; x_wconf 88' lang='lat' dir='ltr'><strong>braret</strong></span> <span class='ocrx_word' id='word_1_590' title='bbox 2691 2505 2996 2589; x_wconf 80' lang='lat' dir='ltr'><strong>Pighius,</strong></span> <span class='ocrx_word' id='word_1_591' title='bbox 3034 2505 3369 2571; x_wconf 88' lang='lat' dir='ltr'><strong>simorum</strong></span> <span class='ocrx_word' id='word_1_592' title='bbox 3406 2513 3663 2570; x_wconf 89' lang='lat' dir='ltr'><strong>tantum</strong></span> <span class='ocrx_word' id='word_1_593' title='bbox 3686 2506 4109 2589; x_wconf 87' lang='lat' dir='ltr'><strong>corruptione</strong></span> <span class='ocrx_word' id='word_1_594' title='bbox 4143 2508 4395 2587; x_wconf 88' lang='lat' dir='ltr'><strong>offensi,</strong></span> 
     </span>
     <span class='ocr_line' id='line_1_84' title="bbox 2436 2590 4395 2673; baseline 0.002 -17"><span class='ocrx_word' id='word_1_595' title='bbox 2436 2593 2824 2657; x_wconf 85' lang='lat' dir='ltr'><strong>renunciata</strong></span> <span class='ocrx_word' id='word_1_596' title='bbox 2849 2590 3158 2657; x_wconf 89' lang='lat' dir='ltr'><strong>ecelesiae</strong></span> <span class='ocrx_word' id='word_1_597' title='bbox 3188 2592 3514 2669; x_wconf 89' lang='lat' dir='ltr'><strong>societate,</strong></span> <span class='ocrx_word' id='word_1_598' title='bbox 3543 2590 3625 2655; x_wconf 85' lang='lat' dir='ltr'><strong>ad</strong></span> <span class='ocrx_word' id='word_1_599' title='bbox 3660 2611 3868 2656; x_wconf 85' lang='lat' dir='ltr'><strong>novas</strong></span> <span class='ocrx_word' id='word_1_600' title='bbox 3913 2598 4135 2673; x_wconf 90' lang='lat' dir='ltr'><strong>partes</strong></span> <span class='ocrx_word' id='word_1_601' title='bbox 4176 2598 4395 2659; x_wconf 85' lang='lat' dir='ltr'><strong>trans-</strong></span> 
     </span>
     <span class='ocr_line' id='line_1_85' title="bbox 2436 2675 4397 2761; baseline 0.002 -20"><span class='ocrx_word' id='word_1_602' title='bbox 2436 2677 2769 2742; x_wconf 90' lang='lat' dir='ltr'><strong>iissemus:</strong></span> <span class='ocrx_word' id='word_1_603' title='bbox 2816 2675 2931 2742; x_wconf 91' lang='lat' dir='ltr'><strong>sed</strong></span> <span class='ocrx_word' id='word_1_604' title='bbox 2975 2698 3181 2761; x_wconf 91' lang='lat' dir='ltr'><strong>quum</strong></span> <span class='ocrx_word' id='word_1_605' title='bbox 3215 2676 3438 2759; x_wconf 89' lang='lat' dir='ltr'><strong>palam</strong></span> <span class='ocrx_word' id='word_1_606' title='bbox 3481 2676 3596 2755; x_wconf 90' lang='lat' dir='ltr'><strong>sit,</strong></span> <span class='ocrx_word' id='word_1_607' title='bbox 3652 2675 3807 2741; x_wconf 92' lang='lat' dir='ltr'><strong>inde</strong></span> <span class='ocrx_word' id='word_1_608' title='bbox 3842 2685 4145 2742; x_wconf 89' lang='lat' dir='ltr'><strong>exortum</strong></span> <span class='ocrx_word' id='word_1_609' title='bbox 4197 2678 4397 2744; x_wconf 85' lang='lat' dir='ltr'><strong>fuisse</strong></span> 
     </span>
     <span class='ocr_line' id='line_1_86' title="bbox 2439 2761 4396 2848; baseline 0.001 -20"><span class='ocrx_word' id='word_1_610' title='bbox 2439 2762 2806 2843; x_wconf 89' lang='lat' dir='ltr'><strong>dissidium,</strong></span> <span class='ocrx_word' id='word_1_611' title='bbox 2852 2761 3023 2847; x_wconf 90' lang='lat' dir='ltr'><strong>quod</strong></span> <span class='ocrx_word' id='word_1_612' title='bbox 3052 2761 3504 2828; x_wconf 88' lang='lat' dir='ltr'><strong>Antichristus</strong></span> <span class='ocrx_word' id='word_1_613' title='bbox 3548 2781 3857 2826; x_wconf 90' lang='lat' dir='ltr'><strong>romanus</strong></span> <span class='ocrx_word' id='word_1_614' title='bbox 3899 2763 4071 2828; x_wconf 85' lang='lat' dir='ltr'><strong>ferre</strong></span> <span class='ocrx_word' id='word_1_615' title='bbox 4105 2785 4238 2828; x_wconf 88' lang='lat' dir='ltr'><strong>non</strong></span> <span class='ocrx_word' id='word_1_616' title='bbox 4280 2785 4396 2848; x_wconf 89' lang='lat' dir='ltr'><strong>po-</strong></span> 
     </span>
     <span class='ocr_line' id='line_1_87' title="bbox 2441 2846 4398 2932; baseline 0.001 -20"><span class='ocrx_word' id='word_1_617' title='bbox 2441 2849 2646 2914; x_wconf 85' lang='lat' dir='ltr'><strong>tuerit</strong></span> <span class='ocrx_word' id='word_1_618' title='bbox 2694 2850 2901 2913; x_wconf 86' lang='lat' dir='ltr'><strong>iustas</strong></span> <span class='ocrx_word' id='word_1_619' title='bbox 2946 2856 3014 2915; x_wconf 89' lang='lat' dir='ltr'><strong>et</strong></span> <span class='ocrx_word' id='word_1_620' title='bbox 3057 2855 3317 2914; x_wconf 87' lang='lat' dir='ltr'><strong>sanetas</strong></span> <span class='ocrx_word' id='word_1_621' title='bbox 3366 2846 3610 2930; x_wconf 90' lang='lat' dir='ltr'><strong>impiae</strong></span> <span class='ocrx_word' id='word_1_622' title='bbox 3645 2868 3767 2912; x_wconf 88' lang='lat' dir='ltr'><strong>sua</strong></span> <span class='ocrx_word' id='word_1_623' title='bbox 3809 2847 4143 2913; x_wconf 88' lang='lat' dir='ltr'><strong>doctrinae</strong></span> <span class='ocrx_word' id='word_1_624' title='bbox 4176 2871 4398 2932; x_wconf 90' lang='lat' dir='ltr'><strong>repre-</strong></span> 
     </span>
     <span class='ocr_line' id='line_1_88' title="bbox 2439 2932 4400 3013; baseline 0 -15"><span class='ocrx_word' id='word_1_625' title='bbox 2439 2934 2810 3013; x_wconf 87' lang='lat' dir='ltr'><strong>hensiones,</strong></span> <span class='ocrx_word' id='word_1_626' title='bbox 2891 2933 3007 2999; x_wconf 92' lang='lat' dir='ltr'><strong>uid</strong></span> <span class='ocrx_word' id='word_1_627' title='bbox 3041 2933 3228 2998; x_wconf 90' lang='lat' dir='ltr'><strong>nobis</strong></span> <span class='ocrx_word' id='word_1_628' title='bbox 3264 2932 3479 3000; x_wconf 89' lang='lat' dir='ltr'><strong>adhuc</strong></span> <span class='ocrx_word' id='word_1_629' title='bbox 3501 2932 3916 2999; x_wconf 89' lang='lat' dir='ltr'><strong>discessionis</strong></span> <span class='ocrx_word' id='word_1_630' title='bbox 3951 2934 4203 3000; x_wconf 88' lang='lat' dir='ltr'><strong>crimen</strong></span> <span class='ocrx_word' id='word_1_631' title='bbox 4237 2935 4400 3000; x_wconf 89' lang='lat' dir='ltr'><strong>obii-</strong></span> 
     </span>
     <span class='ocr_line' id='line_1_89' title="bbox 2440 3018 4400 3102; baseline 0.001 -17"><span class='ocrx_word' id='word_1_632' title='bbox 2440 3019 2652 3085; x_wconf 83' lang='lat' dir='ltr'><strong>citur?</strong></span> <span class='ocrx_word' id='word_1_633' title='bbox 2742 3019 2851 3085; x_wconf 92' lang='lat' dir='ltr'><strong>Ad</strong></span> <span class='ocrx_word' id='word_1_634' title='bbox 2903 3019 2991 3084; x_wconf 84' lang='lat' dir='ltr'><strong>&#39;ta</strong></span> <span class='ocrx_word' id='word_1_635' title='bbox 3034 3019 3253 3097; x_wconf 87' lang='lat' dir='ltr'><strong>etiam,</strong></span> <span class='ocrx_word' id='word_1_636' title='bbox 3300 3018 3357 3084; x_wconf 89' lang='lat' dir='ltr'><strong>si</strong></span> <span class='ocrx_word' id='word_1_637' title='bbox 3390 3019 3538 3084; x_wconf 92' lang='lat' dir='ltr'><strong>Deo</strong></span> <span class='ocrx_word' id='word_1_638' title='bbox 3582 3019 3812 3101; x_wconf 89' lang='lat' dir='ltr'><strong>placet,</strong></span> <span class='ocrx_word' id='word_1_639' title='bbox 3856 3019 4029 3085; x_wconf 88' lang='lat' dir='ltr'><strong>facili</strong></span> <span class='ocrx_word' id='word_1_640' title='bbox 4058 3019 4107 3102; x_wconf 92' lang='lat'><strong>¹)</strong></span> <span class='ocrx_word' id='word_1_641' title='bbox 4155 3020 4400 3086; x_wconf 90' lang='lat' dir='ltr'><strong>calum-</strong></span> 
     </span>
    </p>
   </div>
   <div class='ocr_carea' id='block_1_9' title="bbox 2440 3104 4481 3187">
    <p class='ocr_par' dir='ltr' id='par_1_12' title="bbox 2440 3104 4481 3187">
     <span class='ocr_line' id='line_1_90' title="bbox 2440 3104 4481 3187; baseline 0.002 -18"><span class='ocrx_word' id='word_1_642' title='bbox 2440 3106 2568 3184; x_wconf 90' lang='lat' dir='ltr'><strong>nia,</strong></span> <span class='ocrx_word' id='word_1_643' title='bbox 2616 3104 2825 3170; x_wconf 91' lang='lat' dir='ltr'><strong>solam</strong></span> <span class='ocrx_word' id='word_1_644' title='bbox 2868 3104 3318 3170; x_wconf 88' lang='lat' dir='ltr'><strong>morositatem</strong></span> <span class='ocrx_word' id='word_1_645' title='bbox 3361 3104 3431 3169; x_wconf 92' lang='lat' dir='ltr'><strong>in</strong></span> <span class='ocrx_word' id='word_1_646' title='bbox 3475 3124 3673 3169; x_wconf 89' lang='lat' dir='ltr'><strong>causa</strong></span> <span class='ocrx_word' id='word_1_647' title='bbox 3712 3104 3942 3182; x_wconf 87' lang='lat' dir='ltr'><strong>fuisse,</strong></span> <span class='ocrx_word' id='word_1_648' title='bbox 3990 3105 4168 3187; x_wconf 91' lang='lat' dir='ltr'><strong>quod</strong></span> <span class='ocrx_word' id='word_1_649' title='bbox 4211 3106 4401 3173; x_wconf 91' lang='lat' dir='ltr'><strong>nobis</strong></span> <span class='ocrx_word' id='word_1_650' title='bbox 4471 3117 4481 3124; x_wconf 87' lang='lat'>&#39;</span> 
     </span>
    </p>
   </div>
   <div class='ocr_carea' id='block_1_10' title="bbox 2436 3188 4402 5066">
    <p class='ocr_par' dir='ltr' id='par_1_13' title="bbox 2436 3188 4402 5066">
     <span class='ocr_line' id='line_1_91' title="bbox 2441 3188 4204 3275; baseline -0.001 -19"><span class='ocrx_word' id='word_1_651' title='bbox 2441 3189 2601 3256; x_wconf 90' lang='lat' dir='ltr'><strong>cleri</strong></span> <span class='ocrx_word' id='word_1_652' title='bbox 2634 3210 2858 3255; x_wconf 86' lang='lat' dir='ltr'><strong>mores</strong></span> <span class='ocrx_word' id='word_1_653' title='bbox 2899 3190 3121 3255; x_wconf 90' lang='lat' dir='ltr'><strong>minus</strong></span> <span class='ocrx_word' id='word_1_654' title='bbox 3164 3190 3332 3255; x_wconf 91' lang='lat' dir='ltr'><strong>bene</strong></span> <span class='ocrx_word' id='word_1_655' title='bbox 3376 3190 3717 3272; x_wconf 88' lang='lat' dir='ltr'><strong>compositi</strong></span> <span class='ocrx_word' id='word_1_656' title='bbox 3742 3188 4204 3275; x_wconf 80' lang='lat' dir='ltr'><strong>displicerent.</strong></span> 
     </span>
     <span class='ocr_line' id='line_1_92' title="bbox 2614 3271 4401 3358; baseline 0.001 -19"><span class='ocrx_word' id='word_1_657' title='bbox 2614 3274 2903 3340; x_wconf 84' lang='lat' dir='ltr'><strong>Perinde</strong></span> <span class='ocrx_word' id='word_1_658' title='bbox 2947 3275 3104 3340; x_wconf 85' lang='lat' dir='ltr'><strong>facit</strong></span> <span class='ocrx_word' id='word_1_659' title='bbox 3145 3271 3456 3357; x_wconf 84' lang='lat' dir='ltr'><strong>Pighius,</strong></span> <span class='ocrx_word' id='word_1_660' title='bbox 3505 3295 3581 3339; x_wconf 92' lang='lat' dir='ltr'><strong>ac</strong></span> <span class='ocrx_word' id='word_1_661' title='bbox 3623 3274 3810 3358; x_wconf 88' lang='lat' dir='ltr'><strong>pueri</strong></span> <span class='ocrx_word' id='word_1_662' title='bbox 3854 3274 3928 3337; x_wconf 90' lang='lat' dir='ltr'><strong>in</strong></span> <span class='ocrx_word' id='word_1_663' title='bbox 3973 3274 4244 3341; x_wconf 91' lang='lat' dir='ltr'><strong>scholis:</strong></span> <span class='ocrx_word' id='word_1_664' title='bbox 4285 3276 4401 3358; x_wconf 91' lang='lat' dir='ltr'><strong>qui</strong></span> 
     </span>
     <span class='ocr_line' id='line_1_93' title="bbox 2440 3357 4402 3444; baseline 0.001 -18"><span class='ocrx_word' id='word_1_665' title='bbox 2440 3360 2564 3426; x_wconf 92' lang='lat' dir='ltr'><strong>sibi</strong></span> <span class='ocrx_word' id='word_1_666' title='bbox 2609 3361 2875 3444; x_wconf 86' lang='lat' dir='ltr'><strong>fingunt</strong></span> <span class='ocrx_word' id='word_1_667' title='bbox 2907 3358 3365 3425; x_wconf 83' lang='lat' dir='ltr'><strong>declamitandi</strong></span> <span class='ocrx_word' id='word_1_668' title='bbox 3400 3360 3763 3423; x_wconf 89' lang='lat' dir='ltr'><strong>materiam.</strong></span> <span class='ocrx_word' id='word_1_669' title='bbox 3836 3357 3989 3424; x_wconf 90' lang='lat' dir='ltr'><strong>Duo</strong></span> <span class='ocrx_word' id='word_1_670' title='bbox 4025 3358 4203 3424; x_wconf 91' lang='lat' dir='ltr'><strong>enim</strong></span> <span class='ocrx_word' id='word_1_671' title='bbox 4236 3359 4402 3427; x_wconf 87' lang='lat' dir='ltr'><strong>haec</strong></span> 
     </span>
     <span class='ocr_line' id='line_1_94' title="bbox 2439 3443 4402 3529; baseline -0.001 -19"><span class='ocrx_word' id='word_1_672' title='bbox 2439 3445 2764 3529; x_wconf 90' lang='lat' dir='ltr'><strong>principia</strong></span> <span class='ocrx_word' id='word_1_673' title='bbox 2805 3445 2929 3511; x_wconf 89' lang='lat' dir='ltr'><strong>sibi</strong></span> <span class='ocrx_word' id='word_1_674' title='bbox 2971 3444 3206 3510; x_wconf 89' lang='lat' dir='ltr'><strong>sumit:</strong></span> <span class='ocrx_word' id='word_1_675' title='bbox 3265 3464 3385 3509; x_wconf 89' lang='lat' dir='ltr'><strong>nos</strong></span> <span class='ocrx_word' id='word_1_676' title='bbox 3432 3443 3847 3510; x_wconf 89' lang='lat' dir='ltr'><strong>discessionis</strong></span> <span class='ocrx_word' id='word_1_677' title='bbox 3892 3451 4153 3510; x_wconf 88' lang='lat' dir='ltr'><strong>autores</strong></span> <span class='ocrx_word' id='word_1_678' title='bbox 4197 3447 4402 3511; x_wconf 84' lang='lat' dir='ltr'><strong>exsti-</strong></span> 
     </span>
     <span class='ocr_line' id='line_1_95' title="bbox 2441 3528 4398 3614; baseline 0.001 -19"><span class='ocrx_word' id='word_1_679' title='bbox 2441 3533 2630 3597; x_wconf 89' lang='lat' dir='ltr'><strong>tisse:</strong></span> <span class='ocrx_word' id='word_1_680' title='bbox 2677 3551 2889 3613; x_wconf 90' lang='lat' dir='ltr'><strong>neque</strong></span> <span class='ocrx_word' id='word_1_681' title='bbox 2930 3529 2998 3594; x_wconf 85' lang='lat' dir='ltr'><strong>id</strong></span> <span class='ocrx_word' id='word_1_682' title='bbox 3040 3529 3242 3594; x_wconf 91' lang='lat' dir='ltr'><strong>aliam</strong></span> <span class='ocrx_word' id='word_1_683' title='bbox 3286 3529 3367 3595; x_wconf 92' lang='lat' dir='ltr'><strong>ob</strong></span> <span class='ocrx_word' id='word_1_684' title='bbox 3412 3549 3697 3608; x_wconf 88' lang='lat' dir='ltr'><strong>causam,</strong></span> <span class='ocrx_word' id='word_1_685' title='bbox 3739 3528 3869 3594; x_wconf 86' lang='lat' dir='ltr'><strong>nisi</strong></span> <span class='ocrx_word' id='word_1_686' title='bbox 3913 3528 4084 3612; x_wconf 92' lang='lat' dir='ltr'><strong>quod</strong></span> <span class='ocrx_word' id='word_1_687' title='bbox 4128 3550 4398 3614; x_wconf 90' lang='lat' dir='ltr'><strong>corrup-</strong></span> 
     </span>
     <span class='ocr_line' id='line_1_96' title="bbox 2439 3612 4400 3699; baseline 0.001 -18"><span class='ocrx_word' id='word_1_688' title='bbox 2439 3618 2607 3681; x_wconf 90' lang='lat' dir='ltr'><strong>tiore</strong></span> <span class='ocrx_word' id='word_1_689' title='bbox 2651 3614 3065 3682; x_wconf 87' lang='lat' dir='ltr'><strong>sacerdotum</strong></span> <span class='ocrx_word' id='word_1_690' title='bbox 3100 3615 3247 3690; x_wconf 75' lang='lat' dir='ltr'><strong>,vita</strong></span> <span class='ocrx_word' id='word_1_691' title='bbox 3298 3612 3798 3680; x_wconf 85' lang='lat' dir='ltr'><strong>offenderemur.</strong></span> <span class='ocrx_word' id='word_1_692' title='bbox 3885 3613 4034 3679; x_wconf 88' lang='lat' dir='ltr'><strong>Iam</strong></span> <span class='ocrx_word' id='word_1_693' title='bbox 4078 3636 4400 3699; x_wconf 85' lang='lat' dir='ltr'><strong>negamus</strong></span> 
     </span>
     <span class='ocr_line' id='line_1_97' title="bbox 2440 3700 4400 3784; baseline 0.001 -17"><span class='ocrx_word' id='word_1_694' title='bbox 2440 3703 2705 3768; x_wconf 83' lang='lat' dir='ltr'><strong>initium</strong></span> <span class='ocrx_word' id='word_1_695' title='bbox 2749 3701 3177 3784; x_wconf 85' lang='lat' dir='ltr'><strong>separationis</strong></span> <span class='ocrx_word' id='word_1_696' title='bbox 3221 3719 3261 3764; x_wconf 87' lang='lat' dir='ltr'><strong>a</strong></span> <span class='ocrx_word' id='word_1_697' title='bbox 3301 3700 3492 3766; x_wconf 89' lang='lat' dir='ltr'><strong>nobis</strong></span> <span class='ocrx_word' id='word_1_698' title='bbox 3534 3701 3783 3765; x_wconf 87' lang='lat' dir='ltr'><strong>factum</strong></span> <span class='ocrx_word' id='word_1_699' title='bbox 3819 3720 3979 3778; x_wconf 85' lang='lat' dir='ltr'><strong>esse,</strong></span> <span class='ocrx_word' id='word_1_700' title='bbox 4028 3710 4096 3765; x_wconf 91' lang='lat' dir='ltr'><strong>et</strong></span> <span class='ocrx_word' id='word_1_701' title='bbox 4137 3722 4223 3766; x_wconf 91' lang='lat' dir='ltr'><strong>ne</strong></span> <span class='ocrx_word' id='word_1_702' title='bbox 4267 3708 4400 3768; x_wconf 89' lang='lat' dir='ltr'><strong>ter-</strong></span> 
     </span>
     <span class='ocr_line' id='line_1_98' title="bbox 2440 3785 4401 3871; baseline -0.001 -18"><span class='ocrx_word' id='word_1_703' title='bbox 2440 3787 2765 3871; x_wconf 80' lang='lat' dir='ltr'><strong>giversari</strong></span> <span class='ocrx_word' id='word_1_704' title='bbox 2807 3785 3178 3865; x_wconf 85' lang='lat' dir='ltr'><strong>videamur,</strong></span> <span class='ocrx_word' id='word_1_705' title='bbox 3224 3806 3365 3851; x_wconf 91' lang='lat' dir='ltr'><strong>rem</strong></span> <span class='ocrx_word' id='word_1_706' title='bbox 3417 3786 3662 3870; x_wconf 89' lang='lat' dir='ltr'><strong>ipsam,</strong></span> <span class='ocrx_word' id='word_1_707' title='bbox 3706 3793 3784 3850; x_wconf 90' lang='lat' dir='ltr'><strong>ut</strong></span> <span class='ocrx_word' id='word_1_708' title='bbox 3836 3797 4021 3869; x_wconf 90' lang='lat' dir='ltr'><strong>gesta</strong></span> <span class='ocrx_word' id='word_1_709' title='bbox 4076 3795 4202 3865; x_wconf 92' lang='lat' dir='ltr'><strong>est,</strong></span> <span class='ocrx_word' id='word_1_710' title='bbox 4248 3808 4401 3870; x_wconf 89' lang='lat' dir='ltr'><strong>pro-</strong></span> 
     </span>
     <span class='ocr_line' id='line_1_99' title="bbox 2440 3870 4400 3939; baseline -0.001 -1"><span class='ocrx_word' id='word_1_711' title='bbox 2440 3874 2732 3939; x_wconf 88' lang='lat' dir='ltr'><strong>ferimus.</strong></span> <span class='ocrx_word' id='word_1_712' title='bbox 2821 3872 2858 3937; x_wconf 96' lang='lat' dir='ltr'>I</span> <span class='ocrx_word' id='word_1_713' title='bbox 2904 3894 2979 3938; x_wconf 90' lang='lat' dir='ltr'><strong>sa</strong></span> <span class='ocrx_word' id='word_1_714' title='bbox 3035 3871 3447 3936; x_wconf 90' lang='lat' dir='ltr'><strong>luculentum</strong></span> <span class='ocrx_word' id='word_1_715' title='bbox 3500 3870 3686 3936; x_wconf 91' lang='lat' dir='ltr'><strong>nobis</strong></span> <span class='ocrx_word' id='word_1_716' title='bbox 3747 3872 4196 3937; x_wconf 89' lang='lat' dir='ltr'><strong>testimonium</strong></span> <span class='ocrx_word' id='word_1_717' title='bbox 4251 3871 4400 3936; x_wconf 90' lang='lat' dir='ltr'><strong>red·</strong></span> 
     </span>
     <span class='ocr_line' id='line_1_100' title="bbox 2442 3955 4399 4039; baseline 0 -16"><span class='ocrx_word' id='word_1_718' title='bbox 2442 3958 2571 4037; x_wconf 88' lang='lat' dir='ltr'><strong>dit,</strong></span> <span class='ocrx_word' id='word_1_719' title='bbox 2629 3959 2787 4034; x_wconf 84' lang='lat' dir='ltr'><strong>hinc</strong></span> <span class='ocrx_word' id='word_1_720' title='bbox 2892 3958 3124 4023; x_wconf 83' lang='lat' dir='ltr'><strong>‘visam</strong></span> <span class='ocrx_word' id='word_1_721' title='bbox 3180 3957 3382 4023; x_wconf 78' lang='lat' dir='ltr'><strong>fuisse</strong></span> <span class='ocrx_word' id='word_1_722' title='bbox 3431 3956 3805 4036; x_wconf 91' lang='lat' dir='ltr'><strong>ecclesiam,</strong></span> <span class='ocrx_word' id='word_1_723' title='bbox 3862 3955 4032 4039; x_wconf 91' lang='lat' dir='ltr'><strong>quod</strong></span> <span class='ocrx_word' id='word_1_724' title='bbox 4086 3976 4399 4023; x_wconf 88' lang='lat' dir='ltr'><strong>romanus</strong></span> 
     </span>
     <span class='ocr_line' id='line_1_101' title="bbox 2441 4041 4399 4125; baseline -0.002 -15"><span class='ocrx_word' id='word_1_725' title='bbox 2441 4043 2894 4111; x_wconf 84' lang='lat' dir='ltr'><strong>Antichristus</strong></span> <span class='ocrx_word' id='word_1_726' title='bbox 2950 4064 3059 4108; x_wconf 89' lang='lat' dir='ltr'><strong>eos</strong></span> <span class='ocrx_word' id='word_1_727' title='bbox 3115 4062 3372 4122; x_wconf 89' lang='lat' dir='ltr'><strong>omnes,</strong></span> <span class='ocrx_word' id='word_1_728' title='bbox 3431 4042 3544 4125; x_wconf 91' lang='lat' dir='ltr'><strong>qui</strong></span> <span class='ocrx_word' id='word_1_729' title='bbox 3595 4049 3715 4107; x_wconf 88' lang='lat' dir='ltr'><strong>aut</strong></span> <span class='ocrx_word' id='word_1_730' title='bbox 3756 4063 3876 4125; x_wconf 85' lang='lat' dir='ltr'><strong>pro</strong></span> <span class='ocrx_word' id='word_1_731' title='bbox 3929 4041 4206 4108; x_wconf 84' lang='lat' dir='ltr'><strong>veritate</strong></span> <span class='ocrx_word' id='word_1_732' title='bbox 4248 4062 4399 4108; x_wconf 80' lang='lat' dir='ltr'><strong>ver-</strong></span> 
     </span>
     <span class='ocr_line' id='line_1_102' title="bbox 2439 4127 4399 4214; baseline -0.003 -18"><span class='ocrx_word' id='word_1_733' title='bbox 2439 4130 2602 4196; x_wconf 92' lang='lat' dir='ltr'><strong>bum</strong></span> <span class='ocrx_word' id='word_1_734' title='bbox 2644 4131 2857 4196; x_wconf 86' lang='lat' dir='ltr'><strong>facere</strong></span> <span class='ocrx_word' id='word_1_735' title='bbox 2901 4127 3247 4208; x_wconf 88' lang='lat' dir='ltr'><strong>auderent,</strong></span> <span class='ocrx_word' id='word_1_736' title='bbox 3293 4135 3410 4193; x_wconf 89' lang='lat' dir='ltr'><strong>aut</strong></span> <span class='ocrx_word' id='word_1_737' title='bbox 3451 4149 3597 4193; x_wconf 90' lang='lat' dir='ltr'><strong>eam</strong></span> <span class='ocrx_word' id='word_1_738' title='bbox 3641 4127 4213 4214; x_wconf 76' lang='lat' dir='ltr'><strong>amplecterentur,</strong></span> <span class='ocrx_word' id='word_1_739' title='bbox 4261 4127 4399 4194; x_wconf 85' lang='lat' dir='ltr'><strong>vio·</strong></span> 
     </span>
     <span class='ocr_line' id='line_1_103' title="bbox 2440 4211 4398 4300; baseline -0.002 -20"><span class='ocrx_word' id='word_1_740' title='bbox 2440 4215 2638 4281; x_wconf 90' lang='lat' dir='ltr'><strong>lentis</strong></span> <span class='ocrx_word' id='word_1_741' title='bbox 2673 4236 2750 4281; x_wconf 92' lang='lat' dir='ltr'><strong>ac</strong></span> <span class='ocrx_word' id='word_1_742' title='bbox 2787 4214 3150 4300; x_wconf 83' lang='lat' dir='ltr'><strong>tyrannicis</strong></span> <span class='ocrx_word' id='word_1_743' title='bbox 3184 4213 3414 4294; x_wconf 90' lang='lat' dir='ltr'><strong>modis,</strong></span> <span class='ocrx_word' id='word_1_744' title='bbox 3457 4212 3640 4278; x_wconf 88' lang='lat' dir='ltr'><strong>nulla</strong></span> <span class='ocrx_word' id='word_1_745' title='bbox 3675 4212 4044 4297; x_wconf 82' lang='lat' dir='ltr'><strong>cognitione</strong></span> <span class='ocrx_word' id='word_1_746' title='bbox 4083 4211 4398 4296; x_wconf 89' lang='lat' dir='ltr'><strong>legitima,</strong></span> 
     </span>
     <span class='ocr_line' id='line_1_104' title="bbox 2439 4297 4402 4384; baseline -0.001 -19"><span class='ocrx_word' id='word_1_747' title='bbox 2439 4322 2572 4366; x_wconf 92' lang='lat' dir='ltr'><strong>non</strong></span> <span class='ocrx_word' id='word_1_748' title='bbox 2616 4299 2809 4366; x_wconf 93' lang='lat' dir='ltr'><strong>modo</strong></span> <span class='ocrx_word' id='word_1_749' title='bbox 2853 4306 3114 4384; x_wconf 88' lang='lat' dir='ltr'><strong>praeter</strong></span> <span class='ocrx_word' id='word_1_750' title='bbox 3156 4319 3409 4365; x_wconf 90' lang='lat' dir='ltr'><strong>morem</strong></span> <span class='ocrx_word' id='word_1_751' title='bbox 3451 4299 3978 4376; x_wconf 88' lang='lat' dir='ltr'><strong>ecclesiasticum,</strong></span> <span class='ocrx_word' id='word_1_752' title='bbox 4023 4297 4138 4362; x_wconf 89' lang='lat' dir='ltr'><strong>sed</strong></span> <span class='ocrx_word' id='word_1_753' title='bbox 4173 4303 4402 4363; x_wconf 87' lang='lat' dir='ltr'><strong>contra</strong></span> 
     </span>
     <span class='ocr_line' id='line_1_105' title="bbox 2440 4381 4399 4467; baseline 0 -18"><span class='ocrx_word' id='word_1_754' title='bbox 2440 4393 2590 4467; x_wconf 76' lang='lat' dir='ltr'><strong>[pag.</strong></span> <span class='ocrx_word' id='word_1_755' title='bbox 2646 4392 2749 4467; x_wconf 86' lang='lat'><strong>14]</strong></span> <span class='ocrx_word' id='word_1_756' title='bbox 2813 4405 3076 4451; x_wconf 91' lang='lat' dir='ltr'><strong>omnem</strong></span> <span class='ocrx_word' id='word_1_757' title='bbox 3131 4385 3609 4450; x_wconf 89' lang='lat' dir='ltr'><strong>humanitatem</strong></span> <span class='ocrx_word' id='word_1_758' title='bbox 3675 4382 3946 4465; x_wconf 81' lang='lat' dir='ltr'><strong>expulit.</strong></span> <span class='ocrx_word' id='word_1_759' title='bbox 4035 4383 4128 4447; x_wconf 85' lang='lat' dir='ltr'><strong>Et</strong></span> <span class='ocrx_word' id='word_1_760' title='bbox 4183 4381 4399 4449; x_wconf 87' lang='lat' dir='ltr'><strong>adhuc</strong></span> 
     </span>
     <span class='ocr_line' id='line_1_106' title="bbox 2441 4470 4399 4551; baseline -0.002 -14"><span class='ocrx_word' id='word_1_761' title='bbox 2441 4493 2590 4539; x_wconf 92' lang='lat' dir='ltr'><strong>reos</strong></span> <span class='ocrx_word' id='word_1_762' title='bbox 2635 4470 3020 4537; x_wconf 90' lang='lat' dir='ltr'><strong>defectionis</strong></span> <span class='ocrx_word' id='word_1_763' title='bbox 3057 4491 3176 4536; x_wconf 90' lang='lat' dir='ltr'><strong>nos</strong></span> <span class='ocrx_word' id='word_1_764' title='bbox 3220 4470 3462 4535; x_wconf 87' lang='lat' dir='ltr'><strong>facient</strong></span> <span class='ocrx_word' id='word_1_765' title='bbox 3502 4470 3986 4546; x_wconf 86' lang='lat' dir='ltr'><strong>Romanenses,</strong></span> <span class='ocrx_word' id='word_1_766' title='bbox 4034 4489 4234 4551; x_wconf 92' lang='lat' dir='ltr'><strong>quum</strong></span> <span class='ocrx_word' id='word_1_767' title='bbox 4278 4489 4399 4533; x_wconf 91' lang='lat' dir='ltr'><strong>nos</strong></span> 
     </span>
     <span class='ocr_line' id='line_1_107' title="bbox 2439 4553 4398 4641; baseline -0.002 -19"><span class='ocrx_word' id='word_1_768' title='bbox 2439 4578 2480 4622; x_wconf 93' lang='lat' dir='ltr'><strong>a</strong></span> <span class='ocrx_word' id='word_1_769' title='bbox 2524 4578 2645 4623; x_wconf 89' lang='lat' dir='ltr'><strong>sua</strong></span> <span class='ocrx_word' id='word_1_770' title='bbox 2688 4557 3119 4641; x_wconf 89' lang='lat' dir='ltr'><strong>qualicunque</strong></span> <span class='ocrx_word' id='word_1_771' title='bbox 3177 4553 3631 4621; x_wconf 91' lang='lat' dir='ltr'><strong>communione</strong></span> <span class='ocrx_word' id='word_1_772' title='bbox 3674 4555 3889 4619; x_wconf 86' lang='lat' dir='ltr'><strong>saevis</strong></span> <span class='ocrx_word' id='word_1_773' title='bbox 3934 4561 4003 4618; x_wconf 89' lang='lat' dir='ltr'><strong>et</strong></span> <span class='ocrx_word' id='word_1_774' title='bbox 4043 4553 4398 4638; x_wconf 88' lang='lat' dir='ltr'><strong>sanguina-</strong></span> 
     </span>
     <span class='ocr_line' id='line_1_108' title="bbox 2439 4638 4398 4726; baseline -0.002 -19"><span class='ocrx_word' id='word_1_775' title='bbox 2439 4644 2557 4707; x_wconf 90' lang='lat' dir='ltr'><strong>riis</strong></span> <span class='ocrx_word' id='word_1_776' title='bbox 2601 4640 2836 4708; x_wconf 88' lang='lat' dir='ltr'><strong>edictis</strong></span> <span class='ocrx_word' id='word_1_777' title='bbox 2880 4642 3010 4726; x_wconf 91' lang='lat' dir='ltr'><strong>ipsi</strong></span> <span class='ocrx_word' id='word_1_778' title='bbox 3064 4641 3315 4723; x_wconf 89' lang='lat' dir='ltr'><strong>priores</strong></span> <span class='ocrx_word' id='word_1_779' title='bbox 3371 4638 3860 4706; x_wconf 78' lang='lat' dir='ltr'><strong>abdicaverint?</strong></span> <span class='ocrx_word' id='word_1_780' title='bbox 3942 4639 4148 4723; x_wconf 83' lang='lat' dir='ltr'><strong>Atqui</strong></span> <span class='ocrx_word' id='word_1_781' title='bbox 4193 4639 4398 4705; x_wconf 90' lang='lat' dir='ltr'><strong>satius</strong></span> 
     </span>
     <span class='ocr_line' id='line_1_109' title="bbox 2438 4724 4397 4810; baseline -0.003 -17"><span class='ocrx_word' id='word_1_782' title='bbox 2438 4728 2680 4806; x_wconf 86' lang='lat' dir='ltr'><strong>fuerat,</strong></span> <span class='ocrx_word' id='word_1_783' title='bbox 2726 4727 3078 4792; x_wconf 90' lang='lat' dir='ltr'><strong>tolerantia</strong></span> <span class='ocrx_word' id='word_1_784' title='bbox 3122 4731 3190 4790; x_wconf 92' lang='lat' dir='ltr'><strong>et</strong></span> <span class='ocrx_word' id='word_1_785' title='bbox 3231 4724 3493 4791; x_wconf 90' lang='lat' dir='ltr'><strong>silentio</strong></span> <span class='ocrx_word' id='word_1_786' title='bbox 3535 4745 3765 4810; x_wconf 86' lang='lat' dir='ltr'><strong>pacem</strong></span> <span class='ocrx_word' id='word_1_787' title='bbox 3808 4725 4161 4804; x_wconf 90' lang='lat' dir='ltr'><strong>redimere,</strong></span> <span class='ocrx_word' id='word_1_788' title='bbox 4208 4732 4284 4790; x_wconf 90' lang='lat' dir='ltr'><strong>ut</strong></span> <span class='ocrx_word' id='word_1_789' title='bbox 4324 4726 4397 4788; x_wconf 88' lang='lat' dir='ltr'><strong>in</strong></span> 
     </span>
     <span class='ocr_line' id='line_1_110' title="bbox 2436 4809 4395 4895; baseline -0.002 -17"><span class='ocrx_word' id='word_1_790' title='bbox 2436 4814 2589 4879; x_wconf 90' lang='lat' dir='ltr'><strong>fidei</strong></span> <span class='ocrx_word' id='word_1_791' title='bbox 2628 4813 2886 4877; x_wconf 90' lang='lat' dir='ltr'><strong>unitate</strong></span> <span class='ocrx_word' id='word_1_792' title='bbox 2926 4831 3485 4895; x_wconf 88' lang='lat' dir='ltr'><strong>permaneremus,</strong></span> <span class='ocrx_word' id='word_1_793' title='bbox 3544 4831 3738 4894; x_wconf 90' lang='lat' dir='ltr'><strong>quam</strong></span> <span class='ocrx_word' id='word_1_794' title='bbox 3798 4810 4077 4875; x_wconf 91' lang='lat' dir='ltr'><strong>nimium</strong></span> <span class='ocrx_word' id='word_1_795' title='bbox 4133 4809 4395 4876; x_wconf 88' lang='lat' dir='ltr'><strong>acribus</strong></span> 
     </span>
     <span class='ocr_line' id='line_1_111' title="bbox 2438 4895 4392 4981; baseline -0.003 -17"><span class='ocrx_word' id='word_1_796' title='bbox 2438 4898 2746 4965; x_wconf 88' lang='lat' dir='ltr'><strong>remediis</strong></span> <span class='ocrx_word' id='word_1_797' title='bbox 2779 4896 3043 4963; x_wconf 89' lang='lat' dir='ltr'><strong>exitiale</strong></span> <span class='ocrx_word' id='word_1_798' title='bbox 3076 4896 3150 4960; x_wconf 92' lang='lat' dir='ltr'><strong>in</strong></span> <span class='ocrx_word' id='word_1_799' title='bbox 3194 4902 3330 4962; x_wconf 78' lang='lat' dir='ltr'><strong>toto</strong></span> <span class='ocrx_word' id='word_1_800' title='bbox 3364 4918 3630 4981; x_wconf 91' lang='lat' dir='ltr'><strong>corpore</strong></span> <span class='ocrx_word' id='word_1_801' title='bbox 3664 4896 4043 4963; x_wconf 90' lang='lat' dir='ltr'><strong>incendium</strong></span> <span class='ocrx_word' id='word_1_802' title='bbox 4085 4895 4392 4961; x_wconf 86' lang='lat' dir='ltr'><strong>excitare.</strong></span> 
     </span>
     <span class='ocr_line' id='line_1_112' title="bbox 2439 4980 4395 5066; baseline -0.002 -17"><span class='ocrx_word' id='word_1_803' title='bbox 2439 4983 2661 5066; x_wconf 78' lang='lat' dir='ltr'><strong>Quam</strong></span> <span class='ocrx_word' id='word_1_804' title='bbox 2702 4992 2779 5048; x_wconf 91' lang='lat' dir='ltr'><strong>tu</strong></span> <span class='ocrx_word' id='word_1_805' title='bbox 2821 4983 2929 5048; x_wconf 90' lang='lat' dir='ltr'><strong>hic</strong></span> <span class='ocrx_word' id='word_1_806' title='bbox 2967 4980 3134 5047; x_wconf 90' lang='lat' dir='ltr'><strong>mihi</strong></span> <span class='ocrx_word' id='word_1_807' title='bbox 3176 5003 3437 5065; x_wconf 89' lang='lat' dir='ltr'><strong>pacem,</strong></span> <span class='ocrx_word' id='word_1_808' title='bbox 3501 4988 3571 5049; x_wconf 88' lang='lat' dir='ltr'><strong>et</strong></span> <span class='ocrx_word' id='word_1_809' title='bbox 3618 5003 3817 5066; x_wconf 90' lang='lat' dir='ltr'><strong>quam</strong></span> <span class='ocrx_word' id='word_1_810' title='bbox 3866 4981 4021 5048; x_wconf 88' lang='lat' dir='ltr'><strong>fidei</strong></span> <span class='ocrx_word' id='word_1_811' title='bbox 4071 4981 4395 5047; x_wconf 90' lang='lat' dir='ltr'><strong>unitatem</strong></span> 
     </span>
    </p>
   </div>
   <div class='ocr_carea' id='block_1_11' title="bbox 2441 5118 2851 5129">
    <p class='ocr_par' dir='ltr' id='par_1_14' title="bbox 2441 5118 2851 5129">
     <span class='ocr_line' id='line_1_113' title="bbox 2441 5118 2851 5129; baseline 0 0"><span class='ocrx_word' id='word_1_812' title='bbox 2441 5118 2851 5129; x_wconf 95' lang='lat' dir='ltr'><strong> </strong></span> 
     </span>
    </p>
   </div>
   <div class='ocr_carea' id='block_1_12' title="bbox 2437 5183 4395 5389">
    <p class='ocr_par' dir='ltr' id='par_1_15' title="bbox 2437 5183 4395 5389">
     <span class='ocr_line' id='line_1_114' title="bbox 2576 5183 4395 5312; baseline -0.003 -70"><span class='ocrx_word' id='word_1_813' title='bbox 2576 5189 2637 5254; x_wconf 89' lang='lat'><strong>1)</strong></span> <span class='ocrx_word' id='word_1_814' title='bbox 2675 5188 2851 5271; x_wconf 66' lang='lat' dir='ltr'><strong>facili,</strong></span> <span class='ocrx_word' id='word_1_815' title='bbox 2895 5187 3093 5271; x_wconf 61' lang='lat' dir='ltr'><strong>leqitur</strong></span> <span class='ocrx_word' id='word_1_816' title='bbox 3125 5186 3190 5240; x_wconf 71' lang='lat' dir='ltr'><strong>in</strong></span> <span class='ocrx_word' id='word_1_817' title='bbox 3223 5185 3343 5268; x_wconf 61' lang='lat' dir='ltr'><strong>sola</strong></span> <span class='ocrx_word' id='word_1_818' title='bbox 3359 5186 3613 5270; x_wconf 38' lang='lat' dir='ltr'><strong>‚editioae</strong></span> <span class='ocrx_word' id='word_1_819' title='bbox 3627 5202 3908 5312; x_wconf 59' lang='grc' dir='ltr'><strong>ἔκπωμα.</strong></span> <span class='ocrx_word' id='word_1_820' title='bbox 3981 5183 4231 5266; x_wconf 55' lang='grc' dir='ltr'><strong>Μαρία·</strong></span> <span class='ocrx_word' id='word_1_821' title='bbox 4259 5183 4395 5238; x_wconf 66' lang='lat' dir='ltr'><strong>luber</strong></span> 
     </span>
     <span class='ocr_line' id='line_1_115' title="bbox 2437 5250 4287 5389; baseline -0.006 -74"><span class='ocrx_word' id='word_1_822' title='bbox 2437 5266 2492 5315; x_wconf 82' lang='lat' dir='ltr'><strong>et</strong></span> <span class='ocrx_word' id='word_1_823' title='bbox 2525 5273 2708 5315; x_wconf 71' lang='lat' dir='ltr'><strong>omnes</strong></span> <span class='ocrx_word' id='word_1_824' title='bbox 2740 5258 2939 5329; x_wconf 73' lang='lat' dir='ltr'><strong>reltqm</strong></span> <span class='ocrx_word' id='word_1_825' title='bbox 2971 5256 3197 5312; x_wconf 70' lang='lat' dir='ltr'><strong>habent:</strong></span> <span class='ocrx_word' id='word_1_826' title='bbox 3230 5255 3391 5326; x_wconf 79' lang='lat' dir='ltr'><strong>fuul1,</strong></span> <span class='ocrx_word' id='word_1_827' title='bbox 3426 5262 3477 5311; x_wconf 77' lang='lat' dir='ltr'><strong>et</strong></span> <span class='ocrx_word' id='word_1_828' title='bbox 3508 5271 3589 5312; x_wconf 73' lang='lat' dir='ltr'><strong>etc</strong></span> <span class='ocrx_word' id='word_1_829' title='bbox 3681 5258 3825 5312; x_wconf 71' lang='lat' dir='ltr'><strong>allus</strong></span> <span class='ocrx_word' id='word_1_830' title='bbox 3858 5259 4048 5389; x_wconf 52' lang='lat' dir='ltr'><strong>vega.-</strong></span> <span class='ocrx_word' id='word_1_831' title='bbox 4079 5250 4287 5364; x_wconf 71' lang='lat' dir='ltr'><strong>frivole.</strong></span> 
     </span>
    </p>
   </div>
  </div>
 </body>
</html>
