4967 5992
573 305 706 368 499

577 489 716 555 cari
757 485 1135 572 labyrintho
1178 505 1289 551 eos
1323 490 1639 568 oporteat,
1673 484 2052 568 quicunque
2083 483 2202 550 illa
2238 483 2386 567 lege
2425 484 2541 549 ob-

578 574 818 658 stringi
871 593 943 637 se
997 576 1252 656 putant.
1343 571 1731 636 Accesserat
1772 568 1858 636 ad
1897 578 2032 635 tam
2076 568 2341 636 crudele
2383 587 2542 635 con-

580 660 1009 725 scientiarum
1069 664 1478 722 tormentum
1535 655 1919 738 blasphema
1971 656 2307 739 superbia,
2368 652 2542 737 quod

574 751 992 830 peccatorum
1037 741 1492 808 remissionem
1533 741 1668 806 illic
1707 741 2130 808 incluserant.
2188 740 2543 806 Neminem

577 831 759 897 enim
823 831 1093 895 veniam
1157 850 1198 895 a
1261 829 1407 893 Deo
1469 825 1764 892 obtinere
1815 828 2188 912 fingebant,
2255 825 2386 891 nisi
2428 825 2543 909 qui

575 921 728 996 [pag.
764 920 871 995 ’18]
925 922 1155 983 votum
1209 913 1485 979 haberet
1551 912 1922 978 confitendi.
2024 912 2359 994 Quidnam
2416 912 2543 977 hoc

582 1022 824 1084 quaeso
869 1008 998 1081 est,
1053 1012 1130 1064 ut
1185 998 1451 1064 modum
1505 1020 1588 1064 ex
1644 1019 1764 1064 suo
1820 1000 2034 1082 capite
2089 997 2544 1083 praescribant

581 1088 912 1166 homines,
970 1107 1099 1169 quo
1150 1085 1607 1150 reconcilietur
1650 1084 1794 1150 Deo
1837 1082 2183 1167 peccator?
2229 1091 2336 1163 ut,
2393 1083 2542 1147 Deo

581 1174 844 1238 veniam
883 1171 1267 1254 simpliciter
1300 1170 1637 1250 offerente,
1681 1170 1810 1253 ipsi
1843 1178 2106 1255 negent,
2145 1170 2352 1235 donec
2386 1189 2542 1234 con-

581 1259 773 1337 ditio,
817 1278 1012 1340 quam
1058 1256 1483 1335 addiderunt,
1528 1256 1806 1340 impleta
1846 1255 2091 1321 fuerit?
2179 1256 2289 1320 Ex
2335 1254 2544 1319 altera

578 1351 770 1428 parto
814 1343 975 1409 haec
1015 1344 1306 1426 pessima
1347 1342 1726 1431 superstitio
1761 1341 2079 1425 populum
2111 1339 2406 1406 tenebat:
2453 1339 2542 1405 si-

578 1429 720 1495 mul
778 1448 855 1494 ac
904 1429 974 1494 in
1030 1448 1258 1493 aurem
1306 1427 1662 1493 sacerdotis
1717 1436 2186 1494 exonerassent
2228 1447 2351 1492 sua
2389 1446 2544 1509 pec-

581 1522 760 1595 cata,
819 1515 997 1579 omni
1052 1536 1122 1580 se
1176 1520 1363 1579 reatu
1418 1535 1561 1578 esse
1617 1513 1946 1579 liberatos.
2035 1513 2184 1579 Hac
2235 1511 2544 1595 opinione

581 1601 777 1666 multi
821 1601 903 1666 ad
941 1600 1322 1668 solutiorem
1358 1597 1669 1682 peccandi
1703 1599 2038 1665 licentiam
2073 1598 2542 1664 abutebantur:

582 1689 695 1771 qui
738 1695 962 1752 autem
1006 1686 1236 1750 maiori
1280 1684 1411 1749 Dei
1456 1684 1688 1750 timore
1731 1683 2009 1767 praediti
2055 1694 2265 1763 erant,
2312 1682 2396 1748 ad
2439 1704 2542 1748 sa-

588 1772 920 1839 cerdotem
963 1776 1185 1835 tamen
1231 1771 1461 1854 magis,
1507 1791 1704 1853 quam
1748 1769 1831 1835 ad
1875 1769 2240 1850 Christum,
2287 1789 2544 1852 respec-

589 1860 836 1939 tabant.
929 1856 1310 1934 Caeterum,
1366 1855 1698 1938 publicam
1754 1876 1830 1921 ac
1883 1857 2222 1922 solennem
2281 1875 2545 1921 exomo-

589 1942 874 2091 logesin,
933 1941 1124 2007 sicuti
1175 1947 1367 2009 vocat
1409 1941 1816 2025 Cyprianus,
1875 1963 2043 2027 quae
2085 1942 2242 2006 olim
2285 1940 2547 2025 iniungi

591 2047 666 2094 80
694 2028 846 2093 ebat
885 2027 1394 2111 poenitentibuS,
1449 2048 1658 2110 quum
1710 2027 2024 2094 ecelesiae
2077 2026 2545 2094 reconciliandi

592 2115 826 2192 forent,
871 2135 1065 2178 nemo
1108 2134 1307 2180 sanus
1349 2120 1479 2192 est,
1527 2115 1636 2196 qui
1680 2134 1813 2178 non
1859 2112 2098 2192 laudet,
2146 2134 2223 2180 ac
2264 2112 2549 2178 libenter

593 2198 1050 2283 amplectatur:
1118 2199 1312 2263 modo
1370 2220 1504 2263 non
1560 2199 1631 2264 in
1688 2200 1891 2264 alium
1956 2199 2266 2264 trahatur
2322 2200 2545 2277 finem,

593 2306 788 2369 quam
848 2306 976 2369 quo
1035 2285 1342 2351 instituta
1397 2286 1537 2350 fuit.
1627 2286 1966 2369 Denique,
2021 2284 2188 2350 nihil
2245 2285 2436 2350 nobis
2476 2284 2547 2347 in

592 2372 718 2437 hac
773 2392 846 2435 re
903 2378 1003 2437 est
1057 2372 1542 2437 controversiae
1592 2390 1745 2436 eum
1808 2372 2021 2439 veteri
2077 2370 2376 2437 ecclesia:
2432 2367 2549 2433 sed

587 2464 919 2523 recentem
953 2457 1145 2522 modo
1176 2456 1619 2540 tyrannidem,
1657 2477 1781 2523 nec
1809 2458 1905 2522 ita
1938 2456 2194 2542 pridem
2228 2463 2547 2533 exortam,

593 2563 632 2607 a
685 2541 978 2608 fidelium
1044 2542 1406 2608 cervicibus
1471 2542 1918 2626 profligatam,
1986 2543 2181 2609 sicuti
2243 2563 2365 2627 par
2427 2547 2548 2620 est,

590 2628 913 2694 volumus.
985 2629 1342 2693 Praeterea
1380 2628 1435 2691 si
1479 2628 1642 2710 quis,
1685 2637 1762 2692 ut·
1802 2627 2241 2694 consolatione
2287 2635 2356 2692 et
2395 2649 2548 2694 con-

592 2714 739 2779 silio
783 2716 1078 2791 iuvetur,
1148 2713 1460 2797 privatim
1519 2714 1896 2778 ministrum
1953 2734 2146 2779 suum
2203 2711 2425 2790 adeat,
2482 2720 2554 2778 et

594 2800 1009 2864 familiariter
1057 2800 1128 2863 in
1183 2799 1323 2863 eius
1390 2800 1613 2862 sinum
1671 2798 1959 2881 deponat
2024 2799 2326 2864 axietatis
2392 2818 2551 2864 suae

593 2906 855 2962 causas,
912 2883 1073 2967 quin
1126 2882 1196 2947 id
1240 2883 1345 2965 pie
1389 2889 1459 2947 et
1499 2883 1749 2949 utiliter
1789 2886 1934 2963 fiat,
1991 2904 2403 2967 nequaquam
2446 2905 2551 2949 re-

595 2972 961 3118 fragamur:
1039 2968 1233 3033 modo
1308 2990 1393 3033 110
1460 2990 1543 3033 ex
1621 2969 1925 3036 libertate
1993 2971 2113 3036 fiat
2175 2970 2548 3036 necessitas

595 3056 698 3119 Re
729 3057 1068 3139 inquatur,
1113 3055 1415 3137 inquam,
1461 3055 1569 3121 1110
1612 3056 1846 3139 cuique
1887 3057 2175 3134 libertas,
2220 3062 2296 3121 ut
2338 3057 2550 3133 faciat,

596 3140 770 3224 quod
814 3140 933 3206 sibi
981 3140 1288 3222 expedire
1333 3142 1621 3208 noverit:
1681 3142 1927 3207 nullius
1971 3144 2367 3209 conscientia
2409 3163 2552 3208 eer-

595 3227 681 3292 tis
724 3225 978 3311 legibus
1022 3226 1154 3292 obli
1201 3235 1366 3293 etur.
1438 3228 1623 3294 Haec
1666 3229 2002 3294 excusatio
2047 3235 2189 3294 tum
2224 3228 2553 3294 maiestati

593 3324 766 3389 tuae,
797 3320 873 3377 ut
908 3333 1118 3394 spero,
1215 3335 1419 3393 aesar,
1458 3323 1602 3379 tum
1639 3314 1843 3393 vobis,
1886 3314 2318 3380 illustrissimi
2354 3314 2552 3380 Prin-

594 3399 788 3481 cipes,
835 3399 1003 3464 sicut
1043 3399 1239 3481 plena
1283 3408 1383 3464 est
1426 3400 1794 3483 aequitatis,
1842 3401 2215 3467 satisfaciet.

769 3487 917 3563 [pag.
955 3490 1064 3564 79]
1119 3485 1402 3563 Verum,
1460 3494 1791 3569 utcunque
1845 3487 2113 3565 merito,
2174 3497 2241 3550 et
2281 3505 2552 3568 corrup-

599 3580 734 3635 tam
792 3570 1084 3636 veritatis
1143 3570 1534 3650 doctrinam,
1587 3580 1654 3636 et
1711 3571 2275 3637 christianismum
2337 3578 2552 3636 totum

595 3656 821 3721 multis
865 3656 1043 3721 vitiis
1079 3658 1492 3737 profanatum
1526 3657 1729 3723 fuisse
1763 3679 2261 3741 conqueramur,
2302 3664 2554 3740 negant

594 3751 819 3806 tamen
881 3742 1386 3824 reprehensores
1441 3743 1684 3822 nostri,
1740 3752 2087 3827 propterea
2141 3744 2343 3809 fuisse
2400 3764 2551 3808 eau-

597 3849 768 3905 sam,
824 3848 942 3892 eur
997 3826 1335 3891 ecclesiam
1390 3828 1552 3894 adeo
1603 3828 1888 3908 turbari,
1955 3837 2024 3894 et
2077 3827 2553 3913 quodammodo

593 3913 857 3979 concuti
913 3919 1239 3977 terrarum
1286 3912 1510 3979 orbem
1563 3916 1941 3999 oportuerit.
2028 3914 2383 3998 Equidem,
2430 3935 2553 3980 nec

590 4001 686 4064 ita
741 4020 969 4063 sumus
1030 3998 1303 4080 stupidi,
1361 4000 1520 4081 quin
1577 4001 1941 4066 sentiamus
1984 4010 2389 4084 quantopere
2443 4021 2552 4066 ca-

589 4083 792 4150 vendi
848 4085 984 4150 sint
1037 4083 1281 4168 publici
1338 4086 1694 4152 tumultus:
1755 4108 1877 4152 nec
1942 4087 2036 4152 ita
2093 4088 2319 4166 ferrei,
2388 4086 2552 4170 quin

590 4178 978 4255 tangamur,
1060 4179 1252 4252 atquc
1330 4172 1529 4235 etiam
1607 4171 1997 4239 horreamus
2069 4180 2206 4238 toto
2268 4179 2550 4256 pectore,

590 4277 796 4339 quum
838 4255 1292 4321 turbulentum
1341 4256 1518 4321 hunc
1561 4258 1892 4323 cernimus
1934 4258 2244 4324 ecclesiae
2286 4266 2549 4323 statum.

591 4343 846 4406 Verum
902 4363 1032 4425 qua
1075 4343 1402 4425 aequitate
1457 4344 1648 4408 nobis
1690 4343 2056 4426 imputatur
2102 4344 2552 4429 praesentium

594 4435 892 4491 motuum
937 4428 1149 4511 culpa,
1194 4450 1395 4511 quum
1443 4450 1483 4493 a
1524 4430 1713 4495 nobis
1745 4430 2020 4496 minime
2060 4430 2367 4496 concitati
2411 4430 2552 4495 fue-

594 4511 777 4576 rint?
867 4514 1011 4577 Imo
1054 4535 1182 4597 qua
1224 4515 1437 4580 fronte
1490 4514 1680 4582 uobis
1722 4515 2025 4582 turbatae
2070 4517 2379 4582 ecclesiae
2423 4516 2551 4581 cri-

595 4618 748 4660 men
796 4597 1127 4676 obiieiunt,
1174 4622 1334 4682 quos
1382 4610 1636 4667 constat
1681 4603 1973 4667 omnium
2023 4603 2363 4669 turbarum
2408 4622 2552 4667 esse

596 4681 901 4747 autores?
947 4683 1121 4766 Lupi
1156 4685 1403 4750 scilicet
1430 4687 1511 4752 de
1543 4689 1733 4771 agnis
1766 4700 2275 4771 conqueruntur.
2323 4686 2553 4768 Quum

594 4768 784 4833 initio
827 4767 1069 4850 prodiit
1101 4770 1457 4851 Lutherus,
1503 4794 1744 4856 paucos
1779 4783 2062 4855 tantum,
2108 4781 2174 4839 et
2207 4795 2317 4840 eos
2352 4773 2554 4838 nimis

596 4875 852 4919 crassos
896 4854 1173 4937 abusuS,
1217 4876 1338 4920 nec
1375 4859 1507 4922 iam
1548 4859 1952 4939 tolerabileS,
1999 4861 2236 4926 leviter
2277 4859 2555 4924 notabat

594 4938 791 5089 1113110
835 4961 914 5005 08
956 4939 1290 5019 modestia,
1335 4951 1408 5007 111
1451 4965 1561 5009 008
1605 4955 1929 5012 correctos
1971 4967 2207 5031 cupere
2245 4967 2314 5011 se
2341 4945 2554 5028 magis

594 5027 664 5090 in
713 5027 934 5104 iearet,
979 5046 1174 5108 quam
1216 5026 1487 5092 auderet
1529 5031 1668 5112 ipse
1712 5033 2055 5116 corrigere.
2144 5032 2277 5097 Hie
2320 5031 2401 5095 ab
2438 5030 2553 5096 ad-

597 5133 794 5178 versa
848 5120 1036 5196 part-e
1080 5112 1162 5177 ad
1202 5133 1386 5177 arma
1427 5116 1730 5197 protinus
1774 5118 2249 5184 conclamatum
2298 5123 2430 5182 est:
2486 5123 2556 5182 et

594 5220 800 5283 quum
855 5199 1067 5283 magis
1128 5221 1204 5264 ac
1255 5201 1470 5285 magis
1515 5199 1980 5267 accenderetur
2023 5204 2380 5282 eontentio,
2424 5202 2551 5268 1100

2188 294 2318 361 DE
2362 291 3005 362 NECESSITATE

4484 297 4607 357 500

2645 482 2968 581 optimum
3011 479 3479 564 compendium
3531 500 3674 546 esse
3719 479 4057 546 duxerunt
4112 480 4338 546 hostes
4380 481 4609 559 nostri,

2644 590 2713 633 vl
2757 573 2826 632 et
2884 567 3160 634 saevitia
3211 567 3565 632 veritatem
3630 566 4017 650 opprimere.
4114 565 4352 650 Itaque
4407 587 4612 649 quum

2645 652 2859 718 nostri
2899 652 3205 718 homines
3249 652 3333 717 ad
3392 653 3668 718 amicam
3715 652 4253 734 disceptationem
4294 672 4613 735 provoca·

2647 746 2829 817 rent,
2885 746 2954 803 01
3007 737 3284 822 placidis
3338 738 3703 804 rationibus
3761 745 4075 821 cuperent
4118 737 4390 803 dissidia
4439 758 4612 802 eom-

2646 825 2804 908 poni
2838 824 3283 909 sanguinariis
3320 821 3551 891 edictis
3574 823 3930 891 crudeliter
3954 825 4179 890 vexati
4201 830 4379 902 sunt,
4408 822 4613 890 donec

2659 910 2743 975 ad
2789 911 3102 975 miseram
3156 910 3353 975 istam
3406 909 3902 994 dissipationem
3959 930 4068 974 res
4132 916 4237 974 est
4274 908 4610 993 perducta.

2816 996 3049 1079 Neque
3117 1003 3345 1061 tamen
3410 995 3576 1062 haec
3652 1015 3831 1060 nova
3894 1002 3998 1060 est
4063 995 4412 1061 calumnia.
4512 995 4608 1075 Id,

2646 1081 2819 1165 quod
2863 1081 3090 1147 audire
3135 1102 3316 1147 nunc
3358 1082 3681 1166 cogimur,
3725 1080 4167 1163 exprobrabat
4209 1081 4411 1146 etiam
4456 1081 4613 1146 011111

2646 1167 2888 1250 1111111118
2957 1172 3103 1246 [pag.
3154 1172 3264 1247 80]
3322 1167 3436 1232 ille
3491 1167 3726 1233 Achab
3791 1167 4059 1232 Heliae:
4130 1187 4369 1250 nempe
4439 1166 4612 1250 quod

2645 1253 2944 1318 turbaret
2986 1252 3301 1319 Israelem
3354 1257 3417 1336 (1
3459 1252 3626 1337 Reg.
3679 1256 3776 1331 18,
3824 1253 3949 1335 17).
4038 1252 4294 1318 Verum
4340 1260 4610 1319 sanctus

2645 1338 2972 1422 propheta
3037 1359 3158 1404 sua
3215 1338 3644 1422 responsione
3709 1359 3829 1405 nos
3888 1338 4199 1404 absolvit:
4267 1338 4424 1403 Non
4490 1361 4609 1424 ego

2647 1444 2824 1503 sum,
2868 1424 3112 1507 inquit,
3169 1423 3285 1490 sed
3328 1432 3406 1490 tu
3462 1431 3531 1489 et
3575 1423 3811 1490 domus
3864 1426 4074 1509 patris
4116 1424 4247 1489 tui:
4302 1425 4460 1508 quia
4504 1423 4609 1491 de-

2646 1510 3005 1594 reliquistis
3048 1508 3443 1589 Dominum,
3491 1517 3560 1576 et
3602 1509 3855 1576 abiistis
3896 1519 4045 1594 post
4084 1510 4367 1577 Baalim.
4459 1511 4607 1577 Non

2648 1616 2806 1680 ergo
2863 1616 2947 1660 ex
3003 1617 3080 1662 eo
3135 1596 3402 1680 gravari
3454 1617 3575 1661 nos
3618 1596 3870 1662 invidia
3924 1617 4206 1680 aequum
4249 1603 4379 1676 081,
4442 1597 4609 1680 quod

2649 1681 2843 1746 hodie
2897 1682 3113 1747 fervet
3167 1683 3344 1747 inter
3409 1680 3829 1749 Christianos
3888 1690 4026 1747 tam
4095 1702 4246 1748 acre
4311 1682 4395 1749 de
4456 1682 4608 1749 reli-

2650 1769 2844 1850 gione
2887 1775 3254 1833 certamen:
3313 1767 3444 1833 nisi
3499 1767 3769 1834 Heliam
3820 1768 4135 1834 damnare
4188 1769 4482 1851 primum
4533 1768 4606 1833 li-

2649 1853 2828 1931 beat,
2895 1874 3046 1919 cum
3101 1874 3232 1937 quo
3284 1852 3472 1919 nobis
3525 1855 3891 1920 communis
3935 1861 4037 1920 est
4091 1853 4399 1921 defensio.
4489 1854 4607 1920 Ille

2650 1959 2720 2004 se
2765 1938 2890 2003 hae
2932 1939 3073 2005 sola
3114 1938 3370 2004 ratione
3410 1950 3703 2020 excusat,
3748 1938 3921 2024 quod
3962 1959 4097 2004 non
4136 1939 4266 2005 nisi
4308 1961 4433 2024 pro
4466 1942 4606 2004 vin-

2651 2023 2931 2091 dicanda
2982 2026 3113 2090 Dei
3171 2024 3383 2109 gloria
3436 2032 3505 2090 et
3562 2025 3969 2091 restituendo
4023 2026 4165 2091 eius
4218 2046 4390 2109 puro
4436 2026 4605 2093 cultu

2650 2111 3076 2194 pugnaverit,
3122 2110 3472 2176 turbarum
3529 2131 3687 2179 vero
3742 2119 3810 2177 et
3862 2112 4310 2178 certaminum
4364 2114 4601 2179 crimen

2651 2196 2868 2263 reiicit
2922 2197 2993 2261 in
3049 2217 3160 2261 eos
3214 2198 3327 2279 qui
3385 2206 3462 2262 ut
3502 2198 3768 2264 veritati
3808 2198 4194 2264 resisterent
4248 2198 4601 2264 tumultua-

2651 2281 2913 2348 bantur.
3013 2282 3080 2346 N
3080 2303 3152 2347 os
3208 2290 3432 2347 autem
3499 2282 3657 2366 quid
3713 2284 3969 2368 egimus
4025 2283 4207 2348 aliud
4276 2285 4598 2362 hactenus,

2653 2374 2721 2431 et
2753 2364 2914 2451 quid
2956 2368 3214 2452 agimus
3268 2390 3450 2434 nune
3492 2389 3781 2451 quoque,
3837 2369 3967 2435 nisi
4011 2376 4088 2435 ut
4130 2369 4391 2436 colatur
4431 2371 4601 2437 Deus

2651 2474 2825 2519 unus
2876 2454 3054 2519 inter
3106 2475 3253 2533 nos,
3310 2454 3719 2538 simplexque
3763 2456 3907 2520 eius
3961 2455 4213 2522 veritas
4266 2465 4501 2541 regnet
4538 2457 4600 2520 in

2652 2538 2967 2604 ecclesia?
3057 2538 3137 2606 Si
3179 2547 3431 2624 negant
3470 2539 3833 2606 adversarii
3876 2542 4122 2620 nostri,
4178 2541 4421 2608 saltem
4463 2550 4601 2607 ante

2654 2625 2951 2691 convinci
2995 2647 3115 2691 1108
3156 2626 3400 2709 impiae
3444 2625 3776 2692 doctrinae
3811 2627 4139 2707 convenit,
4185 2649 4389 2711 quam
4430 2628 4601 2695 nobis

2655 2709 2724 2775 id
2765 2711 2928 2776 vitio
2972 2718 3286 2789 vertatur,
3333 2711 3507 2794 quod
3551 2713 3632 2778 ab
3677 2712 3825 2779 aliis
3868 2713 4351 2780 dissentiamus.
4433 2712 4599 2795 Quid

2655 2795 2833 2861 enim
2890 2797 3219 2881 agendum
3273 2796 3460 2862 nobis
3514 2798 3699 2863 erat?
3789 2799 3945 2865 Una
3997 2805 4143 2864 erat
4196 2798 4599 2866 redimendae

2653 2883 2834 2965 pacis
2893 2882 3210 2960 conditio,
3267 2891 3343 2948 ut
3393 2884 3671 2949 tacendo
3717 2885 3850 2950 Dei
3903 2884 4249 2950 veritatem
4297 2884 4595 2968 prodere-

2657 2990 2823 3033 mus.
2907 2966 3307 3052 Quanquam
3362 2990 3498 3033 non
3551 2970 3712 3036 satis
3755 2971 3990 3035 fuisset
4028 2978 4273 3049 tacere,
4312 2971 4439 3036 nisi
4476 2972 4599 3035 im-

2656 3054 2832 3136 piam
2878 3054 3273 3133 doctrinam,
3335 3061 3595 3137 apertas
3638 3056 3706 3120 in
3754 3057 3975 3122 Deum
4016 3056 4486 3141 blasphemias,
4538 3065 4601 3121 et

2657 3140 2974 3223 pessimas
3018 3141 3545 3224 superstitiones,
3605 3142 3802 3207 tacito
3858 3163 4177 3208 consensu
4224 3138 4599 3226 approbare-

2656 3247 2820 3291 111118.
2886 3225 3067 3306 Quid
3111 3247 3268 3311 ergo
3313 3226 3492 3291 aliud
3537 3229 3902 3309 potuimus,
3963 3249 4159 3312 quam
4218 3230 4447 3294 testari
4484 3228 4600 3294 sal-

2658 3318 2792 3375 tem
2850 3311 3036 3377 clara·
3084 3332 3270 3390 voce,
3336 3333 3458 3378 nos
3525 3312 3608 3377 ab
3670 3314 4027 3397 impietatis
4093 3316 4423 3381 consortio
4472 3334 4600 3379 esse

2657 3396 2951 3462 alienos?
3039 3397 3177 3463 Nos
3229 3419 3385 3482 crgo
3443 3398 3858 3481 simpliciter,
3916 3399 4089 3482 quod
4145 3401 4353 3467 officii
4408 3401 4598 3465 nosu’i

2658 3490 2817 3560 erat,
2862 3483 3075 3549 faeere
3121 3483 3512 3549 studuimus.
3597 3483 3792 3565 Quod
3836 3506 4030 3568 porro
4070 3486 4144 3550 in
4189 3494 4331 3552 tam
4375 3486 4597 3552 hostile

2656 3567 3000 3634 dissidium
3043 3591 3151 3636 res
3190 3571 3532 3649 exarserit,
3570 3570 3770 3636 huius
3813 3571 3975 3636 mali
4013 3592 4217 3654 penes
4261 3593 4378 3638 008
4423 3572 4599 3656 0111118

2659 3661 2777 3733 081,
2805 3656 2916 3737 qui
2950 3654 3203 3721 coelum
3227 3661 3443 3721 terrae
3477 3655 3755 3723 miscere
3788 3657 4186 3736 maluerunt,
4224 3680 4427 3742 quam
4468 3660 4598 3743 piae

2657 3761 2981 3823 sanaeque
3016 3741 3353 3808 doctrinae
3387 3741 3605 3808 locum
3643 3742 3829 3808 dare:
3879 3748 4164 3823 [1181181]
4202 3754 4279 3808 ut
4315 3745 4598 3829 tyranni-

2657 3825 2806 3891 dem
2877 3827 3080 3891 semel
3145 3836 3530 3910 usurpatam
3608 3850 3866 3912 quoquo
3931 3828 4127 3893 modo
4183 3831 4557 3896 retinerent.

2829 3912 3121 3978 Tametsi
3165 3913 3290 3978 hoc
3332 3914 3519 3981 nobis
3563 3913 3648 3979 ad
3693 3914 4136 3981 defensionem
4181 3916 4348 3982 satis
4388 3937 4592 3999 super-

2655 4019 2782 4081 que
2826 4017 2968 4063 esse
3013 3996 3222 4079 debet,
3258 3998 3433 4083 quod
3476 4020 3517 4063 a
3550 4006 3737 4083 parto
3770 4012 3999 4066 nostra
4031 4008 4168 4067 stat
4200 4010 4596 4069 sacrosancta

2655 4084 2784 4148 Dei
2830 4084 3092 4165 veritas,
3141 4106 3260 4168 pro
3304 4105 3434 4168 qua
3477 4086 3833 4152 asserenda
3876 4094 4134 4153 tantum
4178 4090 4600 4153 certaminum

2655 4169 3083 4236 sustinemus:
3144 4170 3507 4236 adversarii
3549 4179 3769 4237 autem
3785 4224 3800 4250 ,
3853 4173 4192 4238 nobiscum
4238 4172 4600 4259 pugnando,

2655 4277 2788 4321 non
2845 4263 2985 4321 tam
3044 4256 3395 4322 adversum
3452 4278 3602 4335 nos,
3660 4279 3856 4342 quam
3899 4258 4123 4324 Deum
4167 4260 4417 4342 ipsum,
4471 4258 4603 4324 1101-

2654 4341 2794 4406 111111
2840 4349 3097 4426 gerunt.
3165 4341 3442 4419 Deinde,
3481 4342 3651 4426 quod
3697 4365 3831 4408 non
3870 4353 4101 4426 sponte
4125 4345 4211 4409 ad
4247 4346 4419 4411 hunc
4450 4365 4605 4411 con-

2658 4428 3025 4493 tentionum
3084 4429 3413 4494 fervorem
3467 4429 3950 4509 descendimus,
4018 4430 4135 4495 sed
4189 4431 4451 4496 illorum
4496 4432 4607 4495 in-

2657 4514 2974 4596 temperie
2992 4565 3007 4590 ,
3062 4520 3327 4598 praeter
3378 4514 3753 4598 opinionem
3794 4524 4122 4598 nostram,
4176 4517 4417 4582 fuimus
4452 4538 4609 4600 per-

2656 4599 2872 4665 tracti.
2955 4597 3296 4682 Quidquid
3350 4600 3691 4667 acciderit:
3750 4623 3881 4667 non
3929 4610 4031 4667 est
4083 4624 4203 4669 cur
4258 4603 4407 4668 odio
4458 4624 4611 4688 gra-

2658 4706 2910 4751 vemur.
3002 4686 3175 4751 Nam
3230 4687 3399 4752 sieut
3444 4696 3718 4752 eventus
3761 4686 4089 4754 moderari
4133 4707 4271 4753 non
4316 4697 4419 4754 081
4460 4711 4613 4755 1108·

2657 4778 2855 4849 trum,
2899 4772 2996 4836 ita
3038 4793 3161 4838 nec
3204 4793 3313 4838 008
3354 4781 3706 4856 praestare.
3785 4774 3999 4839 Vetus
4040 4773 4165 4840 hoc
4209 4780 4344 4853 est,
4389 4794 4614 4841 saecu-

2654 4856 2864 4940 lisque
2907 4858 3213 4924 omnibus
3253 4857 3605 4924 usitatum:
3651 4880 3735 4923 ex
3779 4859 4104 4944 evangelii
4148 4859 4451 4927 doctrina
4488 4862 4616 4926 im-

2654 4944 2801 5026 pios
2854 4942 3302 5010 tumultuandi
3358 4945 3759 5010 occasionem
3819 4966 4108 5012 sumere:
4164 4954 4394 5029 postea
4444 4945 4619 5013 hanc

2656 5030 2993 5094 infamiam
3059 5031 3353 5114 irrogare
3408 5030 3782 5115 evangelio,
3859 5031 4045 5114 quasi
4102 5030 4396 5098 dissidiis
4460 5052 4621 5097 eau-

2659 5136 2799 5180 sam
2844 5116 3182 5198 praebeat:
3239 5136 3434 5198 quam
3478 5116 3634 5200 ipsi,
3680 5138 3817 5181 non
3859 5117 4175 5196 oblatam,
4224 5137 4349 5183 sua
4390 5120 4619 5201 pravi-

2657 5208 2795 5266 tate
2839 5207 3128 5284 captant.
3217 5201 3311 5267 Et
3361 5202 3907 5285 quemadmodum
3965 5203 4037 5267 in
4080 5204 4297 5286 prima
4340 5203 4623 5271 ecelesia
