4967 5992
522 290 757 445 ‘xxn'
814 370 821 377 ·
1188 388 1195 395 .
1712 339 2260 411 1811811188
2306 337 2897 441 ’1888888181
2938 337 3383 445 mosas:

344 576 351 585 ·
442 616 447 623 1
535 544 759 603 autem
803 535 1073 601 cantica.
1098 531 1338 617 gallica
1381 531 1693 598 ecelesiae
1738 532 1809 596 in
1848 544 1999 597 1188·
2021 529 2221 599 fuisse
2266 551 2341 595 eo
2379 530 2517 596 iam
2539 535 2855 612 ‘tempore
2901 524 2981 593 de
3024 548 3154 612 quo
3196 527 3305 593 hic
3360 528 3630 637 agitur,
3666 533 3886 610 patet
3893 527 4092 594 etiam
4127 548 4240 594 ·ex
4288 529 4566 612 epistola

514 646 816 717 'Martini
858 644 1100 730 Peyeri
1141 628 1667 727 Witebergensis
1710 641 1795 707 ad
1839 640 2225 707 Conradum
2266 638 2650 707 Hubertnm
2708 639 2768 705 d.
2816 642 2876 705 4.
2922 634 3216 709 Ianuar.
3239 643 3404 704 1540
3460 659 3626 725 quae
3679 638 3931 705 ine‘dita
3973 644 4278 711 servatur
4319 640 4393 706 in
4437 642 4568 708 'Ar-
4639 644 4646 653 “

420 812 425 817 .
506 750 521 761 '
536 754 749 843 chivis
792 757 1037 822 nostris
1082 746 1470 843 Thomanis,
1536 754 1653 818 ubi
1697 750 1893 821 61811.
1953 752 2274 839 Inprimis
2336 774 2496 819 vero
2552 751 2748 841 cupio
2799 749 2965 815 mihi
3031 751 3209 853 mitti
3275 750 3543 835 gallicas
3587 751 3947 875 cantiones
4001 750 4109 825 vel
4163 751 4449 834 psalmos
4491 759 4568 821 ut

537 870 753 937 solent
796 866 972 951 apud
1014 887 1134 931 vos
1178 866 1341 930 cani
1430 863 1576 929 Hos
1621 864 1802 929 enim
1843 850 2041 929 valde
2085 864 2285 957 cupit
2312 864 2555 929 habere
2598 868 2982 946 praeceptor
3023 846 3344 945 principis
3387 862 3619 929 nostri.

846 977 1095 1044 Farelli
1136 996 1543 1059 responsum,
1590 976 1647 1042 si
1689 974 1863 1059 quod
1904 975 2123 1056 fuerit,
2169 982 2305 1040 'non
2344 976 2726 1058 reperimus.
2819 972 3074 1049 Verum
3115 973 3316 1057 paulo
3357 981 3528 1058 post,
3573 974 3636 1039 d.
3680 979 3777 1038 19.
3812 974 3974 1041 Dec'.
4019 970 4222 1056 1539‚·
4252 974 4571 1069 Calvinus
4671 990 4682 997 ·

537 1094 623 1161 86
665 1092 950 1177 eundem
994 1091 1234 1175 iterum
1278 1087 1360 1152 de
1405 1085 1677 1170 psalmis
1735 1086 1964 1155 scribit
2000 1085 2343 1151 nonnulla
2385 1106 2554 1169 quae
2611 1085 2828 1152 lucem
2872 1085 3162 1169 aliquam
3195 1085 3353 1152 huic
3396 1085 3761 1170 quaestioni
3806 1062 4176 1169 affundere,
4233 1088 4366 1167 imo
4409 1107 4566 1153 con-
4655 1076 4666 1085 ’

418 1208 429 1219 “
536 1182 857 1271 iecturam
902 1205 1194 1266 nostram
1238 1199 1628 1271 confirmare
1666 1194 1999 1262 videntur.
2089 1196 2277 1263 Haec
2319 1198 2530 1262 altera
2572 1196 2847 1285 epistola
2887 1196 2988 1261 bis
3034 1196 3213 1279 typis
3256 1196 3414 1262 olim
3450 1215 3695 1263 excusa
3736 1196 3980 1281 legitur
4019 1197 4091 1262 in
4121 1195 4408 1269 editione
4453 1220 4571 1283 ge-

38 1374 55 1387 .,
514 1312 811 1383 'nevensi
855 1310 1142 1378 secunda
1182 1308 1637 1392 Epistularum
1680 1307 1943 1374 Calvini
1995 1312 2157 1373 1576
2192 1328 2351 1394 pag.
2398 1313 2520 1373 411
2573 1317 2643 1376 81
2693 1310 2764 1375 18
2808 1308 3089 1375 editione
3134 1302 3714 1403 amstelodamensi.
3749 1328 3899 1397 pag.
3921 1310 4092 1403 ί25’“Ι.
4180 1310 4249 1375 Α
4291 1310 4568 1377 caeteris

0 1404 85 1515 ἓξὲξ
382 1428 389 1435 ’
466 1430 477 1435 “
538 1427 741 1504 811881,
781 1434 975 1508 atque
1018 1421 1177 1495 hinc
1219 1440 1378 1487 sane
1417 1419 1640 1485 evenit
1673 1426 1753 1484 ut
1790 1419 2125 1486 rarissime
2166 1420 2301 1485 viri
2336 1419 2509 1487 docti
2545 1422 2627 1486 ad
2671 1420 2832 1487 haec
2873 1419 3103 1486 Nostri
3138 1416 3357 1485 studia
3391 1419 3685 1488 animum
3724 1420 4150 1486 adverterint.
4216 1421 4391 1487 Ecce
4426 1421 4570 1489 eius
4639 1418 4654 1429 ’

310 1603 323 1615 ,
496 1534 505 1541 ’
536 1514 770 1606 verba:
816 1535 1108 1601 Psalmos
1133 1533 1272 1599 ideo
1301 1531 1696 1610 miseramus,
1728 1535 1800 1595 ut
1821 1531 2022 1612 prius
2072 1520 2481 1596 cantarentur
2506 1533 2681 1614 apud
2710 1552 2821 1598 vos
2851 1551 3045 1613 quam
3079 1530 3234 1596 illuc
3254 1524 3660 1613 pervenirent
3691 1551 3813 1612 quo
3844 1532 4160 1616 intelligis.
4212 1531 4569 1599 Statuam

418 1626 439 1661 'f
524 1650 707 1716 ‘enim
747 1648 917 1713 brevi
945 1644 1291 1727 publicare.
1385 1642 1552 1724 Quia
1592 1642 1799 1725 mayis
1841 1640 2161 1707 armabat
2201 1641 2468 1708 maasia
2518 1643 2916 1727 ymnum,
2969 1646 3211 1707 coactus
3251 1654 3396 1707 sum
3436 1642 3717 1723 exponat
3758 1643 3916 1725 quid
3958 1643 4235 1709 ommim
4273 1643 4564 1710 valerem.

1 1742 95 1787 ,ξι-ζ
376 1760 383 1767 ·
408 1742 413 1753 Υ

0 1828 23 1869 Γ,
86 1836 103 1851 1,
158 1840 163 1843 ,
538 1760 652 1828 Ita
674 1759 918 1843 psalmi
959 1756 1100 1835 duo,
1151 1759 1242 1818 40
1290 1758 1349 1818 et
1389 1757 1502 1830 25,
1522 1753 1761 1833 -prima
1804 1757 1951 1818 sunt
1982 1773 2122 1818 mea
2166 1748 2480 1834 tirocinia,
2524 1753 2688 1819 alios
2719 1758 2938 1834 postea
2991 1753 3349 1819 attexui..
3397 1801 3413 1817 .
3460 1802 3474 1816 .
3561 1753 3771 1819 Vides
3824 1753 3933 1820 1118
3986 1754 4274 1838 psalmos
4315 1754 4382 1819 N
4383 1776 4569 1823 ecco

0 1850 139 1945 ¹3¹<ssss-
162 1942 177 1953 ,
250 1848 251 1851 ¹
532 1892 721 1937 mum
763 1871 998 1934 missos
1041 1865 1336 1931 nondum
1377 1864 1559 1949 typis
1603 1884 1948 1947 expressos
2002 1864 2234 1944 fuisse,
2293 1871 2361 1928 et
2414 1862 2837 1947 probabiliter
2878 1864 3247 1946 pauciores,
3306 1885 3470 1947 quos
3514 1865 3891 1953 speciminis
3932 1865 4075 1931 loco
4121 1865 4205 1932 ad
4246 1866 4566 1937 melodias

537 1980 950 2066 germanicas
992 1979 1135 2061 ipse
1178 1982 1664 2059 composuerat,
1723 1995 1929 2058 quum
1983 1973 2057 2040 hi
2118 1973 2297 2040 modi
2346 1995 2509 2058 prae
2562 1973 2820 2059 gallicis
2865 1980 3061 2055 antea
3102 1958 3361 2045 usitatis
3404 1975 3558 2040 usui
3613 1996 3798 2042 sacro
3838 1978 4052 2062 magis
4096 1977 4570 2045 accommodati

446 2112 455 2121 ·
535 2091 941 2159 viderentur.
1029 2089 1179 2161 Iam
1221 2086 1547 2171 respicere
1590 2086 1791 2166 velis,
1837 2106 2264 2172 quaesumus,
2321 2085 2728 2171 psalmorum
2773 2106 3113 2165 numeros,
3156 2089 3240 2150 46
3277 2093 3346 2151 et
3378 2089 3492 2167 25,
3553 2106 3744 2170 quos·
3761 2086 4082 2155 Calvinus
4137 2089 4393 2172 poetica
4449 2109 4570 2157 sua

484 2230 491 2235 ·
538 2203 840 2270 tirocinia
883 2200 1058 2280 dicit,
1103 2201 1216 2284 qui
1257 2199 1386 2282 ipsi
1427 2198 1692 2264 numeri
1732 2200 1908 2264 inter
1946 2198 2093 2264 illos
2136 2200 2495 2265 occurrunt
2546 2219 2708 2281 quos
2751 2190 2824 2262 18
2880 2197 3168 2266 editione
3223 2199 3677 2280 antiquissima
3728 2190 4105 2266 invenimus
4147 2201 4408 2268 Maroto
4452 2192 4571 2269 ab-

450 2360 453 2363 1
538 2313 943 2381 iudicandos.
1031 2311 1098 2376 N
1099 2310 1407 2377 onnullos
1460 2330 1656 2394 porro
1713 2310 1876 2376 alios
1929 2330 2001 2376 se
2044 2310 2406 2376 attexuisse
2447 2328 2654 2393 quum
2691 2310 3003 2389 fateatur,
3070 2309 3364 2405 numeris
3406 2307 3671 2392 quidem
3714 2332 3851 2376 non
3892 2310 4224 2392 indicatis,
4283 2313 4571 2379 nimisne

462 2446 465 2447 ⁷
538 2427 807 2535 ingenio
846 2431 1070 2491 nostro
1127 2420 1497 2531 indulsisse
1528 2420 1651 2486 tibi
1695 2420 2093 2500 videbimur,
2153 2421 2209 2485 si
2253 2420 2315 2485 ei
2359 2418 2831 2486 vindicarimus
2876 2440 2955 2485 ea
2998 2422 3291 2486 carmina
3333 2441 3502 2504 quae
3544 2421 3618 2485 in
3660 2414 3889 2503 eadem
3932 2420 4248 2503 editione,
4257 2422 4569 2507 praeter

539 2538 658 2607 1118
710 2536 868 2616 duo,
916 2532 1469 2620 deprehendimus
1522 2530 1868 2596 video-nota?
1954 2531 2156 2597 Certe
2213 2531 2547 2598 Bovetum
2600 2532 2965 2617 8881881188
3017 2530 3283 2597 nostrae
3317 2534 3576 2601 8881818
3617 2538 3686 2598 81
3726 2532 3992 2611 v'adem,
4044 2534 4179 2601 1188
4222 2534 4569 2622 πρόδρομον

538 2652 805 2728 habere,
850 2655 928 2712 ut
971 2667 1117 2712 eam
1162 2665 1296 2709 non
1332 2622 1515 2709 omni
1559 2642 1758 2727 dubio
1800 2641 2116 2707 maiorem
2158 2640 2375 2722 faciat,
2419 2641 2490 2707 id
2532 2642 2755 2707 tamen
2797 2641 2981 2707 valet
3021 2650 3097 2707 ut
3136 2644 3349 2728 magis
3392 2662 3617 2711 secure
3660 2651 3729 2709 et
3769 2643 4052 2711 fidenter
4094 2645 4372 2712 eandem
4415 2669 4568 2732 pro—
4614 2678 4626 2691 ·

538 2764 868 2829 fiteamur.
956 2754 1439 2824 Exhibebimus
1476 2753 1695 2838 igitur,
1738 2751 2027 2837 psalmos
2079 2752 2228 2819 illos
2272 2752 2358 2818 ad
2400 2753 2646 2821 calcem
2688 2752 2840 2819 libri
2881 2753 3173 2839 liturgici
3209 2761 3293 2820 ut
3337 2775 3503 2839 opus
3546 2775 3703 2821 vere
3759 2755 4207 2822 calvinianam
4222 2807 4239 2835 ,
4294 2759 4568 2827 ininoris
4605 2808 4614 2813 -

539 2862 704 2941 illud
750 2868 1017 2955 quidem
1058 2866 1394 2944 momenti,
1437 2866 1496 2961 si
1535 2861 1827 2930 indolem
1867 2866 2006 2930 8188
2053 2862 2496 2949 theologicam
2547 2874 2666 2943 aut
2715 2866 3035 2949 poeticam
3080 2873 3333 2950 spectes
3346 2917 3363 2945 ,
3421 2886 3651 2932 verum
3698 2873 3924 2932 tamen
3966 2868 4070 2933 sui
4114 2871 4375 2953 generis
4417 2871 4567 2936 uni-

543 3005 715 3062 cum,
764 2989 832 3048 et
847 2961 855 2968 ¹
871 2980 979 3048 vel
1023 2980 1149 3046 hac
1189 2977 1270 3044 de
1311 2997 1514 3043 causa
1554 2974 1975 3041 memorabile
2019 2974 2196 3059 quod
2251 2998 2430 3055 81188
2484 2977 2775 3062 primum
2819 2998 2905 3045 ex
2961 2978 3096 3069 suis
3148 2976 3419 3052 latebris
3471 2976 3642 3043 illud
3683 2978 4148 3061 protrahimus.
4238 2980 4369 3047 His
4412 2982 4567 3047 addi

540 3094 738 3161 debet
781 3091 1113 3175 antiquior
1153 3089 1270 3155 illa
1309 3087 1629 3173 Deealogi
1671 3087 1888 3153 versio
1931 3088 2187 3170 poetica
2227 3108 2429 3171 quam
2470 3109 2511 3154 a
2553 3090 2923 3154 marotiana
2963 3090 3229 3154 omnino
3272 3087 3602 3155 diversam
3646 3074 4217 3173 deprehendimus.
4307 3091 4569 3160 Cantici

144 3220 151 3227 ·
540 3226 702 3289 vero
747 3203 1078 3271 Simeonis
1121 3201 1446 3286 originem
1504 3199 1943 3265 calvinianam
1989 3198 2259 3264 dubiam
2314 3198 2502 3266 nobis
2555 3201 2710 3266 fecit
2751 3201 3064 3267 Bovetus.
3154 3199 3369 3266 Multo
3423 3199 3648 3266 minus
3704 3200 3904 3266 etiam
3946 3207 4208 3268 caetera
4249 3204 4564 3286 carmina,

138 3310 145 3317 ’
192 3378 197 3385 ,
542 3337 712 3403 quae
755 3336 959 3399 supra
1000 3321 1080 3378 ut
1122 3335 1164 3379 a
1200 3312 1567 3378 marotiana
1609 3310 1988 3377 collectione
2031 3309 2247 3376 aliena
2286 3304 2756 3391 recensuimus,
2800 3332 2923 3395 pro
2966 3310 3357 3379 calvinianis
3398 3311 3523 3378 tibi
3556 3311 4016 3378 commendare
4059 3313 4355 3379 ausimus
4367 3338 4385 3396 ;
4431 3317 4567 3382 imo

172 3462 183 3505 5
540 3429 765 3512 plures
810 3435 879 3492 et
913 3424 1339 3511 gravissimas
1379 3424 1670 3488 rationes
1712 3422 1902 3487 nobis
1940 3421 2121 3486 idem
2163 3422 2275 3486 ille
2318 3423 2734 3489 doctissimus
2778 3431 2967 3489 autor
3015 3423 3357 3507 proposuit
3398 3424 3636 3507 quibus
3688 3421 4124 3491 demonstrari
4179 3444 4373 3509 posse
4415 3448 4568 3511 per-

474 3512 479 3517 *
542 3538 762 3617 hibet,
804 3559 895 3619 188
939 3537 1053 3602 8111
1116 3535 1405 3618 cuipiam
1449 3536 1670 3618 potius
1723 3554 1920 3617 quam
1975 3532 2223 3598 Nostro
2277 3533 2632 3599 tribuenda
2686 3555 2845 3600 esse.
2933 3533 3162 3616 Quum
3217 3541 3439 3600 tamen
3483 3535 3647 3602 haec
3689 3506 3984 3619 quaestio
4025 3534 4323 3620 longiore
4366 3539 4565 3604 etiam

148 3642 201 3727 J
390 3738 393 3739 ⁷
428 3732 435 3735 η
543 3647 998 3732 disquisitione
1043 3646 1247 3731 digna
1287 3645 1609 3726 videatur,
1655 3651 1726 3711 et
1767 3644 2047 3712 aliorum
2093 3665 2353 3729 quoque
2393 3647 2689 3712 virorum
2733 3646 3071 3713 doctorum
3112 3645 3356 3713 iudicio
3397 3645 3869 3730 permittenda,
3927 3648 4039 3730 qui
4078 3648 4353 3715 fortasse
4395 3648 4567 3716 hano

94 3748 245 3857 ξ’ξῗῖ
484 3786 485 3789 “
538 3758 952 3845 provinciam
1006 3759 1079 3822 in
1140 3755 1483 3821 literarum
1552 3755 1940 3840 gallicarum
1996 3755 2274 3822 historia
2341 3755 2693 3823 recolenda
2757 3756 2882 3823 sibi
2940 3756 3325 3842 delegerunt
3375 3765 3493 3827 aut
3558 3765 3791 3842 postea
3845 3754 4140 3842 deligent
4153 3810 4169 3837 ,
4236 3781 4379 3825 rem
4427 3781 4565 3826 non

94 3838 199 3945 {⁵133
214 3896 233 3951 j
394 3872 397 3875 ’
478 3910 481 3911 ⁷
510 3888 517 3893 ·
542 3869 815 3937 omnino
854 3867 1156 3934 inutilem
1200 3888 1320 3932 nos
1363 3868 1653 3932 facturos
1695 3869 2094 3950 putavimus,
2142 3867 2200 3931 si
2244 3866 2497 3951 aliquot
2535 3867 2831 3960 pagellas
2876 3867 3089 3933 dubiis
3130 3868 3262 3934 illis
3306 3867 3710 3935 carminibus
3753 3869 4245 3936 reservarimus.

851 3980 1161 4062 Denique
1219 3984 1287 4044 et
1340 3978 1466 4043 hoc
1522 3976 1856 4044 addemus.
1946 3977 2176 4060 Quum
2220 3977 2547 4045 Calvinus
2590 3978 2675 4044 ad
2716 3978 3061 4044 Farellum
3103 3979 3360 4059 scribit,
3417 3977 3542 4043 sibi
3585 3980 3798 4063 magis
3840 3979 4193 4046 melodiam
4234 3981 4567 4065 germani-

270 4168 279 4177 ,
338 4164 341 4165 ,
494 4166 495 4169 ,
541 4115 690 4169 8818
734 4090 1053 4170 arrisisse,
1099 4088 1185 4153 ad
1226 4110 1429 4172 quam
1470 4110 1660 4156 suam
1699 4089 2107 4173 psalmorum
2148 4089 2620 4156 nonnullorum
2666 4091 3034 4156 versionem
3082 4089 3618 4169 accommodaret,
3660 4090 3885 4173 plures
3928 4092 4106 4158 viros
4139 4091 4364 4159 doctos
4405 4090 4568 4158 adii-

75 4195 136 4298 ·»E‘
176 4186 291 4293 333-
539 4220 693 4291 mus
735 4203 810 4269 in
849 4202 1128 4269 historia
1168 4200 1269 4266 rei
1314 4202 1632 4281 musicae,
1692 4200 2167 4267 ecclesiasticae
2209 4202 2499 4267 maxime
2543 4208 2610 4266 et
2653 4201 2960 4267 alsaticae
2974 4253 2989 4281 ‚
3034 4221 3194 4284 prae
3237 4202 3512 4267 caeteris
3556 4208 3887 4281 versatos,
3941 4203 4149 4286 iisque
4184 4211 4376 4269 notas
4417 4224 4568 4268 mu-

77 4319 94 4346 -·
109 4290 277 4388 3.,,ἶῖ”
298 4352 353 4395 1„-
430 4310 463 4325 ”
541 4316 712 4383 sicas
752 4314 828 4379 in
870 4322 1151 4396 utraque
1194 4310 1482 4378 editione
1525 4312 1821 4396 principe
1863 4311 2134 4395 psalmis
2173 4313 2320 4378 istis
2360 4311 2576 4377 dubiis
2619 4314 2951 4396 appositas
2993 4311 3511 4392 transmisimus,
3569 4320 3647 4379 ut
3688 4314 3744 4378 si
3788 4312 3945 4396 quid
3987 4312 4072 4379 ad
4116 4314 4565 4398 quaestionem

85 4406 345 4516 ·.„'-3..··-‘T.f'-.;
452 4490 465 4501 ,,
542 4422 1000 4492 elucidandam
1048 4424 1202 4489 inde
1254 4422 1557 4490 derivare
1607 4428 1909 4507 possent,
1969 4422 2311 4489 nobiscum
2353 4424 2837 4490 communicare
2881 4423 3128 4489 vellent
3178 4428 3496 4507 petentes.
3582 4423 3772 4490 Inter
3814 4446 3977 4508 quos
4019 4424 4126 4490 vir
4166 4424 4567 4491 humanissi-

133 4533 212 4630 ζι,
246 4516 329 4603 ³:⁴³
356 4518 369 4553 ³
392 4530 403 4559 ⁵
434 4534 445 4559 ²
468 4558 505 4589 ἰ
540 4555 695 4627 mus
736 4535 817 4599 F.
867 4534 1039 4618 Aug.
1087 4533 1310 4615 Ihme,
1371 4534 1600 4600 Theol.
1643 4534 1838 4600 Β888.
1885 4539 1954 4599 et
1994 4534 2079 4600 V.
2125 4534 2212 4599 D.
2256 4535 2351 4599 M.
2395 4534 2470 4598 in
2513 4535 2658 4601 vico
2702 4535 3216 4614 Muterhauscn,
3279 4534 3423 4600 fuse
3478 4542 3547 4600 et
3610 4535 3800 4602 docte
3857 4536 4046 4601 nobis
4103 4536 4448 4621 respondit
4501 4542 4569 4600 et

71 4705 82 4712 .
121 4627 222 4702 ⁶152?
264 4632 385 4727 Ἶζέέ
418 4692 437 4709 1
540 4632 764 4733 allatis
806 4644 1200 4711 testimoniis
1241 4667 1362 4712 888
1406 4647 1717 4712 certiores
1759 4645 1931 4725 fecit,
1978 4664 2121 4711 esse
2162 4665 2236 4709 re
2275 4664 2435 4710 vera
2468 4645 2698 4712 modos
2733 4642 3142 4731 germanicos
3175 4646 3409 4730 primis
3442 4653 3592 4731 post
3624 4646 4003 4713 inchoatam
4038 4648 4572 4713 reformationem

121 4729 238 4856 ξ
255 4791 272 4798 ..
292 4734 299 4739 ’
540 4754 878 4845 decenniis
923 4754 1354 4837 Argentorati
1398 4757 1678 4822 usitatos
1723 4763 1792 4820 et
1836 4776 1920 4821 ex
1965 4763 2154 4840 parte
2208 4754 2451 4821 ibidem
2497 4778 2537 4822 a
2580 4758 2780 4825 variis
2834 4758 3224 4824 nominatim
3269 4758 3547 4843 cognitis
3599 4758 3766 4824 viris
3809 4759 4236 4843 compositos,
4279 4756 4364 4823 ad
4404 4779 4567 4842 quos

161 4867 262 4888 '⁴
356 4848 838 4961 T'stffjssplenque
880 4864 977 4931 illi
1022 4865 1277 4948 psalmi,
1326 4887 1461 4930 non
1508 4874 1730 4933 tamen
1773 4888 2033 4946 omnes,
2092 4865 2427 4934 decantari
2472 4867 2842 4934 debuerint:
2908 4868 3034 4935 hac
3088 4877 3312 4935 tamen
3354 4870 3529 4935 facta
3569 4868 3986 4936 distinctione
4029 4876 4108 4934 ut
4146 4865 4347 4935 iidem
4388 4868 4567 4936 modi

255 4977 262 4984 “
305 4963 312 4970 ’
371 4940 641 5062 ‘aa
644 4976 941 5051 editione
984 4977 1531 5061 Argentoratensi
1576 4978 1807 5062 (1545)
1853 4979 2211 5062 genuinam
2255 4999 2441 5045 suam
2485 4980 2767 5047 formam
2809 4981 3224 5059 retinuerint,
3268 4980 3341 5045 in
3385 4979 3669 5046 editione
3712 4979 4093 5046 Genevensi
4126 5001 4286 5047 vero
4335 4979 4567 5064 (1542)

450 5044 605 5107 ἐς
521 5119 646 5191 ,·,ι,·,,,
649 5086 755 5175 fe
754 5089 1012 5175 mutati
1061 5089 1495 5171 reperiantur.
1583 5085 1719 5153 Sed
1764 5089 2078 5157 melodias
2120 5090 2374 5157 Psalmi
2423 5095 2545 5157 120
2582 5099 2649 5158 et
2689 5095 2806 5156 142
2855 5097 2922 5156 et
2964 5089 3223 5157 Cantici
3269 5088 3601 5158 Simeonis
3641 5110 3806 5175 quae
3855 5091 3965 5157 hic
4014 5093 4568 5176 praescribantur,

604 5196 717 5307 ,ᾖξ’
812 5196 1220 5285 9811118818
1278 5201 1539 5286 ignotas
1596 5200 1827 5280 fuisse,
1884 5202 2123 5268 asserit
2164 5201 2293 5267 Vir
2337 5202 2771 5270 doctissimus.
2859 5201 3069 5268 Plura
3112 5207 3179 5267 81
3222 5203 3624 5269 accuratiora
3666 5222 3751 5269 ex
3795 5204 3933 5269 eius
3978 5204 4297 5289 symbolis
4340 5223 4570 5270 excer-
