4967 5992
560 342 690 406 4⁷5

560 528 702 595 eius
747 526 1019 605 bonitas,
1064 525 1391 611 sapientia
1406 576 1423 605 ,
1467 525 1783 609 potentia,
1830 525 2078 591 veritas
2121 532 2190 590 et
2230 523 2522 607 reliquae

559 614 842 680 virtutes
885 615 1035 691 [pag.
1075 616 1181 692 34]
1221 611 1521 690 uberius,
1566 632 1764 695 quam
1807 611 1963 678 alibi
2127 630 2286 675 uam
2327 629 2522 694 prae-

559 698 893 776 dicentur,
949 718 1156 780 quum
1212 716 1373 764 vera
1426 696 1556 763 fide
1597 698 1944 765 invocetur
1985 696 2060 762 in
2160 694 2359 761 bristi
2400 714 2522 760 no-

555 784 735 851 mine
749 835 763 860 ‚
817 802 1027 866 quum
1071 781 1481 848 celebrentur
1514 783 1659 848 eius
1702 782 2020 849 beneficia
2061 789 2130 848 et
2171 781 2413 847 animis
2455 788 2524 846 et

555 869 833 954 linguis,
886 889 1096 953 quum
1137 867 1222 933 ad
1277 868 1640 952 simplicem
1685 868 2140 951 sinceramque
2182 866 2325 932 eius
2369 866 2522 932 obe-

558 954 878 1023 dientiam
918 962 1233 1038 perpetuo
1275 964 1665 1020 revocentur
1707 954 2042 1033 homines,
2087 973 2291 1036 quum
2334 951 2523 1017 deni-

558 1063 686 1127 que
727 1039 900 1106 nihil
938 1039 1073 1105 illic
1114 1039 1439 1120 audiat-ur,
1482 1039 1660 1123 quod
1700 1060 1837 1106 non
1878 1038 1962 1105 ad
2007 1036 2522 1123 promovendam

558 1126 846 1195 nominis
887 1125 1067 1192 illius
1111 1124 1700 1192 sanctificationem
1743 1131 2018 1208 spectet:
2078 1121 2238 1209 quid
2279 1142 2521 1189 causae

559 1221 682 1293 est,
725 1232 846 1280 cur
887 1231 1010 1276 nos
1052 1220 1193 1277 tam
1234 1210 1408 1276 male
1447 1212 1797 1294 excipiant,
1842 1211 1958 1294 qui
1999 1230 2071 1274 se
2106 1207 2524 1275 Christianos

556 1296 990 1384 profitentur?
1061 1297 1387 1376 Primum,
1423 1296 1600 1381 quod
1633 1305 1774 1362 tam
1808 1315 2063 1362 crassas
2099 1292 2521 1372 idololatrias,

558 1404 728 1469 quae
769 1384 1016 1467 passim
1071 1382 1144 1447 in
1186 1381 1439 1448 mundo
1481 1382 1808 1460 visuntur,
1864 1381 2137 1458 acriter,
2194 1381 2364 1446 sicut
2406 1399 2525 1444 ne-

559 1490 739 1537 cesse
781 1476 915 1549 est,
969 1467 1550 1552 reprehendimus,
1601 1467 1727 1532 hoc
1770 1467 1944 1533 ferre
1985 1472 2323 1549 nequeunt
2338 1516 2352 1542 ,
2412 1464 2524 1547 qui

447 1583 454 1590 ·
557 1556 865 1622 tenebras
905 1554 1170 1619 malunt
1208 1573 1406 1637 quam
1448 1553 1681 1618 lucem.
1767 1553 1992 1618 Deum
2038 1553 2111 1617 in
2154 1550 2525 1617 simulacris

558 1639 817 1707 adorari
832 1692 849 1720 ,
927 1639 1194 1705 fictitios
1257 1639 1518 1704 institui
1580 1637 1798 1705 cultus
1864 1637 2009 1703 eius
2075 1637 2372 1716 nomine,
2438 1634 2526 1701 ad

558 1734 942 1794 sanctorum
997 1726 1011 1740 ‘
1176 1724 1316 1790 ’nes
1369 1723 1724 1808 supplicari
1740 1774 1755 1802 ,
1811 1730 2226 1788 mortuorum
2265 1721 2525 1788 ossibus

562 1812 825 1879 divinos
870 1809 1171 1876 exhiberi
1213 1809 1514 1889 honores,
1560 1817 1627 1875 et
1670 1811 1814 1875 eius
1856 1809 2121 1894 generis
2166 1807 2295 1873 alia
2310 1858 2325 1887 ,
2369 1807 2525 1872 abo-

560 1896 988 1974 minationes,
1046 1895 1217 1962 sicut
1269 1902 1425 1960 sunt
1440 1946 1456 1974 ,
1524 1895 1620 1959 ita
1674 1915 1819 1960 esse
1872 1894 2249 1960 clamamus.
2275 1894 2326 1977 ¹)
2415 1890 2526 1958 Ob

560 1982 736 2048 hanc
778 2000 1045 2047 causam
1087 1980 1158 2046 in
1198 1999 1321 2045 nos
1363 1980 1774 2046 invehuntur
1814 1980 1932 2064 qui
1970 1978 2335 2046 doctrinam
2369 1998 2525 2043 nos-

563 2074 742 2133 tram
794 2085 1066 2132 exosam
1115 2065 1391 2145 habent3
1459 2065 1821 2132 haereticos
1888 2086 2008 2131 nos
2060 2064 2339 2143 faciunt,
2411 2063 2525 2148 qui

562 2152 815 2221 cultum
878 2150 1010 2216 Dei
1081 2150 1163 2217 ab
1232 2151 1507 2218 ecclesia
1570 2153 1703 2217 iam
1766 2149 2024 2233 pridem
2088 2151 2525 2235 approbatum

562 2236 934 2306 convellere
968 2235 1346 2303 audeamus.
1422 2235 1618 2318 Quod
1659 2237 1972 2303 ecclesiae
2006 2257 2266 2311 nomen,
2312 2235 2527 2320 clypei

560 2322 725 2402 loco,
770 2321 1047 2390 subinde
1088 2321 1434 2404 obiectant,
1480 2320 1562 2388 de
1599 2341 1676 2389 eo
1710 2323 1911 2406 paulo
1945 2329 2098 2406 post
2129 2321 2521 2388 videbimus.

560 2407 858 2489 Interea,
916 2429 1084 2492 quae
1137 2409 1268 2474 ista
1322 2416 1425 2474 est
1480 2408 1883 2491 perversitas
1899 2458 1915 2486 ,
1972 2407 2089 2475 ubi
2142 2413 2280 2471 tam
2335 2406 2525 2490 flagi·

558 2495 766 2562 fiosae
823 2500 1145 2578 apparent
1198 2494 1418 2561 cultus
1459 2493 1591 2558 Dei
1644 2491 2086 2576 corruptelae,
2142 2513 2275 2557 non
2326 2491 2526 2556 modo

557 2600 672 2650 eas
715 2581 905 2659 tueri,
952 2577 1071 2645 sed
1105 2578 1191 2643 ad
1232 2600 1345 2645 eas
1380 2599 1641 2663 quoque
1684 2578 2090 2662 operiendas,
2125 2579 2347 2662 ipsum
2391 2578 2523 2645 Dei

559 2666 817 2736 cultum
851 2664 1271 2748 impudenter
1307 2662 1703 2731 obtendere?

733 2748 1187 2816 Idololatriam
1220 2751 1529 2831 utrinque
1555 2750 1842 2814 fatemur
1869 2747 2269 2816 exsecrabile
2304 2768 2526 2814 coram

561 2838 709 2903 Deo
753 2835 967 2902 scelus
1010 2854 1172 2900 esse.
1262 2833 1489 2915 Quum
1545 2834 1916 2919 imaginum
1957 2833 2211 2900 cultum
2252 2834 2522 2918 attingi-

563 2942 732 2999 mus,
778 2920 886 2986 hic
927 2917 1232 3003 protinus
1275 2940 1346 2986 se
1389 2940 1472 3003 op
1559 2928 1731 2985 nunt
1773 2920 2150 2998 adversarii,
2194 2926 2272 2985 ut
2303 2926 2526 3002 patro-

564 3006 815 3074 cinium
868 3024 1069 3071 suum
1121 3025 1451 3088 accommo
1498 3012 1615 3070 ent
1655 3005 1882 3072 sceleri
1895 3057 1913 3086 ,
1965 3004 2138 3089 quod
2181 3003 2526 3071 nobiscum

563 3089 768 3160 verbo
821 3090 1319 3157 damnaverant.
1406 3090 1585 3170 Imo,
1651 3090 1826 3174 quod
1891 3091 2104 3176 magis
2168 3090 2524 3157 ridiculum

567 3181 719 3258 [pag.
757 3180 867 3257 35]
904 3183 1024 3256 est,
1114 3198 1273 3242 uum
1306 3178 1494 3243 nobis
1538 3178 1985 3244 assentiantur
2017 3177 2099 3242 de
2133 3198 2368 3263 graeco
2410 3197 2526 3242 vo-

565 3262 824 3342 cabulo,
881 3263 999 3328 ubi
1050 3263 1075 3326 i
1177 3262 1383 3328 latine
1438 3264 1751 3343 vertitur,
1806 3263 2128 3348 refragari
2182 3271 2344 3330 tunc
2384 3262 2522 3346 pri-

562 3369 751 3415 mum
790 3348 1137 3432 incipiunt.
1223 3348 1603 3433 Imaginum
1645 3349 1824 3415 enim
1857 3350 2347 3416 venerationem
2389 3349 2522 3414 for·

564 3436 723 3500 titer
774 3433 1168 3514 defendunt,
1221 3455 1426 3518 quum
1477 3434 1914 3501 idololatriam
1957 3434 2294 3503 damnent.
2384 3431 2521 3500 Sed

564 3520 869 3587 homines
938 3520 1268 3604 ingeniosi
1334 3526 1587 3605 negant
1659 3540 1804 3587 esse
1870 3522 2105 3587 latriae
2183 3521 2520 3600 honorem,

560 3626 763 3757 genem
809 3605 1128 3671 exhibent
1170 3606 1307 3671 suis
1342 3606 1727 3672 simulacris.
1801 3605 2012 3688 Quasi
2053 3628 2228 3687 vere,
2274 3608 2331 3672 si
2365 3625 2522 3672 con-

629 3698 863 3757 rantur
906 3710 1056 3757 cum
1110 3690 1443 3758 veteribus
1497 3690 1864 3759 idololatris
1879 3745 1897 3772 ,
1948 3693 2304 3776 quidquam
2346 3692 2524 3757 inter

565 3798 679 3843 eos
730 3777 1011 3842 intersit.
1101 3777 1636 3843 Praetexuerunt
1684 3776 1817 3858 illi,
1873 3778 2184 3844 coelestes
2239 3798 2311 3843 se
2369 3776 2524 3843 deos

564 3862 796 3941 colere,
840 3862 957 3928 sed
1001 3860 1127 3927 sub
1173 3863 1404 3948 figuris
1439 3864 1796 3946 corporeis,
1841 3884 2010 3948 quae
2047 3865 2225 3947 ipsos
2258 3884 2523 3947 reprae-

565 3953 924 4016 sentarent.
1016 3945 1197 4028 Quid
1273 3947 1452 4014 aliud
1523 3949 1634 4014 isti
1711 3949 2155 4033 praetexunt?
2242 3949 2523 4028 Verum,

565 4056 655 4102 an
696 4035 884 4111 Deus
929 4032 1248 4099 eiusmodi
1304 4034 1835 4101 excusationibus
1889 4035 2194 4102 satisfieri
2238 4034 2362 4101 sibi
2404 4055 2524 4118 pa-

566 4118 777 4187 titur?
866 4119 979 4185 An
1030 4126 1382 4203 propterea
1437 4118 1778 4185 desierunt
1875 4121 2193 4206 rophetae
2247 4121 2353 4186 Ae

563 4206 810 4272 tiorum
853 4205 1198 4289 increpare
1239 4203 1658 4285 dementiam,
1695 4143 1874 4290 quod
1909 4229 1994 4273 ex
2036 4207 2295 4272 arcanis
2339 4214 2368 4269 t
2416 4227 2527 4271 eo-

562 4291 775 4378 logiae
839 4311 999 4357 suae
1057 4312 1128 4356 m
1213 4291 1399 4358 teriis
1462 4293 1837 4376 proferrent
1899 4293 2191 4376 argutias
2206 4342 2223 4374 ,
2287 4291 2527 4375 quibus

564 4375 1024 4443 elaberentur?
1113 4313 1511 4461 ggrpentem
1576 4399 1834 4462 quoque
1900 4398 2182 4444 aeneum
2245 4377 2529 4462 qualiter

566 4462 1024 4528 existimamus
1078 4463 1426 4530 adoratum
1478 4464 1682 4530 fuisse
1736 4484 1776 4528 a
1817 4463 2112 4543 Iudaeis,
2168 4463 2296 4531 nisi
2350 4462 2526 4547 quod

565 4552 882 4629 tanquam
923 4548 1054 4615 Dei
1097 4549 1444 4616 simulacro
1486 4549 1697 4616 honor
1749 4556 1852 4616 est
1890 4547 2198 4616 habitus?
2288 4548 2528 4616 Genti-

565 4629 667 4696 les
681 4680 698 4709 ,
755 4631 973 4715 inquit
1014 4633 1429 4717 Ambrosius,
1446 4635 1506 4721 ²)
1548 4636 1808 4721 lignum
1851 4634 2156 4715 adorant,
2202 4634 2357 4720 quia
2397 4636 2529 4703 Dei

565 4722 811 4800 putant
866 4738 1010 4783 esse
1065 4720 1440 4805 imaginem.
1530 4720 1668 4789 Sed
1715 4722 2072 4789 invisibilis
2112 4722 2244 4787 Dei
2285 4723 2526 4808 image,

563 4821 704 4867 non
746 4801 822 4866 in
863 4821 941 4866 eo
985 4810 1088 4869 est
1128 4805 1300 4888 quod
1346 4806 1637 4888 videtur,
1692 4808 1809 4874 sed
1857 4808 1926 4873 in
1968 4829 2046 4874 eo
2080 4808 2310 4892 utique
2354 4807 2529 4892 quod
2564 4811 2576 4821 “

706 4970 767 5037 1)
818 4968 916 5026 Βία
958 4971 1044 5027 εἰ.
1082 4974 1344 5044 prinecps
1387 4983 1442 5033 et
1490 4976 1793 5034 Gallam,
1870 4978 2066 5034 Gallus

565 5040 951 5122 abominati-on.
1022 5040 1177 5096 Bam
1220 5045 1469 5112 scripsit:
1525 5052 1584 5101 et
1636 5047 1756 5102 eius
1799 5048 2014 5117 generis

565 5114 744 5165 tiones
757 5152 773 5179 ,
819 5117 962 5165 sicut
996 5117 1150 5177 sunt,
1198 5111 1278 5166 ita
1319 5127 1443 5169 esse
1478 5113 1786 5170 clamamus.

702 5219 1120 5316 membrosus
1153 5247 1209 5303 in
1244 5247 1389 5306 rm.
1426 5246 1545 5302 us.

2335 4997 2349 5012 ,
2424 4978 2438 5005 2

2251 4986 2529 5131 pbbssiffl

1861 5114 2024 5184 Quod
2055 5121 2382 5173 memores
2415 5131 2525 5171 osr-

2163 335 2292 403 DE
2336 334 2976 406 NECESSITATE

4459 344 4584 407 4⁷6

2627 544 2762 591 non
2806 524 3088 627 Yid⁰¹³l¹rt
3178 524 3360 607 Quid
3411 531 3634 592 autem
3684 526 3883 591 hodie
3923 524 4048 593 fit?
4102 612 4117 627 .
4136 527 4251 593 An
4303 548 4442 594 non
4481 549 4588 595 co-

2625 611 4591 784 ffiffssfffflssizffiffiiffimffifflmhssffl

2628 783 2793 848 tiam
2834 782 2965 847 nisi
3022 783 3261 849 statuis
3319 788 3388 849 et
3441 783 3719 866 picturis
3777 782 4160 869 alligarent,
4219 804 4305 849 an
4349 783 4437 851 ad
4479 805 4591 851 eas

2626 867 2788 934 conf
2871 875 3077 948 erent,
3121 889 3323 952 quum
3368 887 3559 933 orare
3591 866 3870 936 volunt?

2862 961 2892 1018 t
2926 953 3220 1019 nondum
3254 954 3607 1021 crassiores
3627 953 4130 1037 superstitiones
4165 955 4389 1041 attigi:
4424 975 4592 1038 quae

2625 1044 2853 1104 tamen
2905 1038 3185 1105 rudibus
3247 1039 3565 1123 imputari
3628 1048 3992 1122 nequeant,
4057 1060 4265 1123 quum
4326 1040 4591 1124 publico

2627 1143 2951 1190 consensu
2993 1124 3455 1209 approbentur.
3547 1122 3813 1190 Ornant
3855 1145 3978 1190 sua
4010 1124 4204 1205 idola,
4246 1145 4430 1193 nunc
4470 1127 4593 1193 flo-

2626 1209 2810 1276 ribus
2855 1217 2924 1275 et
2965 1210 3253 1289 coronis,
3297 1231 3475 1276 nunc
3514 1210 3756 1294 peplis,
3816 1210 4112 1277 vestibus
4126 1261 4142 1289 ,
4178 1211 4362 1278 zonis
4377 1262 4394 1291 ,
4438 1233 4592 1279 cru-

2626 1295 2861 1375 menis,
2918 1303 2988 1360 et
3029 1295 3298 1379 ineptiis
3343 1315 3540 1361 omne
3680 1316 3826 1361 nus.
3899 1294 4145 1363 Coram
4184 1296 4321 1362 illis
4366 1318 4593 1364 cereos

2629 1381 3013 1462 accendunt,
3059 1386 3217 1462 [pag.
3256 1386 3367 1462 36]
3400 1381 3560 1447 thus
3583 1380 3867 1462 adolent,
3894 1388 4158 1466 gestant
4191 1402 4270 1454 ea
4293 1381 4594 1450 humeris

2627 1466 2701 1530 in
2743 1487 2998 1551 pompa.
3088 1465 3450 1533 Oonfluunt
3506 1487 3592 1532 ex
3648 1466 4026 1552 longinquis
4079 1467 4463 1551 regionibus
4505 1467 4595 1534 ad

2629 1558 2918 1620 statuam
2959 1572 3186 1631 unam,
3231 1572 3438 1635 quum
3479 1549 3657 1617 domi
3702 1553 3950 1619 similes
3989 1551 4295 1619 habeant.
4387 1552 4595 1620 Simi-

2626 1636 2780 1701 liter
2820 1658 3024 1720 quum
3064 1637 3137 1702 in
3180 1657 3312 1703 uno
3354 1638 3601 1721 templo
3643 1637 3870 1721 plures
3913 1638 4050 1704 sint
4087 1638 4431 1723 imagines,
4477 1647 4598 1706 aut

2627 1722 2906 1806 virginis
2950 1723 3235 1802 Mariae,
3280 1729 3402 1787 aut
3442 1723 3744 1803 alterius,
3791 1724 3940 1789 aliis
3982 1723 4389 1806 praeteritis,
4434 1745 4595 1806 una,

2629 1808 2820 1891 quasi
2856 1807 3158 1888 divinior,
3192 1808 3666 1892 frequentatur.
3710 1807 3973 1890 ,Quum
4010 1807 4095 1875 ad
4128 1808 4599 1894 Ohristophori

2627 1902 2979 1978 precantur
3019 1893 3377 1978 imaginem
3422 1902 3542 1959 aut
3580 1892 3947 1974 Barbarae,
3992 1894 4438 1978 precationem
4477 1893 4598 1960 do-

2627 1978 2943 2045 minicam
2959 2031 2975 2059 ,
3033 2000 3186 2046 cum
3240 1979 3636 2045 salutatione
3691 1979 4032 2065 angelica,‘
4079 1979 4214 2046 illis
4258 1982 4593 2047 occinunt.

2626 2064 2839 2130 Prout
2899 2063 3008 2131 vel
3074 2066 3428 2144 formosae,
3492 2066 3604 2130 vel
3660 2064 3955 2132 fumosae
4020 2072 4179 2132 sunt
4243 2066 4336 2131 im
4429 2069 4443 2081 ‘

2625 2150 2946 2216 maiorem
2978 2150 3110 2216 illis
3152 2151 3625 2234 praestantiam
3668 2151 4015 2235 affingunt.
4086 2150 4365 2218 Accedit
4399 2160 4468 2217 et
4509 2173 4599 2219 ex

2626 2235 2936 2303 fabulosis
2972 2235 3309 2302 miraculis
3351 2257 3529 2301 nova
3556 2236 4054 2302 commendatio,
4126 2236 4319 2303 Alias
4360 2236 4597 2321 loquu-

2627 2327 2733 2387 tas
2788 2341 2932 2388 esse
2982 2323 3279 2406 fingunt,
3337 2320 3502 2387 alias
3553 2321 3785 2404 templi
3843 2320 4226 2387 incendium
4268 2321 4437 2406 pede
4488 2344 4599 2389 re-

2628 2407 2959 2484 stinxisse,
3006 2407 3169 2472 alias
3213 2406 3615 2491 demigrasse
3659 2427 3782 2473 sua
3804 2414 4035 2491 sponte
4076 2408 4149 2473 in
4192 2428 4441 2475 novum
4474 2407 4598 2475 do-

2626 2492 2945 2558 micilium
2958 2544 2974 2572 ,
3037 2491 3202 2558 alias
3256 2514 3294 2558 e
3337 2492 3516 2559 coelo
3573 2492 3892 2576 delapsas.
3982 2492 4112 2559 His
4154 2501 4225 2559 et
4266 2492 4599 2560 similibus

2625 2576 3074 2644 deliramentis
3116 2599 3322 2662 quum
3364 2585 3542 2644 totus
3582 2577 3872 2645 mundus
3914 2584 4191 2659 scateat,
4249 2579 4450 2663 idque
4508 2580 4601 2646 sit

2627 2664 2930 2730 omnibus
2982 2665 3056 2729 in
3110 2662 3482 2747 propatu10,
3535 2685 3654 2729 nos
3710 2671 3963 2743 tamen',
4029 2666 4143 2749 qui
4211 2666 4415 2730 unius
4460 2664 4597 2732 Dei

2627 2749 2879 2815 cultum
2931 2750 3015 2815 ad
3073 2748 3259 2815 verbi
3293 2749 3398 2814 sui
3440 2769 3739 2815 normam
3780 2751 4198 2817 restituimus
4212 2800 4230 2830 ,
4287 2757 4355 2816 et
4395 2750 4598 2816 resti-

2626 2840 2847 2899 tutum
2899 2855 3241 2900 servamus
3280 2834 3632 2919 diligenter
3646 2886 3663 2913 ,
3721 2836 3836 2918 qui
3882 2837 4033 2918 puri
4077 2857 4339 2914 sumus,
4384 2836 4598 2903 eccle-

2626 2920 2895 3072 mg
2923 2921 3772 3090 ‘ssssstzfflzfizfflssk
3808 2940 4198 3073 ffiffl
4223 2920 4600 3074 2⁰5⁶th

2625 3092 2757 3157 Dei
2799 3090 2983 3158 cultu
2999 3143 3016 3171 ,
3075 3090 3249 3175 quod
3303 3093 3675 3176 imaginum
3726 3094 4251 3172 venerationem,
4312 3092 4435 3159 hoc
4490 3100 4603 3160 est

2624 3175 3086 3256 idololatriam,
3123 3183 3200 3242 ut
3233 3197 3355 3243 nos
3388 3178 3652 3261 quidem
3686 3179 4221 3261 interpretamur,
4258 3186 4336 3244 ut
4366 3185 4599 3245 autem

2623 3262 2885 3328 malunt
2924 3262 3147 3329 hostes
3183 3264 3413 3342 nostri,
3451 3263 3876 3329 idoloduliam
3916 3264 4392 3331 sustulerimus.

2800 3349 3006 3432 Atqui
3058 3357 3320 3432 praeter
3376 3358 3517 3415 tam
3560 3349 3740 3415 clara
3783 3349 4153 3433 scripturae
4196 3352 4600 3432 testimonia,

2627 3455 2797 3518 quae
2838 3434 3117 3501 subinde
3159 3442 3541 3515 occurrunt,
3587 3438 3787 3500 etiam
3824 3436 4072 3503 veteris
4118 3436 4434 3504 ecclesiae
4478 3459 4603 3504 au-

2628 3521 2861 3587 toritas
2913 3519 3101 3586 nobis
3168 3520 3590 3606 suffragatur.
3681 3519 4021 3605 Quotquot
4084 3523 4265 3587 enim
4329 3530 4604 3590 exstant

2625 3607 2911 3690 purioris
2955 3606 3199 3672 saeculi
3244 3608 3614 3691 scriptores,
3660 3625 3798 3671 non
3841 3607 4051 3673 alium
4088 3608 4464 3692 imaginum
4486 3609 4605 3675 ab·

2625 3712 2821 3757 usum
2865 3694 3040 3757 inter
3073 3692 3357 3776 gentiles
3392 3692 3795 3770 describunt,
3841 3713 4042 3775 quam
4086 3695 4204 3777 qui
4238 3694 4311 3760 in
4347 3695 4606 3761 mundo

2625 3777 2821 3844 hodie
2860 3777 3125 3859 visitur;
3161 3797 3284 3844 nec
3316 3778 3537 3844 minus
3574 3778 3838 3861 proprie
3870 3779 3941 3843 in
3974 3785 4259 3845 aetatem
4300 3789 4609 3847 nostram

2629 3868 2778 3943 [pag.
2818 3867 2928 3944 3⁷]
2978 3871 3393 3949 competunt,
3451 3884 3883 3948 quaecunque
3934 3863 4014 3930 ab
4068 3864 4207 3930 illis
4263 3864 4605 3946 dicuntur,

2627 3949 3315 4102 3331350333053
3347 3949 4608 4121 qffl‘}”m⁰ag‚”⁹npiffu¹}⁰”{ffl“oessffi

2631 4127 2707 4187 et'
2742 4119 3036 4204 reliquiis
3074 4128 3467 4201 sanctorum,
3518 4120 3710 4188 nobis
3754 4120 4004 4187 crimen
4047 4120 4442 4202 intendunt,
4504 4125 4611 4190 fa-

2632 4206 2777 4273 cilis
2835 4214 2938 4272 est
3008 4207 3366 4301 responsio.
3456 4206 3687 4290 Neque
3750 4208 3929 4272 enim
3993 4206 4205 4291 pluris
4258 4209 4617 4276 aestimari

2631 4292 2924 4376 oportuit
2968 4292 3133 4358 haec
3173 4294 3413 4371 omnia,
3458 4312 3657 4375 quam
3699 4300 4077 4376 serpentem
4119 4314 4438 4361 aeneum:
4484 4316 4619 4363 ne-

2630 4398 2758 4461 que
2798 4398 2958 4444 vero
3001 4379 3222 4444 minor
3260 4379 3387 4444 fuit
3427 4399 3653 4457 causa,
3710 4399 3829 4445 cur
3871 4378 4034 4446 haec
4070 4390 4622 4464 removerentur,

2630 4484 2830 4615 guam
2869 4483 2988 4531 cur
3021 4465 3544 4549 confringeretur
3577 4463 3660 4530 ab
3692 4464 3981 4531 Ezechia
4021 4485 4291 4550 serpens
4322 4485 4625 4536 aeneus.

2691 4555 2909 4614 ertum
2951 4554 3081 4630 est,
3135 4550 3603 4617 idolomaniam
3618 4600 3635 4629 ,
3690 4549 3977 4633 qualiter
4017 4572 4200 4618 nunc
4242 4550 4359 4616 illa
4399 4551 4629 4622 fasci-

2632 4641 2832 4701 natae
2877 4642 3036 4702 sunt
3076 4635 3422 4703 hominum
3468 4641 3744 4716 mentes,
3784 4656 3919 4701 non
3960 4635 4157 4703 aliter
4198 4657 4403 4721 quam
4453 4642 4631 4708 aub-

2635 4718 2837 4789 ducta
2911 4721 3286 4788 insaniendi
3349 4722 3659 4802 materia,
3738 4723 3959 4788 curari
4020 4744 4228 4807 posse.
4316 4723 4425 4791 Et
4496 4748 4632 4795 nus

2634 4805 2786 4890 plus
2830 4808 2994 4873 satis
3038 4809 3433 4892 experimur,
3479 4807 3899 4874 verissimum
3941 4829 4085 4875 esse
4128 4806 4297 4875 illud
4330 4812 4633 4898 Augus-

2635 4893 2793 4958 tini:
2822 4894 2874 4978 ¹)
2916 4894 3250 4960 neminem
3293 4914 3483 4960 orare
3524 4893 3636 4959 vel
3677 4892 3980 4973 adorare,
4025 4894 4480 4964 simulacrum
4524 4901 4637 4967 in-

2628 4985 2925 5045 tuentem
2938 5030 2954 5058 ,
2998 4980 3112 5063 qui
3153 4999 3290 5047 non
3331 4980 3426 5047 sic
3468 4978 3772 5057 afficitur,
3817 4986 3894 5045 ut
3935 4979 4019 5045 ab
4064 5001 4142 5046 eo
4184 4982 4521 5052 exaudiri
4558 5009 4635 5055 ae

2626 5071 2832 5147 putet.
2919 5064 3095 5130 Item
3110 5118 3127 5148 ,
3182 5065 3333 5151 plus
3374 5065 3595 5133 valere
3652 5064 4006 5133 simulacra
4063 5062 4151 5132 ad
4191 5072 4643 5141 curvandam

2774 5252 2836 5317 1)
2870 5253 3048 5322 Epist.
3079 5252 3168 5309 49.
3234 5253 3402 5323 mom,
3436 5254 3727 5311 isram.
3761 5252 3880 5307 ιιι.
