4967 5992
403 378 483 439 73
962 355 967 359 ’
1741 372 2402 444 oA'rEofflsMUs
2450 374 3064 443 GENEVENsIs.
3223 329 3236 333 ’
4324 384 4405 444 74

1248 580 1513 633 n’mtrutr.

572 651 692 727 [fol.
736 652 846 727 36]
888 647 949 712 11
993 647 1236 712 entend
1279 656 1492 713 toutes
1534 649 1906 714 mauvaises
1941 650 2252 732 trafiques
2289 656 2356 713 et

400 754 675 818 moyens
719 731 1283 799 deeraisonnables
1337 732 1636 798 d’attirer
1679 743 1720 798 a
1764 756 1930 799 nous
1975 735 2036 798 le
2077 733 2227 799 bien
2273 733 2354 798 de

402 825 629 884 nostre
686 819 1028 901 prochain,
1087 821 1213 884 soit
1262 839 1385 903 par
1426 818 1717 885 violence
1774 840 1857 885 ou
1903 820 2212 900 cautelle,
2269 840 2355 884 ou

404 925 489 969 en
548 905 823 988 quelque
889 912 1079 971 autre
1145 913 1318 972 sorte
1375 926 1502 990 que
1556 904 1730 971 Dieu
1787 906 1947 971 n'ait
2000 906 2184 989 point
2239 926 2354 988 ap-

401 998 711 1074 prouvee.

748 1282 756 1286 “
1200 1282 1267 1317 u:
1302 1283 1559 1318 mmm.

571 1333 828 1398 Est-ce
883 1353 1064 1398 assez
1122 1330 1202 1398 de
1259 1334 1603 1399 s'abstenir
1657 1332 1744 1397 du
1800 1333 1983 1410 faict,
2039 1354 2123 1399 ou
2181 1334 2236 1399 si
2290 1333 2354 1399 le

399 1417 659 1484 vouloir
700 1441 746 1504 y
791 1423 892 1483 est
934 1420 1112 1484 aussi
1159 1419 1529 1501 comprins?

1241 1521 1508 1575 n'nurur.

574 1589 635 1653 Il
687 1589 833 1654 faut
888 1590 1213 1655 tousiours
1260 1590 1328 1655 la
1382 1592 1658 1656 revenir.
1750 1589 2070 1656 D’autant
2110 1613 2235 1691 que
2291 1591 2353 1656 le

399 1674 821 1759 Legislateur
862 1671 963 1741 est
1006 1675 1331 1760 spiritual:
1378 1676 1534 1758 qu'il
1578 1697 1663 1741 ne
1701 1677 1884 1760 parle
1928 1697 2045 1760 pas
2089 1677 2352 1761 simple-

400 1770 588 1826 ment
640 1760 756 1826 des
806 1761 1049 1827 larcins
1104 1761 1497 1826 exterieurs:
1566 1763 1733 1827 mais
1790 1764 1968 1829 aussi
2026 1762 2179 1829 bien
2238 1763 2353 1829 des

400 1847 868 1929 entreprinses,
915 1847 1243 1926 voluntez,
1288 1857 1354 1914 et
1396 1847 1860 1914 deliberatione
1905 1847 1984 1913 de
2028 1870 2195 1915 nous
2238 1870 2353 1914 en-

398 1932 608 1999 richir
653 1954 739 1998 au
785 1931 1139 1998 detriment
1182 1933 1263 1998 de
1304 1941 1537 1999 nostre
1572 1934 1903 2017 prochain.

1192 2141 1258 2175 LE
1292 2140 1551 2175 numeru.

576 2188 722 2271 Quo
765 2191 906 2255 faut
949 2188 999 2254 il
1045 2188 1379 2274 donques?

1240 2294 1507 2347 n’nxrntr.

572 2362 772 2427 Faire
815 2369 1040 2429 nostre
1089 2361 1316 2428 devoir
1360 2361 1440 2427 de
1484 2382 1832 2429 conserver
1877 2369 1919 2426 a
1962 2384 2054 2426 un
2096 2361 2352 2428 chacun

392 2447 460 2514 le
505 2449 677 2514 sien:

1144 2601 1162 2616 ,
1192 2568 1258 2603 ιε
1293 2568 1550 2603 mseras.

573 2617 746 2700 Quel
791 2626 893 2684 est
933 2618 997 2683 le
1042 2618 1443 2684 neufiesme‘?

1246 2721 1512 2775 L’anrnvr.

570 2792 674 2856 ‘Pu
718 2814 801 2857 ne
849 2789 1025 2856 diras
1068 2790 1254 2872 point
1296 2792 1449 2855 faux
1498 2791 1947 2876 tesmoignage
1982 2799 2207 2858 contre
2242 2800 2353 2857 ton

390 2877 731 2960 prochain.

1300 2999 1558 3034 lumem.

1198 2998 1265 3031 LE

568 3047 755 3114 Nous
801 3047 1076 3113 defend·
1090 3047 1137 3112 il
1192 3047 1271 3113 de
1317 3069 1481 3113 nous
1524 3048 1825 3131 pariurer
1868 3069 1950 3112 en
1994 3049 2351 3133 iugement,

389 3156 482 3200 ou
528 3132 617 3199 du
659 3140 805 3200 tout
848 3133 929 3198 de
972 3133 1218 3198 mentir
1261 3143 1485 3199 contre
1528 3143 1750 3200 nostre
1792 3133 2158 3216 prochain?

1239 3236 1504 3290 n’mmu‘r.

568 3307 677 3372 En
720 3314 1064 3371 nommant
1106 3327 1237 3371 une
1278 3325 1525 3389 espece,
1570 3305 1619 3370 il
1654 3304 1849 3371 baille
1885 3328 2018 3371 une
2057 3306 2351 3372 doctrine

392 3392 756 3477 generalle,
815 3413 943 3475 que
1005 3411 1167 3457 nous
1223 3413 1306 3456 ne
1360 3391 1749 3457 mesdisions
1793 3413 1912 3474 pas
1955 3392 2353 3458 faulsement

393 3486 624 3564 contre
666 3484 889 3560 nostre
942 3477 1287 3561 prochain:
1344 3484 1412 3541 et
1456 3498 1580 3561 que
1622 3497 1743 3560 par
1783 3498 1903 3542 noz
1948 3477 2359 3544 detractions

391 3576 465 3631 et
516 3585 939 3648 mensonges,
1008 3585 1172 3630 nous
1239 3585 1323 3629 ne
1378 3562 1440 3627 le
1494 3562 1814 3628 blessions
1865 3564 2053 3646 point
2105 3586 2190 3629 en
2246 3584 2349 3629 ses

389 3651 603 3730 biens,
644 3650 793 3715 n'en
837 3671 911 3715 sa
952 3658 1343 3716 renommee.

1195 3772 1260 3806 u:
1296 3749 1553 3805 κωπίω.

571 3823 931 3907 Pom-quoy
972 3829 1385 3887 notamment
1425 3820 1689 3904 parle-il
1733 3820 1848 3885 des
1893 3822 2190 3902 pariures
2224 3841 2349 3904 pu-

388 3907 687 3991 bliques?

996 4045 1005 4058 .
1242 4008 1509 4062 L'mnunr.

566 4078 751 4143 Pour
794 4098 963 4143 nous
1014 4077 1178 4142 faire
1235 4079 1418 4144 avoir
1462 4099 1543 4142 en
1599 4077 1750 4162 plus
1802 4076 2015 4162 grand
2070 4079 2349 4144 horreur

390 4184 469 4230 ce
512 4165 654 4229 vice
698 4163 779 4229 de
822 4162 1104 4228 mesdire
1160 4171 1226 4227 et
1268 4161 1620 4228 detractet:
1677 4161 1990 4228 denotant
2032 4186 2158 4248 que
2203 4167 2347 4249 qui-

390 4270 646 4332 eonque
691 4248 1162 4316 s’accoustume
1199 4255 1241 4313 a
1273 4249 1666 4314 faulsement
1708 4250 2073 4315 calumnier
2112 4258 2180 4316 et
2223 4250 2346 4316 dif-

387 4337 605 4402 famer
647 4356 767 4401 son
799 4331 1143 4419 ‘prochain
1160 4384 1176 4413 ,
1222 4334 1496 4400 viendra
1548 4334 1703 4402 bien
1752 4335 1903 4420 puis
1960 4357 2152 4420 apres
2190 4343 2232 4402 a
2276 4359 2348 4403 se

388 4421 699 4507 pariurer
742 4442 826 4487 en
865 4422 1223 4505 ingement.

1194 4542 1260 4576 1.ss
1293 4541 1552 4576 mm.

566 4593 671 4659 Ne
714 4591 1033 4659 defend-il
1077 4592 1269 4657 sinon
1312 4590 1395 4656 de
1438 4590 1575 4656 mal
1616 4592 1852 4674 parler,
1904 4613 1987 4658 ou
2032 4593 2130 4659 s’il
2172 4615 2345 4660 com-

388 4679 602 4764 prend
648 4679 827 4745 aussi
867 4678 1000 4744 mal
1043 4675 1326 4762 penser?
1402 4719 1409 4728 -

564 4937 742 5002 L’un
781 4943 850 5002 et
891 4936 1152 5002 l’autre:
1199 4884 1500 5002 Sgssugiffi.
1519 4935 1735 5001 raison
1771 4934 1997 5001 dessus
2035 4933 2344 5019 alleguee.

390 5022 531 5090 car
574 5043 649 5089 ce
690 5023 803 5107 qui
845 5029 948 5088 est
988 5022 1288 5089 mauvais
1332 5021 1413 5087 de
1454 5021 1616 5087 faire
1660 5025 1777 5102 [fol.
1818 5025 1926 5100 87]
1972 5019 2214 5087 devant
2248 5020 2344 5086 les

389 5110 711 5189 hommes,
757 5121 860 5175 est
900 5108 1198 5174 mauvais
1240 5107 1323 5173 de
1364 5107 1621 5173 vouloir
1666 5105 1920 5196 devant·
1951 5107 2142 5173 Dieu.

3356 601 3506 639 PUBB.

2630 649 2844 715 Malas
2880 671 3073 715 omne
3107 669 3318 734 genus
3340 650 3689 717 fraudandi
3723 651 4406 737 circumveniendique

2459 743 2663 813 artes,
2705 735 2940 817 quibus
2985 735 3197 801 aliena
3240 737 3412 802 bona
3457 760 3878 821 aucupamur,
3924 739 4048 805 sub
4087 740 4245 805 furti
4288 760 4406 803 no-

2458 821 2635 885 mine
2680 822 3151 906 complectitur.
3241 823 3373 888 Hic
3416 845 3570 908 ergo
3605 820 3946 904 vetamur,‘
3970 832 4115 902 tum
4157 824 4407 889 violen-

2458 916 2560 971 ter
2593 906 2886 972 involare
2919 908 2989 971 in
3025 906 3193 973 bona
3228 909 3697 992 proximorum,
3745 920 3886 975 tum
3921 931 4042 995 per
4074 911 4408 975 vafritiem

2458 999 2528 1057 et
2579 990 2801 1056 dolum
2856 992 2986 1059 illis
3041 1015 3313 1059 manum
3381 998 3494 1073 [fol.
3545 1001 3654 1074 45]
3700 997 3997 1076 iniicere,
4066 1003 4209 1062 tum
4262 997 4407 1062 aliis

2460 1078 2962 1178 quibuscunque
3007 1079 3285 1162 obliquis
3330 1079 3697 1146 rationibus
3753 1082 3835 1147 ad
3882 1083 3997 1148 illa
4038 1080 4411 1166 occupanda

2374 1225 2381 1231 .
2457 1183 2696 1229 oonan.

3302 1286 3560 1321 mulam.

2633 1331 2899 1398 Satisne
2966 1342 3066 1400 est
3117 1357 3355 1402 manus
3425 1336 3751 1403 abstinere
3817 1361 3856 1405 a
3909 1339 4256 1405 maleficio:
4323 1361 4407 1405 an

2458 1416 2781 1501 cupiditas
2825 1421 3023 1484 etiam
3068 1421 3176 1487 hic
3219 1421 3610 1487 damnatur?

3358 1543 3510 1578 PUER-

2629 1589 2785 1655 Huc
2830 1611 3087 1674 semper
3142 1598 3244 1657 ost
3299 1592 3735 1659 redeundum:
3791 1616 3994 1678 quum
4051 1594 4407 1678 spiritualis

2457 1675 2546 1741 sit
2565 1674 2919 1759 legislator,
2959 1697 3092 1741 non
3127 1685 3402 1743 externa
3436 1686 3692 1744 tantum
3727 1681 3906 1745 furta
3939 1701 4233 1746 coercere
4256 1701 4409 1746 eum

2457 1759 2659 1840 velle,
2728 1760 2842 1826 sed
2908 1764 3129 1828 omnia
3197 1764 3399 1829 simul
3464 1766 3737 1831 consilia
3791 1774 3860 1831 et
3931 1765 4173 1845 studia,
4242 1786 4407 1849 quae

2458 1846 2604 1911 aliis
2646 1847 2913 1913 omnino
2959 1849 3473 1916 incommodent:
3534 1863 3730 1935 atque
3785 1854 3998 1935 ipsam
4049 1853 4124 1916 in
4176 1852 4405 1935 primis

2457 1931 2913 2015 cupiditatem:
2972 1957 3055 2000 ne
3100 1935 3413 2002 ditescere
3470 1957 3619 2002 cum
3674 1937 3926 2004 iactura
3965 1939 4248 2003 fratrum
4290 1959 4404 2003 ex-

2456 2025 2773 2101 petamus.

3305 2143 3560 2177 nms'mn.

2630 2186 2809 2269 Quid
2832 2211 2987 2273 ergo
3024 2190 3345 2275 agendum
3384 2203 3501 2272 est,
3538 2201 3613 2258 ut
3648 2203 3990 2277 praecepto
4014 2192 4405 2278 pareamus?

3355 2314 3507 2348 PUBB.

2629 2360 2872 2427 Danda
2917 2369 3020 2426 est
3062 2382 3280 2444 opera,
3325 2371 3404 2428 ut
3446 2385 3638 2430 suum
3682 2364 3916 2448 cuique
3960 2364 4217 2430 salvum
4260 2366 4364 2431 sit.

3304 2568 3562 2603 mmm

2629 2619 2898 2684 Nonum
2935 2625 3358 2701 praeceptum
3402 2619 3573 2702 quod
3617 2619 3762 2685 est?

3355 2740 3506 2775 PUER.

2628 2791 2780 2855 Non
2826 2791 2955 2857 eris
3001 2790 3314 2858 adversus
3350 2790 3724 2873 proximum
3757 2799 3950 2856 tuum
3995 2790 4183 2856 testis
4220 2811 4404 2855 men-

2456 2872 2603 2939 dax.

3306 2997 3562 3032 misma.

2629 3047 3035 3115 Prohibetne
3090 3048 3384 3132 peierare
3451 3049 3524 3112 in
3575 3048 3715 3112 foro
3781 3047 4129 3128 duntaxat,
4197 3069 4283 3114 an
4335 3048 4407 3113 in

2456 3131 2843 3198 universum
2887 3134 3154 3199 mentiri
3194 3134 3507 3199 adversus
3551 3133 3924 3216 proximos?

3356 3255 3505 3290 rm.
4157 3264 4161 3268 ⁴

2630 3302 2772 3370 Sub
2817 3306 3031 3387 specie
3078 3325 3209 3369 una
3244 3304 3822 3388 comprehenditur
3866 3305 4166 3372 doctrina
4206 3326 4404 3389 gene-

2453 3388 2644 3468 ralis,
2699 3411 2784 3454 ne
2825 3390 2991 3457 falso
3041 3391 3374 3473 proximos
3398 3391 3444 3472 ¹)
3504 3389 4007 3456 calumniemur:
4055 3411 4222 3455 neve
4265 3412 4404 3455 ma-

2453 3473 2804 3540 ledicentia
2859 3483 3083 3541 nostra
3137 3484 3204 3541 et
3262 3476 3841 3543 obtrectationibus
3881 3475 4219 3542 laedamus
4262 3476 4404 3541 eius

2454 3561 2726 3640 famam,
2789 3568 2903 3627 aut
2956 3561 3242 3644 aliquam
3298 3561 3393 3625 illi
3450 3582 3691 3626 noxam
3748 3562 4102 3633 afferamus
4156 3564 4224 3627 in
4268 3562 4404 3627 suis

2452 3646 2662 3712 bonis.

3307 3768 3564 3804 nmmum.

2626 3816 2766 3884 Cur
2799 3824 3016 3883 autem
3038 3819 3429 3883 nominatim
3451 3820 3764 3902 exprimit
3783 3820 4042 3902 publica
4076 3818 4401 3904 periuria?

3348 4026 3504 4061 rum.

2624 4074 2774 4157 Quo
2818 4076 3136 4141 maiorem
3180 4077 3367 4143 nobis
3409 4076 3611 4143 huius
3645 4077 3792 4143 vitii
3834 4076 4173 4142 horrorem
4215 4076 4401 4140 incu-

2450 4161 2591 4227 tiat.
2679 4162 2911 4226 Innuit
2953 4164 3160 4240 enim,
3218 4163 3274 4228 si
3316 4163 3463 4245 quis
3507 4161 4002 4228 maledicentiae
4047 4169 4114 4226 et
4155 4161 4402 4227 calum-

2452 4248 2579 4313 niis
2616 4248 3010 4328 assueverit,
3056 4248 3208 4314 inde
3249 4248 3331 4314 ad
3368 4249 3656 4331 periuria
3687 4248 4047 4331 proclivem
4080 4247 4218 4312 fore
4261 4246 4402 4329 lap-

2451 4353 2619 4412 sum,
2666 4334 2722 4398 si
2757 4335 3008 4401 occasio
3041 4334 3208 4404 ,data
3249 4335 3449 4399 fuerit
3491 4334 3775 4418 proximi
3817 4331 4196 4398 infamandi.

3288 4541 3545 4577 mmm

2622 4590 2877 4656 Vultne
2934 4611 2974 4656 a
3029 4589 3475 4658 maledicendo
3532 4597 3788 4655 tantum
3843 4611 3966 4656 nos
4007 4611 4260 4671 arcere,
4317 4612 4403 4656 an

2451 4677 2652 4742 etiam
2710 4696 2750 4740 a
2802 4676 2991 4743 malis
3044 4675 3519 4761 suspicionibus
3574 4676 3988 4760 sinistrisque
4043 4683 4112 4742 et
4163 4677 4403 4760 iniquis

2449 4760 2712 4828 iudiciis
2726 4761 2758 4823 ⁴?

3349 4882 3502 4919 rum:-
3543 4869 3578 4879 ⁶

2623 4938 2742 5013 [fol.
2767 4938 2871 5010 46]
2908 4933 3306 5016 Utrumque,
3339 4932 3697 5000 secundum
3733 4935 4059 4999 rationem
4096 4940 4250 4999 ante
4285 4931 4401 4998 ad-

2448 5019 2732 5097 ductam,
2777 5018 2888 5085 hic
2923 5018 3207 5084 damnat.
3279 5019 3455 5085 Nam
3498 5018 3670 5102 quod
3704 5039 3899 5105 agere
3934 5039 4153 5087 coram
4186 5018 4401 5085 homi-

2445 5106 2640 5171 nibus
2674 5103 2926 5170 malum
2960 5111 3078 5185 est,
3114 5105 3364 5171 malum
3409 5110 3510 5171 est
3544 5126 3762 5172 coram
3799 5107 3944 5174 Deo
3980 5105 4178 5172 etiam
4210 5105 4398 5172 velle.

707 5296 763 5363 1)
798 5297 1102 5366 proximum
1138 5294 1291 5351 1554.
1326 5295 1478 5350 1563.
1513 5294 1667 5351 1570.
1704 5292 1841 5349 1576
1876 5300 1925 5350 et
1957 5256 2116 5365 seqq„
2151 5292 2299 5365 quod
2330 5294 2551 5349 omm'no
2584 5291 2759 5347 solum
2793 5308 2913 5347 cum
2944 5294 3290 5363 aequumne
3323 5293 3587 5349 convenit.
