4967 5992
583 272 714 338 307

585 479 746 524 men
789 478 1019 523 verum
1063 456 1292 522 videre
1350 475 1484 521 non
1529 461 1775 537 potest,
1823 452 1954 518 nisi
1997 451 2205 529 Deus,
2251 449 2368 532 qui
2409 449 2545 515 ius-

588 544 679 608 sit
722 564 759 607 e
803 543 1095 609 tenebris
1127 541 1353 607 lumen
1389 538 1862 623 splendescere,
1894 535 2195 602 illuxerit
2236 536 2308 599 in
2349 534 2545 601 corde

586 629 744 694 eius.
838 626 1062 707 Quum
1107 635 1327 697 autem
1370 626 1693 708 acceperit
1734 623 2040 706 spiritum
2083 620 2375 700 Domini,
2416 621 2546 686 erit

585 714 659 778 in
723 733 800 778 eo
861 711 1135 778 libertas
1209 709 1295 776 ad
1370 708 1771 794 capessenda
1835 708 2109 774 Domini
2174 713 2541 790 praecepta.

583 798 651 863 N
653 819 783 863 unc
827 818 1102 881 quaere,
1148 818 1314 880 quae
1357 798 1445 862 sit
1485 793 1773 880 eligendi
1817 800 1885 858 et
1926 791 2189 860 volendi
2251 791 2544 868 libertae,

584 883 659 948 in
702 904 779 948 eo
822 884 936 966 qui
979 883 1204 949 videre
1256 882 1429 947 nihil
1480 902 1602 965 per
1644 901 1717 947 se
1769 887 2004 963 potest.
2093 879 2199 942 De
2241 876 2547 942 fidelibus

586 976 843 1046 autem,
899 974 967 1033 et
1017 971 1128 1052 qui
1184 969 1318 1032 iam
1374 967 1519 1033 Deo
1577 965 1908 1044 serviunt,
1976 965 2069 1030 sic
2114 962 2298 1029 dicit:
2363 962 2547 1026 Fieri

586 1055 791 1121 etiam
832 1054 958 1119 hoc
998 1054 1069 1118 in
1115 1053 1278 1132 illis,
1324 1073 1530 1135 quum
1572 1051 1824 1137 gratiae
1870 1048 2289 1114 miseratione
2333 1046 2548 1112 subito

586 1140 987 1223 perveniunt
1037 1138 1120 1204 ad
1165 1159 1244 1203 ea
1299 1137 1469 1202 bona
1512 1157 1742 1221 opera,
1848 1155 1970 1199 uae
2013 1155 2137 1199 nec
2179 1132 2548 1210 voluerunt,

585 1245 710 1291 nec
763 1232 1214 1294 cucurrerunt.
1303 1221 1605 1288 Tandem
1664 1242 1824 1288 conc
1850 1220 2024 1285 udit:
2081 1220 2317 1301 Itaque
2358 1217 2550 1301 quid-

587 1310 748 1393 quid
803 1311 951 1376 vult
1004 1308 1202 1373 homo
1218 1359 1234 1387 ,
1292 1307 1609 1391 quidquid
1667 1313 1915 1389 potest,
1986 1326 2044 1388 a,
2079 1304 2369 1370 Domino
2428 1310 2547 1368 est.

586 1396 778 1462 Bene
821 1394 992 1461 velle
1026 1393 1281 1459 homini
1313 1392 1549 1457 tribuit
1579 1392 1881 1476 Pighius,
1928 1388 2245 1473 implendi
2289 1395 2551 1454 tantum

586 1480 970 1547 facultatem
1015 1500 1054 1542 a
1096 1478 1404 1559 Domino,
1450 1478 1649 1560 idque
1696 1498 1783 1541 ex
1830 1483 2019 1558 parte
2035 1526 2050 1554 ‚
2099 1475 2391 1557 accipere
2436 1473 2550 1538 do-

587 1573 711 1633 cet.
804 1563 954 1645 Quo
1012 1563 1286 1629 autore?
1377 1563 1833 1646 Augustinum
1889 1560 2205 1627 obtendit.
2293 1560 2390 1624 At
2433 1581 2550 1625 au·

589 1651 692 1717 dis
736 1671 936 1733 quam
977 1648 1145 1714 bene
1201 1669 1272 1714 se
1317 1647 1400 1713 ab
1445 1648 1569 1713 hac
1612 1647 1942 1714 calumnia
1982 1645 2299 1720 vindicet,
2346 1666 2553 1728 quum

590 1757 730 1801 non
793 1736 1048 1800 minus-
1081 1733 1282 1811 velle,
1351 1755 1548 1817 quam
1610 1753 1829 1815 posse,
1903 1732 2032 1796 Dei
2095 1752 2240 1797 esse
2303 1731 2551 1795 donum

592 1820 923 1904 agnoscit:
979 1819 1176 1901 idque
1234 1821 1305 1883 in
1354 1819 1654 1883 solidum.
1743 1819 1839 1882 At
1891 1825 2116 1900 postea
2158 1816 2552 1881 catholicum

593 1925 741 1970 esse
783 1913 1010 1988 negat,
1056 1907 1166 1987 qui
1208 1904 1492 1970 liberum
1537 1904 1884 1969 arbitrium
1940 1903 2311 1986 negaverit:
2372 1921 2549 1980 sane,

592 1989 721 2055 hac
786 1989 1152 2055 conditione
1232 1995 1379 2069 [pag.
1422 1994 1570 2068 104]
1622 1987 1877 2054 addita:
1956 1987 2130 2070 quod
2205 1988 2346 2052 sine
2404 1987 2553 2051 Deo

592 2075 854 2139 nullum
922 2075 1167 2141 bonum
1245 2096 1406 2159 opus
1484 2075 1585 2141 vel
1663 2075 1956 2158 incipere
1972 2124 1987 2151 ,
2063 2072 2171 2138 vel
2238 2073 2552 2154 perficere

592 2167 810 2243 queat.
917 2161 1152 2226 Refert
1226 2159 1462 2225 deinde
1528 2158 1788 2243 Pelagii
1857 2159 2295 2223 obiectionem
2316 2207 2331 2235 ‚
2397 2159 2553 2240 quia

589 2248 774 2329 prior
814 2246 976 2311 velit
1017 2246 1242 2324 homo,
1298 2245 1521 2311 Deum
1576 2245 1764 2311 velle.
1856 2243 2079 2324 Quam
2135 2243 2231 2309 sic
2274 2243 2548 2308 refellit:

587 2331 740 2397 Iam
780 2333 1091 2396 meritum
1149 2333 1334 2410 facit,
1386 2332 1635 2414 inquit,
1692 2340 1770 2395 ut
1812 2351 1952 2395 non
2007 2330 2096 2395 sit
2136 2330 2270 2393 iam
2316 2329 2551 2412 gratia,

590 2417 709 2482 sed
750 2438 1020 2483 merces.
1110 2417 1195 2482 In
1240 2418 1390 2493 fine,
1436 2414 1603 2480 illud
1646 2415 1926 2497 apostoli
1980 2415 2194 2480 citans
2240 2421 2307 2478 et
2349 2432 2553 2495 expo-

589 2523 786 2568 nens:
833 2501 1057 2582 Quum
1116 2501 1362 2585 placuit
1403 2503 1547 2565 Deo
1565 2549 1582 2577 ,
1628 2501 1742 2582 qui
1784 2520 1893 2564 me
1935 2501 2195 2565 vocavit
2238 2497 2319 2563 ab
2362 2505 2551 2564 utero

590 2587 771 2671 (Gal.
823 2593 877 2664 l,
921 2592 1059 2668 15):
1125 2607 1262 2651 non
1301 2607 1507 2670 quum
1554 2584 1912 2651 voluissem
1955 2605 2108 2668 ego,
2154 2585 2389 2667 inquit,
2434 2582 2554 2649 sed

590 2694 795 2755 quum
848 2672 1097 2753 placuit
1149 2673 1210 2736 ei
1225 2722 1240 2749 ,
1307 2671 1422 2753 qui
1465 2692 1572 2735 me
1617 2668 1849 2753 elegit:
1909 2690 2039 2734 non
2082 2691 2203 2752 per
2242 2670 2555 2733 meritum

590 2776 815 2823 meum
828 2806 844 2833 ,
903 2756 1020 2821 sed
1075 2776 1195 2838 per
1255 2756 1537 2838 gratiam
1579 2775 1768 2819 suam
1779 2779 1796 2834 ;
1867 2763 1946 2820 ut
1986 2755 2074 2818 sit
2124 2753 2368 2833 fidelis,
2415 2774 2552 2819 non

589 2839 955 2908 secundum
996 2841 1302 2923 propriae
1346 2838 1703 2905 voluntatis
1744 2840 2072 2916 meritum,
2120 2838 2233 2904 sed
2271 2859 2392 2921 per
2425 2839 2556 2904 Dei

593 2927 859 2991 donum.
947 2925 1262 3002 Mil-abor,
1309 2926 1368 2991 si
1407 2926 1640 2990 cristas
1674 2926 1928 3008 erigere
1968 2922 2208 2990 audeat
2249 2924 2551 3007 Pighius,

596 3019 734 3076 tam
780 3010 957 3074 clara
995 3011 1295 3077 veritatis
1339 3010 1487 3077 luce
1532 3011 1871 3076 convictus
1914 3019 2112 3093 atque
2155 3011 2482 3077 confusus.

770 3094 1027 3160 Omitto
1084 3096 1255 3178 quod
1324 3096 1838 3179 pulcherrimam
1893 3096 2087 3162 Pauli
2156 3097 2553 3162 sententiam

594 3202 866 3264 prorsus
921 3189 1235 3246 extranea
1282 3182 1500 3265 glossa
1552 3182 1790 3246 misere
1852 3181 2128 3259 lacerat,
2195 3180 2276 3246 de
2328 3180 2556 3248 liberis

593 3267 886 3332 iustitiae
929 3275 999 3331 et
1040 3267 1253 3332 servis
1295 3267 1546 3350 peccati
1591 3263 1811 3346 (Rom.
1857 3271 1915 3348 6,
1961 3272 2034 3330 16
2072 3267 2209 3351 88.).
2277 3266 2555 3332 Liberos

592 3353 772 3417 enim
795 3353 1102 3432 iustitiae,
1131 3353 1418 3435 eleganti
1457 3353 1793 3430 allusione,
1841 3352 2286 3435 emancipatos
2331 3375 2371 3417 a
2415 3354 2552 3419 ius-

593 3438 780 3503 titiae
834 3437 1113 3520 imperio
1176 3446 1397 3516 vocat3
1478 3459 1704 3503 servos
1772 3446 1995 3522 autem
2060 3439 2310 3521 peccati
2325 3490 2339 3516 ,
2399 3438 2555 3521 quia

594 3524 717 3588 sub
761 3523 1125 3588 iniustitiae
1168 3524 1609 3589 dominatione
1652 3545 1860 3607 usque
1905 3524 1991 3589 ad
2033 3524 2247 3601 illam,
2305 3524 2387 3588 de
2423 3544 2554 3606 qua

594 3608 796 3674 simul
846 3609 1175 3686 meminit,
1231 3607 1714 3689 liberationem,
1783 3610 2175 3676 servitutem
2227 3611 2550 3676 serviant:

595 3691 769 3776 quod
825 3693 933 3757 hic
985 3692 1242 3778 frigidis
1297 3695 1561 3777 ineptiis
1604 3693 1868 3760 eludere
1911 3701 2205 3760 conatur.
2294 3696 2553 3761 Locum

593 3788 820 3844 autem
863 3779 1247 3862 Augustini,
1291 3801 1485 3863 quem
1529 3779 1882 3846 citaveram
1928 3800 2013 3845 ex
2055 3779 2224 3846 libro
2269 3779 2350 3845 de
2397 3778 2550 3863 Spi-

597 3864 732 3929 ritu
777 3875 845 3929 81
896 3863 1119 3942 111818,
1176 3873 1253 3930 111
1294 3865 1461 3930 1111111
1506 3872 1922 3948 extorqueat,
1982 3865 2184 3930 nimis
2226 3865 2551 3931 violenter

596 3957 875 4032 torquet.
973 3950 1151 4014 Nam
1217 3971 1421 4032 quum
1482 3950 1900 4033 Augustinus
1963 3957 2172 4016 totam
2225 3950 2551 4017 bonorum

594 4055 872 4118 operum
924 4055 1253 4100 summam
1269 4084 1284 4111 ,
1337 4043 1405 4099 et
1466 4036 1764 4119 singulas
1826 4043 2048 4118 partes
2103 4036 2234 4101 Dei
2297 4037 2551 4121 gratiae

596 4121 891 4205 assignet
907 4172 922 4198 ,
972 4120 1161 4204 quasi
1204 4120 1374 4185 nihil
1418 4120 1553 4185 tale
1596 4121 1670 4184 in
1713 4121 1856 4185 eius
1899 4122 2118 4187 verbis
2173 4121 2548 4198 haberetur,

596 4205 680 4270 ad
722 4227 929 4270 unam
972 4205 1473 4289 possibilitatem
1530 4205 1637 4270 hic
1689 4206 2051 4290 restringit.
2141 4206 2273 4272 Ubi
2317 4208 2550 4291 Augu-

597 4292 812 4356 stinus
856 4291 1184 4357 defectum
1228 4292 1430 4374 ponit.
1479 4290 1587 4356 hic
1630 4292 1974 4372 substituit
2014 4291 2547 4357 imbecillitatem.

596 4376 690 4439 Et
744 4398 814 4441 se
867 4375 1167 4459 elapsum
1219 4397 1366 4443 esse
1418 4384 1639 4461 putat,
1698 4378 1755 4442 si
1811 4378 1884 4440 in
1937 4376 2330 4460 Pelagianos
2385 4377 2550 4444 11888

596 4459 764 4524 118118
806 4461 1126 4542 quadrare
1170 4462 1438 4540 dixerit,
1496 4483 1632 4527 non
1676 4471 1897 4528 autem
1952 4461 2025 4525 in
2083 4482 2154 4526 se
2196 4483 2272 4526 88
2314 4463 2417 4528 8111
2460 4463 2550 4527 si-

596 4543 806 4608 miles.
898 4544 1121 4624 Quum
1163 4558 1382 4612 autem
1428 4548 1670 4613 clamat
1711 4548 2149 4632 Augustinus,
2196 4568 2327 4613 non
2371 4568 2549 4613 com-

597 4635 820 4712 petere
864 4648 1103 4695 nomen
1155 4631 1307 4710 hoc,
1360 4633 1534 4716 quod
1578 4634 1950 4700 libertatem
2012 4640 2232 4712 sonat,
2283 4633 2411 4698 nisi
2456 4635 2549 4700 iis

597 4715 711 4797 qui
753 4714 992 4796 spiritu
1026 4714 1159 4780 Dei
1199 4728 1553 4800 reguntur:
1600 4719 1911 4802 quoniam
1947 4719 2058 4783 alii
2102 4739 2330 4784 omncs
2373 4721 2549 4784 servi

599 4802 736 4868 sint
799 4801 1079 4883 peccati,
1146 4800 1344 4883 idque
1408 4823 1542 4869 non
1599 4826 1683 4869 ex
1740 4813 1956 4888 parte,
2024 4804 2140 4870 scd
2196 4807 2267 4868 in
2310 4812 2545 4880 totum,

601 4887 763 4952 haec
807 4885 1131 4950 transsilit
1170 4885 1465 4969 Pighius,
1507 4891 1693 4969 quasi
1726 4890 1893 4954 nihil
1930 4890 2013 4955 ad
2050 4910 2122 4955 se
2153 4890 2545 4971 pertineant.

599 4971 880 5037 Audivit
923 4971 1088 5035 forte
1134 4970 1482 5052 aliquando
1526 4972 1925 5040 rhetoricum
1982 4996 2125 5040 esse
2169 4976 2543 5051 artificium,

595 5078 678 5123 ea
717 5056 980 5123 silentio
1014 5056 1311 5133 transire,
1390 5077 1514 5122 uae
1546 5079 1812 5124 causam
1847 5061 2042 5124 nimis
2199 5069 2386 5125 vent:
2430 5060 2546 5126 sed

596 5143 671 5208 in
715 5163 788 5207 re
830 5149 967 5206 tam
1009 5148 1238 5224 aperta
1279 5163 1328 5205 n
1401 5141 1503 5207 lus
1544 5143 1671 5206 fuit
1712 5142 2216 5210 dissimulationi
2257 5145 2456 5211 locus.

1899 260 2430 330 RESPONSIO
2472 259 2851 329 CONTRA
2894 256 3311 325 PIGHJUM

4480 260 4599 324 308

2823 448 3097 531 Colligit
3138 453 3367 530 postea
3410 454 3477 512 et
3520 445 3684 513 alias
3719 447 4104 512 sententias:
4152 444 4395 528 quibus
4439 445 4602 511 mul-

2651 542 2796 599 tum
2852 539 2998 614 [pag.
3048 536 3196 610 105]
3255 533 3597 597 immorari
3648 533 3922 597 minime
3990 551 4157 614 opus
4213 532 4367 596 erit:
4439 530 4604 614 quod

2662 641 2867 703 quum
2943 618 3352 702 apertissime
3427 617 3769 685 nobiscum
3834 618 4080 683 faciant
4094 668 4111 695 ,
4189 617 4264 681 in
4350 616 4605 683 diluen-

2650 705 2752 771 dis
2805 726 2967 789 quas
3019 703 3301 787 Pighius
3374 704 3582 768 assuit
3657 703 4035 780 calumniis,
4114 723 4250 768 non
4328 703 4605 768 multum

2650 791 2781 856 erit
2828 790 3098 878 negotii.
3186 788 3370 853 Dum
3424 787 3508 853 ad
3573 790 3789 855 locum
3843 789 4033 854 illum
4092 810 4134 854 a
4174 788 4452 873 Pelagio
4497 788 4605 854 ob-

2649 877 2897 942 iectum
2942 874 3316 958 respondet,
3363 876 3420 940 si
3463 873 3805 939 volueritis
3850 882 3917 940 et
3960 873 4331 941 audieritis:
4394 896 4465 940 se
4508 875 4603 938 ni-

2650 962 2748 1026 hil
2815 960 3262 1027 contradicere
3329 961 3583 1038 scribit,
3661 961 3717 1025 si
3782 982 3822 1027 a
3875 959 4163 1026 Domino
4229 961 4607 1043 praeparari

2651 1049 2968 1112 fateretur
3007 1045 3193 1110 illam
3237 1045 3664 1110 voluntatem.
3732 1045 3958 1122 Vides,
3993 1046 4232 1129 inquit,
4279 1066 4417 1110 non
4460 1067 4605 1112 eum

2656 1133 2971 1198 damnare
3013 1133 3085 1196 in
3127 1131 3524 1215 PelagianiS,
3570 1131 3743 1213 quod
3788 1132 4046 1197 arbitrii
4087 1131 4467 1197 libertatem
4507 1153 4605 1195 as·

2656 1224 2981 1297 sererent,
3036 1216 3153 1282 sed
3197 1216 3370 1299 quod
3414 1217 3512 1281 illi
3551 1217 3957 1295 tribuebant,
4014 1217 4158 1282 sine
4213 1217 4437 1300 gratia
4477 1237 4605 1281 me-

2654 1303 3391 1455 ἷιῗὲωὲἷῗοῖἳωίωᾷῗέῗ
3441 1303 3914 1472 {ffog'gffifft’
3957 1302 4607 1472 {magstat

4443 1438 4459 1467 5

2655 1475 2818 1557 quit,
2846 1474 2897 1555 ¹)
2941 1474 3108 1538 mihi
3165 1474 3321 1539 novi
3366 1473 3711 1551 haeretici,
3758 1472 3919 1557 quid
3960 1475 4116 1540 boni
4158 1473 4248 1539 sit
4290 1473 4362 1537 in
4404 1474 4607 1538 homi-

2654 1561 2850 1626 nibus
2893 1559 3144 1624 nomini
3183 1558 3543 1625 christiano
3585 1559 3887 1626 inimicis.
3975 1559 4040 1624 N
4043 1581 4128 1623 on
4178 1558 4392 1624 80111111
4438 1559 4608 1623 8111111

2657 1667 2790 1709 11011
2849 1645 3099 1710 habent
3140 1645 3448 1708 meritum
3468 1695 3483 1720 ‚
3543 1644 3659 1709 sed
3714 1643 3960 1710 habent
4002 1645 4365 1727 pessimum
4416 1644 4606 1708 meri·

2654 1739 2814 1795 tum.
2906 1728 3192 1795 Oramus
3257 1749 3375 1812 pro
3426 1730 3604 1812 ipsis.
3696 1728 3877 1810 Quid
3919 1750 4076 1814 ergo
4118 1730 4411 1812 petimus
4427 1782 4442 1806 ,
4486 1732 4609 1794 nisi

2657 1822 2733 1880 ut
2786 1817 2955 1880 fiant
3012 1837 3100 1880 ex
3152 1813 3526 1881 nolentibus
3566 1816 3893 1894 volentes,
3963 1837 4046 1879 ex
4090 1814 4606 1962 repugnantibus

2658 1901 3145 1967 consentientes
3163 1951 3177 1975 ,
3236 1922 3319 1965 ex
3364 1901 3903 1983 oppugnantibus
3946 1909 4242 1966 amantes
4383 1905 4443 1965 A
4488 1921 4608 1982 quo

2657 1995 2893 2064 autem,
2942 1987 3071 2052 nisi
3115 1986 3196 2052 ab
3241 2005 3338 2064 80,
3384 1985 3466 2051 118
3510 2007 3637 2068 quo
3682 1986 3994 2068 scriptum
4040 1995 4168 2052 est:
4215 1988 4280 2050 A
4325 1987 4607 2051 Domino

2656 2077 3088 2155 praeparatur
3131 2070 3483 2137 voluntas?
3548 2070 3756 2137 Vides
3794 2091 3991 2150 nunc,
4032 2072 4191 2155 quid
4234 2072 4607 2155 Augustino

2657 2159 3011 2241 significet,
3067 2158 3446 2240 praeparari
3502 2156 3942 2222 voluntatem:
4008 2178 4247 2240 nempe
4302 2178 4389 2221 ex
4444 2157 4609 2222 mala

2658 2252 2727 2308 81
2786 2263 3101 2327 perversa
3164 2243 3237 2306 in
3304 2243 3543 2307 bonam
3595 2243 3907 2309 converti.
4009 2241 4353 2323 Quomodo
4420 2244 4606 2320 enim,

2657 2329 2898 2410 inquit,
2959 2327 3248 2392 hominis
3302 2327 3547 2393 bonum
3589 2329 3997 2411 propositum
4015 2379 4029 2405 ,
4086 2329 4218 2394 nisi
4258 2329 4608 2393 miserante

2655 2414 2843 2497 prius
2894 2412 3234 2477 Domino?
3305 2434 3506 2496 quum
3561 2433 3640 2478 ea
3695 2415 3783 2478 sit
3836 2414 4007 2479 bona
4066 2414 4405 2489 voluntas,
4450 2433 4609 2496 quae

2658 2507 3089 2582 praeparatur
3136 2521 3176 2564 8
3232 2497 3539 2563 Domine.
3643 2500 3886 2565 Melius
3942 2499 4154 2566 adhuc
4215 2506 4283 2563 et
4346 2519 4608 2582 expres-

2658 2585 2795 2650 sius
2839 2583 3006 2649 libro
3063 2583 3359 2650 eiusdem
3411 2584 3626 2666 operis
3682 2585 3922 2668 primo:
3980 2584 4272 2651 Oramus
4329 2606 4451 2667 pro
4492 2585 4609 2649 im-

2657 2671 2813 2753 piis,
2866 2679 2945 2734 ut
2997 2689 3225 2735 eorum
3277 2670 3454 2734 mala
3508 2668 3812 2735 voluntas
3867 2672 3936 2733 in
4006 2672 4248 2736 bonam
4302 2681 4607 2734 mutetur.

2657 2755 2750 2820 Et
2800 2754 3054 2820 occulta
3106 2755 3237 2819 Dei
3291 2755 3505 2839 gratia
3571 2756 3786 2821 subito
3850 2756 4045 2820 multi
4100 2756 4469 2820 *trahuntur
4530 2753 4610 2819 ad

2659 2839 3018 2906 Christum.
3087 2840 3235 2904 Hoc
3277 2841 3387 2923 qui
3430 2841 3819 2923 improbant,
3866 2863 4001 2906 non
4035 2841 4223 2919 mihi,
4268 2841 4382 2906 sed
4419 2840 4609 2906 Chri-

2609 2934 2615 2947 *
2660 2934 2760 2991 sto
2804 2925 3233 3003 reluctantur,
3280 2926 3394 3009 qui
3438 2926 3706 2992 clamat:
3751 2927 3965 2991 Nemo
4008 2937 4226 3010 potest
4259 2927 4485 2993 venire
4528 2925 4607 2991 811

2659 3031 2784 3087 1118,
2842 3011 2973 3076 11181
3042 3019 3234 3093 pater
3285 3033 3471 3077 meus
3538 3013 3818 3077 traxerit
3870 3032 4023 3077 eum
4079 3011 4341 3096 (Ioann.
4381 3019 4435 3090 6,
4474 3011 4603 3159 44ἶ.

2660 3096 2810 3160 Νο11
2854 3096 3062 3173 8111111,
3116 3097 3238 3175 ait,
3285 3096 3581 3175 duxerit,
3627 3105 3704 3161 ut
3743 3097 3881 3162 illic
3924 3097 4142 3179 aliquo
4184 3095 4376 3163 modo
4411 3098 4547 3160 inte
4572 3131 4604 3146 -

2660 3182 2968 3265 ligamus,
3028 3181 3416 3264 praecedere
3460 3183 3886 3248 voluntatem.
3977 3180 4148 3264 Quis
4193 3183 4507 3261 trahitur,
4549 3182 4605 3246 si

2658 3269 2793 3331 iam
2857 3267 3155 3332 volebat?
3268 3268 3360 3332 Et
3422 3277 3645 3333 tamen
3712 3290 3905 3333 nemo
3970 3270 4184 3347 venit,
4252 3269 4382 3334 nisi
4440 3267 4607 3333 velit.

2662 3353 2981 3418 Trahitur
3025 3372 3183 3437 ergo
3227 3354 3411 3418 miris
3454 3353 3665 3419 modis
3708 3363 3783 3420 ut
3826 3355 4006 3430 velit,
4054 3356 4135 3421 ab
4178 3354 4294 3419 illo
4338 3354 4453 3438 qui
4495 3374 4607 3418 no-

2659 3440 2758 3503 vit
2820 3440 3002 3503 intus
3044 3440 3116 3502 in
3169 3439 3333 3522 ipsis
3389 3440 3726 3504 hominum
3784 3439 4092 3506 cordibus
4134 3442 4426 3524 operari;
4482 3460 4606 3504 non

2659 3532 2736 3588 ut
2791 3523 3124 3603 homines,
3179 3524 3356 3606 quod
3410 3525 3556 3590 fieri
3604 3546 3738 3590 non
3792 3533 4037 3607 potest,
4108 3525 4410 3591 nolentes
4474 3544 4607 3590 cre·

2660 3609 2838 3687 dant,
2884 3608 3001 3674 sed
3043 3618 3120 3675 ut
3165 3609 3461 3676 volentes
3505 3631 3589 3675 ex
3632 3610 4008 3676 nolentibus
4049 3613 4231 3677 fiant.
4298 3610 4605 3686 Videsne,

2658 3695 2959 3760 homines
3014 3716 3145 3760 non
3201 3715 3389 3778 posse
3432 3695 3605 3762 velle
3647 3697 3777 3762 nisi
3835 3696 4089 3761 malum
4106 3747 4120 3773 ,
4178 3695 4388 3761 donec
4429 3695 4605 3760 miri-

2656 3782 2783 3847 fica
2823 3782 3263 3856 conversione,
3309 3802 3536 3846 eorum
3578 3781 3886 3848 voluntas
3925 3802 4009 3846 ex
4042 3782 4218 3847 mala
4260 3783 4332 3847 in
4373 3781 4604 3847 bonam

2655 3865 2993 3931 mutetur?
3085 3865 3264 3947 Quid
3310 3888 3466 3951 ergo
3510 3866 3932 3933 extenuando
3974 3867 4237 3951 proficit
4279 3872 4427 3947 [pag.
4460 3869 4599 3943 100]

2654 3951 2951 4035 Pighius,
2996 3956 3072 4016 ut
3112 3959 3369 4034 partem
3412 3974 3496 4017 ex
3539 3961 3678 4018 toto
3720 3953 3960 4019 faciat?

2827 4036 3031 4119 Atqui
3085 4039 3455 4103 accuratius
3510 4040 3581 4102 in
3634 4041 3765 4103 fine
3815 4038 3967 4103 libri
4044 4040 4245 4122 primi
4297 4037 4589 4121 explicat,

2656 4122 2812 4206 quid
2855 4129 2994 4187 tam
3034 4123 3103 4187 in
3147 4124 3557 4201 Manichaeo,
3602 4145 3801 4207 quam
3844 4125 3918 4189 in
3959 4124 4253 4209 Pelagi0,
4290 4123 4595 4189 damnent

2656 4206 3030 4272 orthodoxi:
3088 4229 3322 4291 nempe
3381 4209 3553 4292 quod
3606 4210 3718 4275 ille
3774 4209 4048 4288 diceret,
4107 4230 4147 4275 a
4209 4210 4382 4275 bono
4432 4209 4590 4286 Deo,

2654 4313 2778 4357 nec
2823 4301 3076 4359 creatos
3128 4293 3329 4360 fuisse
3384 4294 3715 4375 homines,
3771 4316 3891 4362 nec
3934 4296 4275 4361 institutas
4316 4295 4590 4377 nuptias,

2655 4399 2777 4444 nec
2831 4378 3047 4461 legem
3102 4400 3143 4444 a
3190 4380 3378 4445 Mose
3432 4380 3684 4457 datam:
3742 4381 3851 4446 hic
3904 4381 4079 4462 quod
4135 4379 4592 4446 adversaretur

2655 4465 2905 4547 gratiae
2945 4462 3094 4543 Dei,
3138 4485 3215 4530 88
3256 4486 3389 4529 11011
3434 4467 3639 4548 gratis
3675 4486 3851 4546 eam,
3903 4466 4020 4544 sed
4059 4466 4426 4532 secundum
4464 4484 4591 4530 mc-

2655 4548 2786 4613 rita
2847 4555 3076 4615 nostra
3140 4549 3314 4629 dari;
3380 4550 3715 4615 hominem
3730 4603 3745 4630 ,
3812 4552 4022 4617 libero
4096 4550 4368 4618 arbitrio
4434 4552 4591 4616 bene

2654 4633 2930 4712 utendo,
2987 4636 3224 4700 mereri
3278 4636 3588 4719 gratiam3
3655 4637 3965 4720 parvulos
4022 4638 4115 4702 sic
4168 4657 4313 4703 8888
4362 4636 4590 4708 salvos,

2653 4730 2730 4786 ut
2774 4742 2815 4785 a
2857 4719 3125 4785 Christe
3179 4742 3312 4785 non
3371 4721 3724 4787 salventur.
3817 4721 3893 4788 Si
3949 4723 4112 4788 haec
4156 4731 4465 4788 accurata
4502 4725 4595 4786 est

2656 4805 3041 4891 dogmatum
3096 4808 3458 4886 enarratio,
3515 4828 3644 4890 quo
3695 4807 3905 4891 igitur
3956 4808 4172 4873 colore
4227 4805 4594 4873 Manichaei

2655 4891 3007 4974 discipulos
3052 4911 3173 4957 nos
3219 4900 3415 4957 antea
3457 4893 3613 4959 fecit
3654 4891 3980 4976 Pighius?
4071 4893 4301 4975 Neque
4344 4893 4519 4958 enim
4559 4910 4595 4954 8

2793 5163 2853 5228 1)
2891 5161 3112 5230 Ibidem,
3146 5162 3253 5216 1108
3289 5169 3392 5232 est,
3429 5164 3521 5218 lib.
3556 5163 3606 5218 4.
3644 5173 3835 5219 contra
3871 5164 4005 5219 duas
4039 5167 4196 5233 epist.
4231 5166 4417 5237 Pelag.
