4967 5992
340 342 463 404 481

337 527 514 593 rium
557 526 852 592 fidelium
897 526 1223 591 orationes
1277 532 1561 592 exstant.
1649 525 1734 590 In
1780 524 1909 589 illis
1955 546 2039 590 ne
2082 545 2298 590 unum

339 611 606 698 quidem
663 614 803 678 eius
858 613 955 676 rei
1010 611 1386 694 exemplum
1449 619 1565 676 est.
1654 611 1982 676 Petebant
2034 611 2300 693 quidem

339 698 674 765 interdum
731 717 772 762 a
826 699 970 763 Deo
1023 696 1394 778 Israelitae‚
1463 702 1611 775 [pag.
1662 700 1770 774 45]
1838 704 1915 761 ut
1964 695 2296 776 Abrahae,

339 785 533 852 Isaac
601 792 670 848 et
733 783 960 864 Iacob,
1025 784 1183 848 item
1250 782 1531 848 Davidis
1599 782 2071 847 recordaretur.
2162 780 2298 849 Sed

339 871 510 938 nihil
568 870 747 935 aliud
801 868 926 935 sibi
967 869 1284 934 volebant
1340 868 1445 933 his
1487 868 1734 946 verbis,
1794 869 1923 934 nisi
1969 875 2043 933 ut
2082 869 2299 934 foede-

341 957 433 1023 ris
478 957 598 1035 sui,
635 955 809 1039 quod
852 975 1002 1020 cum
1046 953 1179 1019 illis
1221 956 1577 1039 pepigerat,
1623 974 1893 1030 memor,
1937 954 2300 1020 secundum

384 1043 842 1108 remissionem
919 1063 1107 1106 suam
1188 1041 1472 1124 posteris
1559 1061 1786 1105 eorum
1862 1040 2294 1106 benefaceret.

402 1127 603 1194 oedus
647 1129 824 1194 enim
867 1128 1144 1210 gratiae,
1189 1125 1364 1209 quod
1404 1127 1476 1191 in
1520 1125 1789 1192 Christo
1831 1125 2104 1191 tandem
2148 1146 2299 1191 san-

340 1214 648 1279 ciendum
693 1221 865 1291 erat,
923 1219 1311 1295 receperant
1353 1212 1561 1277 sancti
1617 1212 1713 1277 illi
1757 1221 1977 1294 patres
1994 1263 2011 1290 ,
2070 1232 2190 1277 suo
2232 1220 2300 1277 et

342 1309 752 1383 posterorum
793 1298 1078 1363 nomine.
1152 1297 1598 1379 Quamobrem
1639 1295 1865 1363 fideles
1908 1297 2299 1363 israeliticae

341 1386 681 1464 ecclesiae,
730 1385 844 1449 tali
888 1396 1149 1466 patrum
1192 1384 1530 1448 mentione
1576 1404 1711 1448 666
1755 1383 2297 1466 suffragationem

339 1477 579 1554 petunt
613 1493 653 1537 a
692 1472 984 1548 mortuis,
1030 1470 1144 1534 sed
1181 1470 1677 1552 promissionem
1722 1469 2106 1552 simpliciter
2140 1469 2298 1534 alle-

430 1565 538 1634 nt,
605 1576 771 1638 quae
828 1554 1008 1639 apud
1070 1555 1215 1621 illos
1281 1555 1579 1639 deposita
1641 1556 1885 1632 fuerat,
1955 1553 2161 1621 donec
2227 1557 2293 1620 in

339 1578 593 1708 {ln-isti
638 1661 840 1706 manu
895 1649 1041 1706 rata
1083 1640 1166 1705 ad
1220 1642 1491 1725 plenum
1536 1643 1740 1706 fieret.
1831 1640 2051 1722 Quam
2093 1640 2298 1726 igitur

339 1727 577 1792 insana
619 1735 720 1792 est
762 1726 1135 1804 curiositas,
1183 1726 1493 1792 derelicta
1535 1726 1768 1791 orandi
1812 1728 2052 1805 forma,
2100 1747 2297 1809 quam

340 1813 669 1878 Dominus
692 1812 879 1877 nobis
900 1812 1411 1891 commendavit,
1435 1813 1579 1878 sine
1602 1812 1739 1878 ulla
1760 1810 2088 1890 doctrina,
2112 1812 2297 1877 nullo

339 1897 662 1981 exempIO,
707 1907 1082 1964 sanctorum
1127 1899 1663 1964 intercessionem
1707 1899 2009 1980 precibus
2053 1900 2298 1963 nostris

340 1983 672 2049 inserere?
762 1981 899 2050 Sed
941 1992 1018 2048 ut
1059 1984 1273 2049 locum
1328 1984 1507 2050 hunc
1553 1985 1841 2051 breviter
1885 1984 2293 2062 concludam,

340 2071 415 2134 in
456 2070 575 2135 illa
617 2068 810 2135 Pauli
855 2071 1184 2134 sententia
1227 2068 1462 2153 pedem
1506 2073 1655 2153 fige,
1703 2091 1839 2133 non
1883 2089 2027 2134 esse
2068 2091 2296 2136 veram

337 2153 471 2220 Dei
506 2157 1017 2233 invocationem,
1062 2157 1188 2220 nisi
1236 2177 1404 2237 quae
1439 2177 1523 2220 ex
1559 2153 1687 2220 fide
1723 2156 2046 2232 nascitur:
2097 2154 2293 2220 fidem

337 2252 564 2305 autem
607 2261 752 2305 esse
795 2264 880 2306 ex
921 2241 1122 2306 verbo
1155 2239 1286 2304 Dei
1326 2242 1543 2320 (Rom.
1593 2246 1685 2318 10,
1733 2243 1855 2323 14).
1931 2240 2129 2319 Satis,
2171 2242 2297 2306 nisi

335 2325 559 2404 fallor,
614 2326 759 2391 istis
807 2326 1026 2391 verbis
1069 2326 1422 2408 expressit,
1468 2348 1601 2391 non
1644 2325 1796 2392 alibi
1838 2328 2104 2391 firmum
2149 2346 2295 2390 ora-

335 2412 537 2477 tionis
582 2411 1087 2476 fundamentum
1134 2431 1308 2488 esse,
1369 2433 1566 2496 quam
1610 2414 1682 2475 in
1725 2413 1856 2477 Dei
1901 2413 2114 2477 verbo.
2206 2414 2298 2477 Et

334 2517 548 2580 quum
593 2496 751 2562 alibi
794 2497 862 2560 in
921 2496 1205 2581 singulis
1249 2498 1425 2563 vitae
1470 2498 1835 2563 actionibus
1878 2496 2108 2576 fidem,
2171 2497 2294 2566 hoc

331 2591 473 2659 est,
556 2583 999 2648 conscientiae
1072 2583 1538 2648 certitudinem
1605 2585 1970 2650 necessario
2037 2586 2295 2668 praeire

327 2668 590 2745 iubeat,
647 2668 1017 2750 specialiter
1059 2669 1131 2732 in
1173 2668 1324 2748 1166,
1383 2678 1452 2734 61
1494 2670 1704 2753 magis
1761 2690 1957 2751 quam
2015 2670 2087 2734 in
2146 2670 2294 2736 aliis

330 2752 670 2831 omuibus,
730 2755 974 2836 requiri
1026 2755 1329 2819 ostendit.
1419 2755 1566 2821 Hoc
1623 2764 1847 2819 tamen
1907 2755 2122 2820 adhuc
2176 2779 2291 2839 ap-

330 2840 468 2904 tius
525 2836 610 2902 ad
666 2851 1083 2921 praesentem
1138 2861 1433 2920 causam,
1494 2862 1697 2924 quum
1764 2863 1848 2906 ex
1909 2843 2036 2907 Dei
2091 2844 2291 2908 verbo

332 2923 624 3008 pendere
699 2926 1063 2991 orationem
1137 2934 1434 2992 testatur.
1550 2925 1836 2993 Perinde
1917 2927 2094 2992 enim
2172 2936 2288 3006 est,

332 3030 411 3076 ac
464 3011 520 3075 61
585 3011 930 3077 universos
985 3012 1286 3079 homines
1354 3014 1609 3079 hiscere
1672 3013 2081 3097 prohiberet,
2163 3016 2290 3080 nisi

332 3096 480 3161 Deo
544 3096 732 3176 quasi
798 3098 1000 3163 verba
1062 3107 1436 3181 praeeunte.
1530 3099 1661 3165 Hic
1726 3106 1828 3165 est
1891 3100 2080 3165 nobis
2143 3122 2289 3166 mu-

331 3202 451 3246 rus
517 3181 837 3262 aheneus,
895 3204 1092 3265 quem
1156 3185 1403 3250 frustra
1467 3206 1695 3250 omnes
1758 3194 1983 3268 portae
2044 3187 2290 3251 infero·

331 3289 486 3332 rum
544 3266 804 3333 diruere
855 3268 1218 3335 tentabunt.
1309 3269 1534 3351 Quum
1588 3271 1794 3354 igitur
1846 3271 1927 3337 de
1970 3293 2100 3337 uno
2147 3272 2289 3337 Deo

330 3352 708 3436 invocando,
744 3353 997 3419 clarum
1042 3363 1260 3421 exstet
1304 3361 1452 3434 [pag.
1491 3361 1602 3435 46]
1633 3355 2017 3422 mandatum
2030 3381 2046 3437 3
2083 3379 2286 3440 quum

332 3436 571 3503 deinde
658 3442 1027 3522 propositus
1093 3442 1182 3507 sit
1258 3442 1584 3508 mediator
1664 3463 1835 3507 unus
1924 3444 2111 3509 cuius
2183 3444 2287 3508 in-

329 3524 729 3589 tercessione
793 3527 1102 3593 suffultae
1158 3549 1302 3594 esse
1369 3528 1650 3595 debeant
1704 3536 1966 3595 nostrae
2032 3550 2287 3613 prece83

330 3630 540 3693 quum
585 3609 808 3676 addita
849 3634 1103 3696 quoque
1147 3615 1234 3679 sit
1273 3615 1654 3698 promissio,
1700 3612 2016 3698 quidquid
2056 3616 2131 3679 in
2172 3637 2288 3679 no·

332 3696 515 3760 mine
570 3694 823 3762 Christi
876 3700 1260 3782 petierimus
1315 3722 1435 3767 nos
1490 3702 1982 3784 impetraturos:
2039 3701 2292 3767 dabunt

334 3781 604 3846 veniam
658 3781 985 3864 homines,
1045 3788 1102 3852 si
1154 3793 1403 3853 certam
1472 3787 1688 3869 potius
1746 3788 1874 3852 Dei
1942 3788 2287 3853 veritatem

332 3886 539 3965 quam
579 3866 815 3932 frivola
855 3870 1145 3951 ipsorum
1199 3882 1571 3939 commenta
1615 3893 1984 3957 sequamur.
2073 3872 2291 3952 Certe,

335 3973 452 4035 qm
484 3958 899 4017 mortuorum
934 3957 1466 4024 intercessionem
1501 3960 1646 4024 Deo
1680 3960 1751 4023 in
1792 3957 2094 4042 precibus
2129 3959 2293 4025 obii-

336 4039 545 4116 ciunt,
591 4046 667 4102 ut
709 4038 980 4118 facilius,
1027 4042 1143 4107 illa
1180 4043 1406 4123 adiuti,
1447 4045 1622 4128 quod
1656 4053 1893 4128 petunt
1935 4043 2290 4125 obtineant,

339 4124 733 4222 alterutrum
777 4146 862 4189 ex
916 4124 1169 4193 duobus
1211 4129 1520 4211 probent,
1565 4151 1832 4197 necesse
1875 4139 2004 4196 est:
2065 4137 2180 4196 aut
2223 4153 2293 4196 se

339 4215 433 4273 116
488 4209 749 4276 61166166
804 4232 947 4277 6666
1002 4214 1130 4301 Dei
1181 4215 1412 4292 verbo,
1479 4225 1594 4281 aut
1655 4216 1854 4283 licere
1918 4216 2292 4283 hominibus

338 4316 528 4360 orare
552 4304 631 4360 ut
663 4296 947 4362 libuerit.
997 4299 1201 4381 Atqui
1245 4299 1512 4366 destitui
1548 4323 1660 4368 eos
1695 4303 1891 4381 omni,
1931 4310 2066 4366 tam
2088 4303 2294 4387 scrip—

341 4387 530 4445 turae
569 4383 961 4461 testimonie,
1005 4405 1204 4467 quam
1248 4386 1515 4468 probato
1559 4397 1939 4455 sanctorum
1974 4389 2294 4472 exemplo,

341 4465 560 4564 palam
603 4476 731 4567 est:
774 4469 846 4533 in
890 4470 1176 4535 secundo
1221 4479 1441 4537 autem
1484 4473 1802 4539 reclamat
1842 4473 2120 4553 Paulus,
2179 4475 2293 4558 qui

340 4572 638 4618 mvocan
693 4555 911 4620 Deum
966 4577 1159 4639 posse
1204 4567 1436 4641 negat,
1503 4559 1632 4624 nisi
1685 4560 1765 4625 ab
1820 4559 1930 4638 iis,
1987 4561 2099 4642 qui
2157 4561 2293 4626 sint

342 4636 485 4702 eius
528 4639 729 4705 verbo
771 4642 1060 4706 instituti
1104 4642 1189 4708 ad
1241 4642 1582 4709 orandum.
1672 4644 1852 4711 Hinc
1895 4645 2010 4711 illa
2052 4645 2294 4729 pendet

340 4720 607 4803 fidncia,
653 4746 782 4808 qua
824 4729 965 4810 pias
1009 4737 1292 4810 mentes,
1352 4751 1555 4813 quum
1610 4729 1693 4795 ad
1746 4729 2067 4796 orandum
2110 4751 2292 4798 acce-

344 4806 526 4887 dunt,
571 4812 901 4893 praeditas
944 4816 1433 4898 instructasque
1487 4835 1629 4882 esse
1676 4817 1999 4882 convenit.
2089 4818 2290 4882 Mun-

344 4892 468 4958 dus
505 4894 649 4960 Deo
684 4899 1025 4981 supplicat,
1063 4901 1145 4967 de
1179 4921 1481 4968 successu
1516 4902 1769 4968 interea
1802 4901 2054 4967 dubius.
2120 4902 2295 4968 Nam

347 5000 555 5078 neque
600 4982 672 5046 in
716 4986 1212 5066 promissionem
1258 4987 1611 5066 recumbit:
1656 5009 1777 5055 nec
1817 4988 2094 5072 percipit
2138 4987 2295 5072 quid

343 5065 519 5163 istud
562 5067 800 5146 valeat,
842 5070 1083 5138 habere
1118 5074 1563 5152 mediatorem,
1607 5095 1726 5158 per
1755 5095 1951 5157 quem
1987 5083 2162 5140 certo
2206 5076 2297 5140 sit

345 5159 820 5247 impetraturus
870 5157 1043 5239 quod
1098 5161 1280 5243 petit.
1367 5160 1579 5227 Porro
1629 5161 1814 5226 Deus
1877 5162 2106 5226 venire
2169 5182 2292 5226 nos

346 5235 556 5316 iubet,
644 5241 918 5308 minime
993 5244 1391 5312 haesitantes
1468 5246 1739 5327 (Matth.
1789 5251 1891 5326 21,
1942 5250 2073 5331 22).

488 5341 708 5398 Caluini
736 5360 920 5414 opera.
985 5345 1097 5402 Vol.
1145 5347 1240 5402 VI.

2183 5246 2293 5312 Ita

1694 333 2422 402 REFORMANDAE
2463 335 3012 405 ECCLESIAE.

4239 348 4373 414 482

2405 527 2634 605 oratio,
2677 546 2844 609 quae
2888 546 2972 591 ex
3014 547 3176 592 vera
3221 525 3351 592 fide
3394 528 3686 612 profecta
3718 527 3847 594 Dei
3893 530 4175 614 gratiam
4213 552 4373 597 con-

2405 610 2584 675 ciliat
2601 662 2618 689 ‚
2681 609 2910 675 eadem
2961 633 3113 678 cum
3162 612 3482 678 eiusmodi
3525 613 3962 697 trepidatione
4016 619 4370 684 coniuncta

2405 697 2626 779 potius
2669 717 2820 761 eum
2866 718 2907 762 a
2947 698 3134 763 nobis
3178 698 3436 764 alienat.
3508 700 3696 767 Haec
3736 703 3912 766 enim
3958 711 4059 768 est
4101 705 4371 788 propria

2405 788 2591 862 nota,
2637 803 2805 865 quae
2847 803 3086 866 puram
3123 785 3323 851 unius
3367 786 3494 851 Dei
3538 787 4022 853 invocationem
4066 809 4107 853 a
4148 791 4367 871 profa-

2405 868 2510 932 nis
2589 877 2659 933 et
2721 870 2910 951 vagis
2987 869 3399 936 ethnicorum
3466 873 3947 954 precationibus
4025 873 4360 940 discernit.

2402 952 2711 1030 Proinde,
2758 952 2882 1019 hac
2925 954 3196 1034 sublata,
3242 957 3453 1021 oratio
3492 958 3619 1022 Dei
3658 957 3875 1023 cultus
3913 980 4057 1025 esse
4102 959 4360 1025 desinit.

2404 1038 2623 1120 Atque
2680 1038 2749 1102 id
2803 1047 2929 1118 est,
2991 1040 3164 1122 quod
3221 1042 3367 1106 vult
3420 1042 3723 1110 Iacobus:
3774 1043 3909 1125 Qui
3962 1044 4216 1128 indiget
4258 1067 4365 1112 sa-

2403 1124 2670 1205 pientia,
2708 1123 2944 1206 inquit,
2980 1127 3267 1208 postulet
3301 1148 3341 1191 a
3375 1127 3553 1207 Deo;
3596 1135 3745 1209 [pag.
3784 1135 3890 1209 47]
3927 1129 4044 1196 sed
4078 1132 4368 1215 postulet

2401 1210 2472 1273 in
2517 1209 2664 1287 fide,
2693 1209 2861 1273 nihil
2890 1210 3242 1276 haesitans.
3298 1213 3474 1279 Nam
3518 1216 3627 1297 qui
3673 1215 3985 1293 haesitat,
4023 1218 4081 1282 is
4125 1218 4364 1283 similis

2403 1303 2505 1359 est
2549 1295 2776 1360 fluctui
2818 1295 3050 1372 maris,
3109 1299 3221 1379 qui
3261 1301 3476 1364 ventis
3521 1301 3741 1383 agitur
3783 1308 3849 1367 et
3893 1302 4142 1385 impetu
4188 1304 4364 1390 rapi-

2403 1389 2512 1445 tur
2553 1380 2715 1461 (Iac.
2763 1385 2812 1460 l,
2854 1382 2943 1465 6).
3020 1382 3274 1447 Verum
3310 1384 3475 1448 nihil
3511 1387 3773 1465 mirum,
3812 1388 3867 1451 si
3904 1387 4170 1454 Christo
4204 1410 4364 1455 vero

2402 1465 2764 1531 mediatore
2810 1466 3165 1532 destitutus
3216 1470 3311 1532 ita
3353 1470 3815 1537 incertitudine
3869 1472 4364 1558 diffidentiaque

2401 1551 2697 1617 fluctuat.
2798 1552 2923 1616 Ille
3000 1555 3180 1618 enim
3244 1576 3415 1620 unus
3477 1563 3604 1637 est,
3687 1567 3765 1621 ut
3830 1558 4044 1640 inquit
4106 1561 4360 1626 Paulus

2433 1638 2625 1702 Rom.
2668 1643 2724 1716 5,
2765 1641 2803 1700 2
2816 1660 2832 1717 ;
2878 1638 3122 1720 Ephes.
3164 1643 3220 1718 2,
3276 1643 3396 1721 18),
3489 1661 3561 1705 61
3618 1663 3814 1725 quem
3869 1643 4191 1710 habemus
4244 1667 4363 1712 au·-

2449 1723 2658 1788 aciam
2712 1733 2780 1787 et
2844 1721 3098 1788 aditum
3156 1747 3307 1790 cum
3370 1728 3417 1790 fi
3465 1728 3641 1806 ucia,
3710 1728 3794 1793 ad
3858 1737 4132 1811 patrem.
4222 1731 4363 1797 Nos

2402 1808 2609 1891 igitur
2675 1809 2974 1874 homines
3019 1809 3101 1874 ad
3148 1809 3490 1876 Christum
3536 1813 3853 1879 adductos
3898 1836 4033 1880 non
4080 1817 4364 1899 amplius

2402 1893 2736 1959 alternare
2779 1893 3051 1973 orando,
3109 1904 3225 1959 aut
3265 1897 3601 1974 vacillare,
3647 1907 3724 1964 ut
3767 1899 4094 1978 solebant,
4142 1900 4363 1968 docui-

2401 1999 2578 2044 mus:
2633 1979 2748 2045 sed
2803 1986 2949 2044 tuto
2996 1980 3407 2063 acquiescere
3449 1985 3650 2050 verbo
3695 1984 3968 2050 Domini
4012 1987 4360 2053 iussimus:

2401 2065 2577 2148 quod
2620 2065 2730 2131 ubi
2786 2065 2988 2131 semel
3027 2066 3100 2130 in
3144 2067 3441 2132 animum
3485 2078 3812 2150 penetrat,
3876 2092 4143 2137 omnem
4187 2073 4361 2154 inde,

2399 2173 2568 2235 quae
2614 2151 2766 2217 fidei
2820 2164 3176 2235 repugnat,
3236 2151 3716 2219 dubitationem
3774 2156 3999 2238 procul
4043 2160 4312 2224 excutit.

2572 2237 2809 2302 Restat
2872 2236 3147 2302 tertium
3207 2239 3443 2303 vitium
3502 2240 3674 2321 quod
3737 2242 3808 2305 in
3864 2243 4157 2308 oratione
4213 2265 4357 2309 cor-

2397 2324 2648 2388 rexisse
2694 2343 2811 2388 nos
2847 2323 3005 2387 dixi.
3076 2323 3252 2387 Nam
3277 2345 3481 2407 quum
3515 2326 3748 2409 lingua
3784 2328 4120 2411 incognita
4157 2329 4357 2412 vulgo

2397 2419 2828 2492 precarentur
2881 2408 3213 2486 homines,
3283 2411 3689 2492 precandum
3754 2432 3902 2476 cum
3961 2434 4161 2477 sensu
4216 2435 4362 2480 esse

2398 2492 2754 2560 docuimus.
2844 2494 3078 2577 Itaque
3121 2494 3485 2560 secundum
3528 2506 3824 2562 nostram
3861 2497 4229 2563 doctrinam
4265 2499 4360 2567 sic

2396 2581 2672 2663 quisque
2715 2600 2905 2645 orare
2940 2580 3252 2663 privatim
3296 2581 3680 2662 instituitur,
3724 2591 3796 2648 ut
3830 2583 4157 2668 intelligat
4194 2605 4364 2666 quae
4433 2614 4436 2617 ⁴

2397 2688 2438 2732 a
2491 2666 2638 2732 Deo
2697 2667 2877 2749 petit.
2968 2665 3083 2732 Sic
3149 2667 3346 2730 etiam
3405 2670 3800 2751 compositae
3855 2677 4014 2734 sunt
4062 2668 4360 2755 publicae

2394 2773 2621 2834 preces
2676 2753 2747 2817 in
2805 2751 3098 2817 ecclesiis
3167 2752 3442 2832 nostris,
3512 2764 3589 2819 ut
3645 2774 3686 2818 a
3749 2755 4030 2839 singulis
4110 2757 4362 2838 possint

2392 2838 2692 2922 intelligi.
2801 2840 3019 2920 Atque
3083 2838 3177 2902 ita
3243 2837 3450 2905 dictat
3514 2847 3789 2905 naturae
3853 2842 4051 2905 ratio:
4148 2843 4354 2907 etiam

2394 2923 2450 2989 si
2496 2924 2667 2989 nihil
2712 2924 2896 2990 Deus
2939 2923 3063 2990 hac
3109 2922 3190 2989 de
3235 2946 3305 2989 re
3349 2926 3772 3009 praeciperet.
3864 2927 3995 2993 Hic
4040 2927 4216 2992 enim
4263 2934 4367 2994 est

2396 3010 2715 3075 orationis
2771 3011 2952 3089 finis,
3011 3017 3088 3074 ut
3146 3031 3415 3075 suarum
3473 3014 3941 3078 necessitatum
4000 3020 4240 3079 testem
4296 3019 4369 3080 et

2393 3097 2725 3162 conscium
2767 3094 2985 3160 Deum
3024 3096 3270 3160 faciant
3310 3095 3626 3176 homines,
3674 3107 3744 3163 et
3777 3099 3964 3182 quasi
4004 3099 4202 3165 corda
4242 3121 4366 3166 6116

2394 3202 2616 3246 661616
2658 3202 2735 3247 66
2791 3179 3153 3246 effundant.
3242 3181 3428 3246 Nihil
3469 3204 3627 3267 ergo
3687 3184 3769 3249 ab
3816 3204 3894 3248 ea
3939 3186 4150 3267 magis
4201 3185 4362 3251 alie-

2392 3289 2586 3347 num,
2652 3286 2852 3352 quam
2924 3268 3069 3330 sine
3133 3275 3355 3331 mente
3418 3275 3486 3332 et
3555 3269 3995 3352 intelligentia
4059 3269 4364 3352 linguam

2391 3374 2679 3419 movere.
2749 3352 2959 3435 Atqui
3003 3371 3080 3417 eo
3123 3351 3528 3434 stupiditatis
3562 3364 3839 3419 ventum
3881 3360 4040 3432 erat,
4087 3363 4166 3418 ut
4206 3354 4362 3419 vul-

2392 3440 2537 3523 gari
2593 3437 2824 3522 lingua
2876 3457 3063 3502 61616
3120 3459 3319 3520 prope
3374 3439 3445 3503 in
3510 3439 3899 3523 religionem
3961 3446 4359 3507 verteretur.

2392 3526 2675 3591 Possum
2728 3522 3288 3606 archiepiscopum
3330 3525 3701 3602 nominare,
3759 3526 3870 3608 qui
3915 3544 4247 3591 carcerem
4290 3533 4363 3591 et

2393 3611 2748 3676 atrociores
2790 3630 3035 3693 poenas
3077 3610 3374 3675 minatus
3418 3619 3519 3676 661
3552 3611 3610 3676 61
3654 3611 3800 3693 quis
3834 3612 4200 3676 orationem
4245 3610 4360 3677 do-

2394 3696 2707 3762 minicam
2724 3748 2740 3775 ,
2797 3695 2990 3760 aliter
3032 3717 3230 3779 quam
3272 3696 3477 3762 latine
3529 3700 3677 3775 [pag.
3717 3702 3826 3776 48]
3867 3697 4354 3779 pronunciaret.

2395 3782 2755 3849 Caeterum
2784 3782 2900 3847 illa
2933 3783 3069 3847 fere
3102 3783 3470 3848 communis
3504 3783 3801 3848 omnium
3832 3783 3957 3847 fuit
3988 3784 4355 3865 persuasio:

2395 3890 2526 3953 qua
2586 3870 2859 3952 quisque
2919 3867 3151 3952 lingua
3212 3867 3388 3933 domi
3453 3877 3702 3948 oraret,
3782 3868 3949 3933 nihil
4015 3868 4355 3948 interesse,

2398 3954 2591 4020 modo
2632 3955 2885 4032 finalis,
2943 3961 3018 4018 ut
3063 3952 3354 4033 aiebant,
3417 3955 3660 4019 mentis
3701 3954 3982 4019 intentio
4032 3953 4116 4019 ad
4160 3976 4359 4019 oran-

2398 4041 2559 4106 dum
2602 4039 3061 4106 destinaretur.
3132 4038 3217 4104 In
3261 4040 3525 4123 templis
3571 4046 3791 4106 autem
3827 4040 3950 4106 1166
3994 4040 4212 4104 visum
4256 4047 4357 4106 est

2395 4127 2757 4210 plurimum
2816 4123 2900 4191 ad
2960 4125 3353 4209 dignitatem
3406 4126 3766 4210 pertinere,
3826 4146 3910 4190 ne
3970 4124 4100 4189 alia
4151 4146 4354 4209 quam

2396 4212 2604 4279 latina
2648 4212 2872 4297 lingua
2912 4231 3138 4294 preces
3182 4212 3483 4277 solennes
3527 4213 4040 4295 conciperentur.

2569 4298 2719 4365 Hoc
2754 4297 3018 4382 quidem
3053 4298 3185 4362 iam
3230 4298 3515 4380 portenti
3548 4297 3792 4375 simile,
3834 4306 3914 4360 ut
3949 4313 4160 4378 nuper
4195 4296 4354 4377 dixi,

2395 4384 2790 4468 colloquium
2834 4403 2986 4449 cum
3018 4384 3164 4449 Deo
3207 4383 3450 4448 habere
3491 4382 3664 4447 velle
3706 4382 3891 4446 inani
3934 4380 4203 4465 linguae
4246 4401 4355 4447 66-

2396 4473 2560 4536 61111.
2650 4470 2798 4537 Η66
2851 4470 3050 4535 611616
3107 4469 3165 4533 61
3222 4468 3345 4534 61111
3405 4467 3746 4551 displicere
3790 4466 3978 4532 Deus
4030 4468 4170 4549 ipse
4213 4488 4353 4532 non

2395 4564 2693 4637 testetur,
2741 4561 2999 4634 natura,
3045 4555 3188 4620 sine
3233 4554 3359 4618 alio
3395 4554 3740 4632 monitore,
3788 4552 4054 4635 respuit.
4143 4554 4352 4620 Prae-

2396 4649 2580 4708 terea
2621 4663 2705 4706 ex
2740 4649 2879 4706 tota
2919 4640 3283 4722 scripturae
3317 4638 3615 4704 doctrina
3647 4636 3939 4704 iudicare
3971 4647 4353 4721 promptum

2396 4735 2529 4807 est,
2585 4732 2986 4812 quantopere
3033 4725 3236 4789 talem
3288 4725 3621 4790 fictionem
3674 4724 4087 4789 abominetur
4140 4724 4349 4791 Deus.

2395 4814 2504 4879 De
2574 4812 2851 4896 publicis
2915 4817 3134 4876 autem
3205 4809 3515 4876 ecclesiae
3586 4809 3888 4892 precibus
3950 4809 4131 4874 clara
4193 4816 4354 4875 sunt

2397 4900 2593 4966 Pauli
2647 4899 2878 4964 verba:
2946 4918 3077 4963 non
3133 4916 3324 4980 posse
3378 4893 3616 4961 idiotas
3683 4893 4081 4978 respondere
4135 4913 4350 4975 amen,

2396 4987 2454 5052 si
2488 4984 2851 5052 benedictio
2884 4982 3116 5067 lingua
3147 4982 3364 5047 aliena
3396 4983 3517 5046 fiat
3549 4985 3609 5064 (1
3658 4980 3807 5047 Cor.
3855 4986 3951 5060 14,
3998 4981 4123 5063 16).
4198 4977 4354 5060 Quo

2397 5073 2610 5156 magis
2648 5070 2892 5135 mirum
2931 5076 3062 5146 est,
3120 5088 3196 5133 eo
3250 5066 3696 5151 impudentiae
3750 5086 4130 5150 progressos
4183 5085 4348 5147 esse,

2396 5158 2509 5240 qui
2580 5157 2758 5222 hunc
2831 5164 2972 5221 tam
3048 5175 3437 5239 perversum
3509 5173 3758 5217 morem
3833 5150 4352 5217 introduxerunt

2394 5243 2610 5328 primi,
2624 5249 2716 5327 ,ut
2737 5241 2861 5307 1166
2883 5242 3122 5325 ipsum,
3145 5247 3459 5324 tanquam
3480 5238 3799 5304 orationis
3832 5237 4159 5301 maiestati
4192 5256 4353 5302 con-
