4967 5992
30 5597 99 5734 *r—‚Kfl“
34 5539 43 5558 '³
30 5509 59 5524 ἱ
30 5463 59 5488 ‘J
30 5423 51 5428 <⁴
29 5221 61 5396 ὛῈἩἺ
30 5147 83 5206 iffi,
30 5051 59 5132 ‘T
30 4943 39 5030 ’ἠγ
29 4713 61 4914 ἼΣΑΫ-ῘῨὝ
30 4625 33 4692 μὴ’
30 4567 49 4606 ς’
30 4543 31 4546 ⁴
30 4437 59 4524 *fi*
30 4271 53 4362 =⁴⁴⁴7⁴
30 4237 41 4250 ⁵
30 4195 33 4210 V
30 4173 39 4180 ¹

60 5703 63 5704 ,
62 5547 83 5584 '¹3-
64 5363 71 5368 ι
64 5245 75 5252 .
70 5223 73 5224 ,
66 5079 83 5116 Α..
66 5019 71 5022 ,
66 4975 77 4984 c
60 4751 69 4758 Ἰ.
60 4721 63 4724 ,
66 4659 79 4672 ·
78 4385 81 4388 .
60 4307 75 4332 „⁸

90 5577 97 5584 ι
118 5531 123 5536 -
112 5401 133 5424 ι.
96 5367 115 5378 ‘⁴
128 5325 135 5332 .
82 5279 91 5288 ⁶
96 5181 133 5212 .⁴
80 5085 99 5102 Τ
100 5013 123 5046 -’“
110 4937 117 4942 ’
90 4889 101 4894 ’
104 4701 119 4726 ”
124 4423 133 4430 ·
106 4379 109 4380 ’
96 4003 105 4010 ⁸

526 333 787 454 xv'm
1370 383 1379 390 ·
1640 351 1653 364 “
1724 376 2273 447 'sumturus
2319 375 2910 444 mnonoelffl
2951 372 3397 474 means.
3443 347 3456 362 '

531 574 847 643 ecclesiae
900 571 1069 637 ritu's
1121 551 1415 655 primum
1469 570 1816 636 reformari
1867 547 2247 652 coeperant,
2304 563 2479 651 quod
2533 565 2835 649 pluribus
2890 564 3086 630 annis
3135 571 3292 631 ante
3345 563 3924 648 quadragesimum
3992 566 4265 631 tertium
4328 555 4576 642 ‘factum
4709 651 4718 662 ο

532 707 680 758 5555
723 705 916 749 55150
960 691 1064 748 est
1105 682 1221 765 qui
1273 682 1540 747 nesciat.
1629 680 1863 765 Neque
1920 677 2396 764 negligendum
2438 676 2706 745 videtur
2760 675 2934 760 quod
2977 674 3380 744 Colladonus
3433 675 3762 759 expressis
3805 676 4027 743 verbis
4069 665 4280 758 addit‘,
4321 680 4576 763 praefa-
4611 743 4622 754 ,

534 798 787 861 tionem
830 793 911 859 ab
957 795 1133 876 ipso
1169 790 1451 859 Calvino
1495 791 1809 876 scriptam
1851 791 2069 870 fuisse,
2113 789 2309 873 quod·
2335 785 2496 857 san‘e
2538 789 2656 856 vix
2701 786 2981 871 dignum
3021 786 3257 853 fuisset
3311 783 3713 866 memoratu,
3759 787 3819 852 si
3860 793 4040 853 totus
4083 787 4251 856 liber
4292 787 4578 856 eundem

535 914 836 974 autorem
879 904 1003 971 sibi
1046 902 1459 972 vindicasset.
1547 904 1659 969 Ex
1701 901 1808 969 his
1849 903 2128 968 fortasse
2172 923 2311 967 non
2351 902 2496 967 sine
2538 900 2680 968 ve‘ri
2723 899 2938 983 specie
2982 898 3272 964 effecerit
3315 897 3567 986 aliquis,
3613 898 3927 965 formulas
3969 898 4121 966 illa's
4164 891 4404 967 saltem
4439 921 4576 992 non

448 1063 453 1068 -
534 1018 628 1084 ad
671 1039 877 1083 unam
932 1035 1193 1082 omnes·
1216 1035 1257 1080 a
1312 1013 1596 1082 Calvino
1655 1013 1857 1082 verbo
1909 1021 2103 1080 tenus
2163 1019 2512 1095 conceptae
2555 1011 2789 1090 fuisse,
2815 1017 2918 1076 et
2960 1029 3044 1074 ex
3085 1017 3274 1094 parte
3318 1010 3465 1077 aliis
3507 1009 3670 1076 viris
3716 1007 3796 1075 de
3838 1009 4116 1077 ecclesia
4157 983 4577 1079 reformanda

539 1130 715 1206 bene
752 1101 1016 1193 meritis
1075 1147 1219 1216 esse
1274 1124 1696 1206 tribuendas,
1751 1125 1867 1190 ubi
1910 1145 2071 1193 sane
2111 1123 2363 1190 Farelli
2398 1144 2645 1189 nomen
2685 1123 2975 1207 primum
3020 1121 3315 1188 omnium
3362 1123 3458 1188 sic
3500 1121 3810 1188 sentienti
3849 1142 3991 1224 sese
4034 1120 4358 1188 obtulerit.
4449 1125 4576 1190 Atr-

316 1259 325 1270 ·
406 1261 413 1266 ·
540 1235 768 1306 tamen
812 1247 886 1305 ut
927 1238 1134 1305 libere
1163 1236 1457 1303 dicamus
1484 1235 1663 1320 quod
1704 1236 1891 1302 nobis
1916 1257 2076 1304 vero
2122 1235 2535 1302 simillimum
2575 1233 2857 1312 videtur,
2885 1232 3177 1298 minime
3221 1255 3262 1299 a
3304 1231 3493 1299 nobis
3515 1233 3871 1317 impetrare
3914 1215 4262 1318 possumus
4306 1237 4382 1300 tit
4421 1234 4577 1301 oal-

541 1354 775 1417 vinum
826 1339 1214 1433 simpliciter
1256 1346 1617 1414 collectoris
1670 1353 1893 1432 partes
1936 1347 2061 1414 sibi
2123 1348 2481 1430 sumpsisse
2526 1344 2872 1412 credamus
2917 1344 2992 1409 in
3035 1344 3162 1411 hac
3202 1333 3445 1428 publici
3492 1344 3710 1410 cultus
3761 1345 3979 1411 forma
4021 1342 4407 1411 ordinanda.
4495 1343 4575 1412 Si

541 1463 725 1527 enim
778 1461 947 1526 nihil
1002 1459 1312 1543 amplius,
1370 1480 1584 1542 neque
1635 1458 1878 1528 laboris
1937 1478 2149 1542 neque
2193 1456 2436 1536 laudis,
2500 1477 2585 1522 ex
2626 1456 2740 1521 illo
2797 1457 3100 1522 instituto
3143 1455 3225 1521 ad
3273 1476 3425 1521 eum
3476 1456 3878 1539 pertinebat,
3920 1453 4108 1538 quid,
4155 1476 4572 1539 (1555551555,

541 1574 791 1638 Bezam
835 1591 1221 1654 permovere
1262 1577 1523 1653 poterat
1565 1579 1639 1634 ut
1681 1570 1799 1636 vix
1849 1568 2157 1636 defuncto
2201 1575 2560 1652 utrumque
2619 1566 3051 1646 adscriberet,
3115 1566 3337 1634 libello
3381 1568 3452 1631 in
3509 1565 3766 1650 Corpus
3819 1567 4252 1652 Tractatum
4299 1569 4572 1644 inserte,

540 1690 611 1748 et
652 1681 929 1766 quidem
960 1701 1182 1747 coram
1224 1682 1595 1748 coaetaneis
1638 1702 1861 1747 rerum
1901 1681 2184 1748 istarum
2228 1700 2385 1744 sane
2428 1701 2559 1745 non
2604 1678 2897 1763 ignaris?
2964 1677 3309 1744 Habemus
3351 1685 3578 1743 tamen
3619 1677 3797 1744 aliud
3831 1698 4086 1762 quoque
4121 1680 4573 1744 testimonium

360 1827 369 1834 ·
432 1831 435 1832 ν
472 1813 487 1824 ·
540 1816 628 1860 ex
671 1779 882 1877 ipsius
928 1793 1191 1858 Calvini
1245 1814 1357 1858 ore
1412 1799 1793 1874 exceptum,
1852 1813 2058 1875 quum
2112 1792 2310 1857 morti
2359 1781 2703 1874 proximu's
2745 1790 3014 1874 collegis
3057 1788 3483 1868 valediceret,
3521 1781 3714 1874 'quod
3769 1796 3927 1856 tnnc
3979 1788 4196 1856 literis
4232 1790 4574 1858 mandavit
4705 1849 4714 1856 .

540 1906 636 1970 Io.
682 1905 931 1969 Pinaut
973 1904 1058 1968 V.
1095 1904 1180 1969 D.
1220 1903 1347 1981 M„
1406 1902 1614 1968 edidit
1653 1923 1810 1970 vero
1855 1923 2070 1985 nuper
2111 1902 2322 1970 Iulius
2365 1903 2635 1967 Bonnet
2685 1900 2798 1966 ad.
2823 1900 3070 1967 calcem
3111 1901 3566 1984 Epistularum
3622 1899 3887 1967 Calvini
3939 1900 4325 1984 gallicarum
4369 1903 4442 1967 Τ.
4490 1901 4570 1968 lI.

543 2037 691 2099 pag.
744 2018 864 2077 573
904 2035 1078 2097 seqq.
1126 2014 1236 2081 ubi
1282 2015 1457 2079 inter
1501 2014 1632 2080 alia
1675 2011 1838 2079 haec
1881 2012 2191 2098 legimus:
2245 2013 2475 2096 Quand
2516 2014 2577 2078 ie
2618 2013 2764 2077 vine
2795 2012 3273 2094 premierement
3312 2033 3388 2079 en
3430 2016 3583 2080 ceste
3625 2010 3878 2096 quise,
3923 2012 3976 2077 iz
4019 2017 4125 2096 n'y
4168 2014 4340 2079 avoit
4381 2015 4569 2095 quasi

542 2146 770 2191 comme
814 2127 969 2191 rien.
1066 2125 1163 2192 On
1210 2124 1521 2207 preschoit
1562 2131 1617 2190 et
1647 2126 1809 2208 puis
1847 2127 1990 2191 c'est
2042 2129 2170 2190 tout
2212 2173 2227 2190 .
2275 2175 2289 2188 .
2318 2174 2350 2187 ..
2398 2173 2414 2188 .
2496 2109 2874 2208 Page'578:
2933 2124 3000 2188 A
3044 2143 3190 2190 mon
3240 2128 3448 2188 retour
3503 2122 3580 2188 de
3627 2121 4007 2208 Scrasboury
4057 2124 4117 2189 ie
4165 2124 4250 2205 fis
4295 2126 4350 2192 le
4397 2123 4572 2193 Cate-

543 2238 772 2302 chisme
828 2237 870 2300 ἀ
928 2237 995 2301 la
1048 2237 1255 2317 haste,
1308 2256 1421 2302 car
1461 2237 1522 2302 ie
1576 2257 1654 2302 ne
1695 2235 1920 2302 voulus
1960 2236 2200 2301 iamais
2244 2240 2519 2317 accepter
2558 2234 2615 2299 le
2653 2234 2972 2332 miniscere
3013 2233 3206 2317 qu'ilz
3247 2256 3324 2310 ne
3381 2235 3707 2301 m'eussent
3748 2235 3891 2300 iure
3944 2255 4042 2301 553
4095 2235 4260 2302 dem:
4299 2238 4571 2318 poinde,
4619 2233 4632 2244 ’

532 2348 833 2414 5335υοί5
865 2348 940 2412 de
983 2348 1145 2412 tenir
1188 2348 1245 2413 le
1292 2345 1668 2414 Gatechisme
1694 2347 1769 2422 ‚et
1802 2347 1877 2412 15
1918 2346 2266 2428 discipline.
2357 2344 2448 2411 Et
2499 2367 2578 2413 en
2630 2346 3030 2426 l'escripvant
3083 2366 3165 2410 on
3187 2343 3408 2412 'venoit
3450 2347 3667 2428 querir-
3707 2346 3797 2411 Ζ53
3840 2366 4172 2414 5510155555
4215 2347 4291 2413 de
4319 2349 4572 2430 papier,

530 2459 740 2542 155553
779 2477 1006 2524 comme
1049 2461 1116 2526 la
1153 2459 1355 2539 main,
1399 2464 1456 2523 et
1497 2459 1588 2524 les
1617 2458 1855 2548 portqit
1895 2478 1974 2523 on
2014 2458 2057 2522 ἁ
2101 2455 2544 2540 l'imprimerie
2616 2455 2906 2523 Gombien
2947 2477 3066 2539 555
3107 2459 3368 2523 mais-tre
3417 2457 3643 2524 Pierre
3692 2456 3864 2523 Ῥῖνα
3901 2458 4040 2541 fust
4081 2479 4156 2525 en
4199 2465 4354 2526 ceste
4406 2459 4569 2538 viae,

520 2590 760 2652 11551355
800 2591 952 2636 vous
993 2591 1114 2652 555
1152 2572 1212 2636 ie
1253 2571 1364 2653 luy
1404 2590 1476 2635 en
1522 2575 1904 2635 monstrasse
1946 2570 2185 2634 iamais
2224 2568 2416 2633 rien?
2509 2568 2586 2634 Ie
2623 2573 2800 2634 n’eus
2833 2568 3094 2635 iamais·
3114 2568 3172 2635 le
3214 2563 3398 2635 zoisir
3439 2576 3495 2635 et
3533 2570 3711 2635 avois
3759 2570 3901 2638 bien
3939 2571 4133 2652 pense
4176 2573 4572 2657 quelquefoys

468 2673 475 2680 ’
535 2682 641 2763 cl'y
683 2675 891 2745 mettre
926 2681 991 2745 la
1034 2682 1226 2761 main,
1271 2677 1333 2747 ei
1375 2682 1599 2747 i’eusse
1641 2700 1719 2746 55
1762 2681 1821 2746 lc
1863 2680 2062 2746 lei-eir.
2136 2680 2348 2762 Quant
2389 2701 2524 2748 aua:
2556 2681 2812 2764 prieres
2853 2680 2964 2746 des
3005 2679 3363 2746 dimanohes
3401 2665 3476 2745 ie‘
3497 2667 3688 2763 p'rins
3731 2682 3803 2750 ῖ5
3838 2682 4037 2764 forme
4079 2682 4156 2747 de
4196 2681 4596 2769 Strasboury,

536 2795 592 2857 et
635 2789 713 2856 en'
753 2797 1127 2892 empruntay
1159 2791 1227 2868 la
1256 2790 1412 2874 plus
1448 2792 1691 2876 yrande
1719 2792 1953 2874 partie.
2043 2789 2180 2882 Des
2221 2797 2452 2873 555153,
2496 2793 2558 2858 ie
2597 2813 2673 2858 ne
2714 2792 2804 2857 les
2835 2793 3106 2874 pouvois
3139 2792 3415 2874 prendre
3456 2792 3669 2873 d'eux,
3725 2813 3838 2858 car
3880 2793 3932 2857 il
3973 2793 4077 2876 n’y
4119 2814 4194 2858 en
4239 2795 4410 2860 avoit
4435 2815 4570 2877 pas
4695 2789 4712 2804 ⁰

536 2923 628 2967 ‘em
682 2909 833 2982 mot,
890 2903 1059 2969 mais
1103 2904 1163 2969 ie
1206 2903 1404 2985 prins
1456 2904 1539 2969 le·
1565 2908 1697 2969 tout
1752 2903 1828 2969 de
1881 2901 2280 2969 PEscriture.
2370 2903 2444 2986 Ie
2483 2904 2596 2986 fue
2647 2904 2991 2969 contrainct
3033 2905 3217 2970 aussi
3257 2903 3334 2969 115
3370 2904 3542 2986 faire
3584 2904 3641 2971 le
3681 2905 4088 2987 formuiaire
4101 2906 4192 2972 du
4234 2901 4571 2989 Baptesme

539 3019 741 3080 estant
796 3014 837 3076 ὰ
887 3013 1281 3100 Sira-ebonem,
1335 3021 1393 3082 et
1446 3020 1633 3097 qu'on
1684 3016 2089 3099 m’appmoit
2142 3014 2231 3082 153
2285 3015 2512 3097 enfans
2563 3016 2676 3083 des
2725 3013 3172 3098 Anabaptistes
3226 3015 3301 3081 de
3343 3016 3486 3100 cinq
3540 3020 3597 3082 et
3648 3017 3722 3082 de
3777 3017 3893 3082 dia:
3945 3016 4140 3088 lienes
4181 3017 4226 3082 ὰ
4265 3017 4335 3084 la
4377 3017 4567 3084 rende
4717 3069 4728 3078 .

524 3119 698 3211 p'our
746 3126 836 3192 les
892 3125 1185 3210 baptiser.
1276 3125 1350 3193 Ie
1400 3119 1509 3209 fis
1538 3125 1714 3194 alors
1766 3147 1831 3193 55
1885 3126 2262 3209 formulaire
2315 3126 2499 3209 rude,
2553 3127 2723 3193 mais
2774 3130 2909 3192 tant
2970 3147 3015 3211 y
3055 3145 3098 3193 5
3152 3147 3271 3210 que
3314 3127 3375 3194 ie
3413 3149 3491 3194 ne
3545 3148 3700 3195 vous
3740 3128 4027 3195 con-§eale
4067 3128 4144 3196 de
4189 3130 4244 3196 le
4284 3128 4565 3215 chanyer.
4634 3187 4648 3200 .

478 3261 485 3266 ·
524 3236 716 3319 Quae
779 3239 837 3304 51
892 3238 1137 3323 absque
1190 3237 1642 3323 praeiudicata
1706 3239 2019 3324 opinione·
2070 3239 2532 3325 perpenderis,
2591 3240 2935 3306 nobiscum
2989 3239 3265 3306 fortasse
3295 3240 3379 3305 in
3430 3240 3560 3307 hoc
3599 3240 4005 3307 consenties:
4061 3240 4450 3320 Calvinum,
4509 3239 4568 3306 si
4695 3255 4708 3268 ·

520 3351 745 3416 minus
795 3372 1022 3418 omnes
1064 3360 1133 3418 et
1175 3351 1477 3438 singulas
1519 3372 1797 3436 precum
1839 3352 2160 3418 formulas
2198 3354 2342 3438 ipse
2382 3352 2640 3437 primus
2682 3358 2750 3418 et
2792 3351 2970 3419 solus
3014 3351 3240 3419 verbis
3282 3352 3659 3436 concepisse
3699 3350 4016 3418 dicendus
4057 3353 4279 3434 fuerit,
4320 3353 4567 3436 primas

523 3469 750 3528 tamen
796 3470 864 3528 et
903 3463 1226 3531 maximas
1270 3464 1344 3530 in
1389 3464 1515 3532 hoc
1558 3484 1754 3549 opere
1799 3471 2026 3550 partes
2071 3465 2480 3546 sustinuisse,
2527 3485 2741 3549 neque
2783 3464 2985 3530 etiam
3028 3461 3467 3531 Colladonum
3508 3485 3548 3528 5
3605 3484 3763 3532 vero
3809 3463 4196 3544 aberrasse,
4233 3484 4440 3549 quum
4482 3485 4567 3529 ex

522 3573 726 3640 variis
774 3575 1064 3641 fontibus
1105 3575 1257 3643 illas
1301 3598 1374 3643 se
1419 3576 1758 3663 collegisse
1786 3575 2107 3646 Calvinus
2147 3578 2289 3661 ipse
2330 3576 2526 3657 dicat,
2570 3596 2807 3642 verum
2849 3575 3200 3659 praecipue
3241 3575 3485 3643 talibus
3522 3597 3685 3659 quos
3718 3577 3861 3660 ipse
3896 3582 4094 3642 antea
4133 3576 4564 3661 Argentorati

523 3684 650 3749 sibi
692 3694 1064 3766 paraverat.
1128 3687 1263 3754 Est
1301 3696 1526 3753 tamen
1571 3689 1749 3754 inter
1793 3687 1913 3755 has
1959 3688 2276 3770 formulas
2319 3710 2472 3767 una,
2518 3687 2704 3778 illam
2746 3687 3025 3753 dicimus
3062 3706 3229 3771 quae
3272 3687 3358 3752 ad
3403 3685 3865 3758 celebrandum
3907 3687 4313 3762 matrimonii
4361 3687 4578 3753 ritum·

522 3802 796 3878 spectat,
844 3796 916 3859 in
962 3795 1246 3864 editione
1289 3804 1519 3864 nostra
1558 3819 1708 3884 pag.
1757 3803 2102 3874 203—2os
2150 3800 2476 3885 impressa
2518 3800 2591 3885 (a
2633 3799 2856 3867 verbis
2872 3807 2892 3863 ε’
2933 3800 3233 3865 Nostre
3276 3797 3455 3865 aide
3501 3799 3664 3864 soit
3707 3850 3721 3866 .
3771 3849 3786 3864 .
3835 3850 3851 3865 .
3899 3850 3913 3864 .
3955 3820 4166 3884 usque
4209 3798 4295 3864 ad
4333 3799 4565 3890 finem)

527 3926 731 3990 quam
775 3901 1141 3975 certissimo
1187 3907 1578 3975 documento
1622 3909 1773 3976 fulti
1820 3909 2101 3977 Calvino
2146 3913 2412 3979 omnino
2452 3909 2925 3990 abiudicamus.
3010 3897 3258 3976 Exstat
3299 3911 3482 3977 enim
3529 3911 3730 3978 verbo
3773 3921 3967 3980 tenus
4010 3910 4098 3976 111
4135 3893 4372 3992 libello
4393 3930 4566 4010 anno

454 4107 465 4120 ι
534 4021 699 4083 1533
746 4018 1059 4084 Ν5050151
1104 4018 1279 4102 apud
1320 4019 1602 4086 Petrum
1638 4022 1721 4086 de
1763 4021 2040 4108 Wingle
2084 4043 2331 4088 excuso
2375 4024 2499 4089 sub
2543 4022 2667 4088 hoc
2705 4022 2930 4087 titulo:
2984 4021 3102 4087 La
3157 4022 3531 4088 Maniere
3586 4031 3664 4088 et
3715 4023 3996 4089 fasson
4052 4022 4293 4106 qu’on
4351 4022 4570 4086 tient

531 4129 886 4195 es.lieux
931 4150 1083 4213 que
1127 4127 1344 4197 Dieu
1389 4129 1486 4198 de
1532 4152 1619 4198 sa
1659 4153 1904 4216 grace
1948 4154 1990 4198 a
2029 4134 2362 4215 visites,
2407 4154 2606 4228 quem
2648 4154 2732 4199 ex
2773 4134 2968 4199 unico
3010 4133 3374 4217 exemplari
3417 4134 3739 4201 turicensi
3777 4131 4102 4202 Baumius
4145 4138 4373 4198 noster
4415 4137 4569 4199 ante
4625 4135 4638 4148 ·

476 4301 487 4310 .
531 4240 655 4308 1105
698 4249 841 4308 octo
880 4262 1090 4312 annos
1130 4243 1558 4327 Argentorati
1602 4242 2054 4310 recudendum
2099 4246 2379 4325 curavit,
2424 4253 2493 4310 et
2509 4283 2518 4290 -
2537 4244 2805 4311 Farello
2849 4245 3063 4311 autori
3105 4244 3484 4313 vindicavit.
3573 4244 3658 4311 In
3700 4241 3825 4312 hac
3867 4245 4074 4329 igitur
4111 4242 4395 4312 formula
4432 4243 4569 4338 Ge-

532 4369 745 4428 nevae
790 4362 985 4418 antea
1039 4354 1176 4419 iam
1220 4361 1536 4439 usurpata
1581 4354 1902 4421 Calvinus
1945 4356 2135 4436 511111,
2156 4358 2473 4436 mutavit,
2534 4355 2706 4422 nihil
2748 4353 3028 4436 addidit,
3083 4355 3200 4426 sed
3246 4362 3510 4423 tantum
3553 4377 3767 4426 unum
3811 4362 3929 4440 aut
3968 4355 4257 4421 alterum
4300 4374 4569 4432 versum

534 4458 883 4528 brevitatis
928 4463 1145 4531 studio
1190 4468 1429 4532 omisit.

654 4649 663 4656 ’
718 4729 729 4738 .
854 4683 1169 4768 Superest
1216 4696 1293 4753 ut
1335 4689 1656 4756 nonnuna
1698 4690 1991 4756 dieamus
2036 4689 2117 4755 de
2161 4690 2524 4756 Psalmis
2573 4689 2830 4775 gallicis
2872 4687 2984 4774 qui
3037 4690 3111 4755 in
3164 4690 3353 4757 libris
3397 4677 3726 4774 liturgicis
3768 4689 3964 4757 modo
4007 4688 4291 4756 laudatis
4330 4690 4574 4774 legun-

536 4801 667 4861 tur.
757 4794 1077 4877 Quorum·
1103 4793 1450 4865 historiam
1492 4801 1855 4868 literariam
1900 4801 2270 4868 accuratius
2313 4802 2754 4888 conscriptam
2803 4803 3121 4887 peculiari
3168 4802 3338 4870 libro
3394 4823 3550 4868 mox
3607 4800 3907 4869 editurus
3951 4808 4056 4868 est
4095 4801 4293 4867 Felix
4334 4802 4568 4883 Bovet,
4643 4827 4656 4838 ·
4697 4835 4712 4846 ·

538 4904 676 4971 iam
719 4927 922 4989 supra
959 4928 999 4972 a
1041 4910 1232 4976 nobis
1274 4910 1606 4991 laudatus3
1650 4934 1769 4978 nos
1814 4919 2079 4979 tantum
2119 4919 2393 4980 eatenus
2444 4915 2844 5000 attingemus
2898 4935 3028 4998 qua
3070 4913 3155 4979 ad
3198 4920 3461 4980 nostras
3516 4893 3624 4978 res
3679 4913 4025 4997 speciatim
4077 4912 4410 4997 pertinere
4464 4913 4570 4980 vi-

541 5014 756 5098 detur,
801 5040 1013 5101 neque
1055 5019 1334 5088 fortasse
1377 5022 1826 5106 attigissemus
1871 5025 2001 5089 nisi
2046 5024 2129 5091 ab
2175 5024 2403 5092 eodem
2447 5027 2699 5092 moniti.
2785 5025 2941 5109 Ipse
2984 5023 3165 5091 511151
3207 5025 3461 5108 primus
3505 5043 3627 5091 nos
3683 5024 3933 5105 docuit,
3988 5025 4061 5090 in
4115 5023 4574 5110 antiquissima

538 5128 659 5196 illa
706 5127 1052 5196 Formae
1103 5152 1443 5226 precum·
1483 5131 1799 5213 editione,
1869 5155 2037 5217 quae
2107 5123 2563 5222 Smttgardiae
2634 5143 3047 5216 asservatur,
3113 5135 3472 5201 nonnu'llos
3551 5135 3842 5219 psalmos
3908 5136 4187 5219 reperiri
4253 5158 4294 5203 a
4345 5135 4572 5205 Maro-

398 5283 411 5294 ·
536 5240 741 5306 tianis
770 5242 1052 5308 omnino
1106 5243 1399 5346 diversos
1453 5253 1522 5311 et
1575 5267 1617 5311 a
1669 5244 2144 5318 recentioribus
2205 5248 2390 5315 libris
2446 5248 2752 5315 exsulare
2806 5247 3046 5326 iussos,
3105 5265 3266 5330 quos
3311 5245 3593 5329 Calvino
3638 5247 3855 5313 autori
3920 5248 4119 5314 tribui
4175 5246 4412 5317 debere
4466 5269 4576 5315 sa—
