4967 5992
336 279 419 369 '33
1641 303 2299 377 oArEomsMus
2345 307 2958 377 enNnvnnsm.
4254 324 4338 389 34

1117 509 1183 545 Lx
1218 510 1476 546 nmmum.

499 557 675 623 N'en
714 577 922 623 avons
965 580 1129 625 nous
1169 552 1289 642 pas
1333 561 1610 645 quelque
1655 570 1840 626 autre
1882 562 2140 629 utilite?

1167 661 1434 715 L’nuun'r.

499 726 577 794 Si
619 748 847 795 avons:
895 733 1052 794 c’est
1089 751 1215 812 que
1258 732 1311 796 si
1358 752 1524 798 nous
1558 753 1840 797 sommes
1865 733 2042 799 11616
2067 753 2274 800 mem-

343 817 476 883 bres
510 813 593 879 de
611 813 854 893 Ohrist,
901 823 1123 880 nostre
1158 816 1311 882 vieil
1359 817 1621 882 homme
1657 826 1757 883 est
1793 818 2073 899 crucifie,
2120 840 2275 885 nos-

343 908 431 967 tre
461 900 646 966 chair
670 906 772 966 est
788 900 1136 966 mortifiee:
1184 903 1313 981 afin
1336 923 1462 986 que
1496 903 1593 970 les
1636 905 2004 971 mauvaises
2039 925 2277 971 conou-

341 988 656 1071 piscences
699 1007 784 1050 ne
828 993 1109 1070 regnent
1150 986 1298 1069 plus
1342 1009 1427 1053 en
1469 1010 1655 1055 nous.

1113 1108 1195 1143 m·
1216 1108 1473 1145 mmm-

492 1156 799 1223 Declaire
843 1157 1119 1224 l’article
1161 1165 1467 1244 suyvant.

1162 1261 1429 1315 n'nxrur.

495 1327 676 1395 O'est
719 1348 846 1412 que
899 1328 961 1394 le
1018 1328 1385 1396 troisiesme
1436 1330 1583 1394 iour
1638 1329 1690 1393 il
1751 1336 1852 1395 est
1900 1331 2267 1397 1666666166.

337 1415 561 1499 Enquo
653 1414 703 1479 il
745 1417 901 1479 s'est
945 1413 1320 1481 demonstro
1360 1415 1718 1481 vaincueur
1760 1413 1843 1480 de
1884 1415 1950 1480 16
1990 1423 2166 1481 16616
2207 1425 2273 1483 66

338 1500 409 1566 (16
444 1520 566 1584 666
615 1507 667 1565 6.
757 1498 891 1566 061
923 1521 1044 1583 661
1086 1522 1161 1567 66
1198 1501 1633 1567 resurrection
1674 1500 1722 1565 11
1767 1522 1807 1566 6
1847 1501 2168 1587 englouty
2205 1502 2274 1569 16

335 1592 507 1665 61616,
556 1597 624 1651 66
666 1607 707 1651 6
749 1605 986 1670 161666
1017 1584 1116 1652 166
1151 1587 1319 1652 11666
1355 1586 1444 1652 (16
1477 1585 1735 1668 Diable,
1772 1593 1840 1652 et
1876 1587 2196 1654 destruict
2219 1587 2270 1674 ¹)

336 1679 503 1737 toute
550 1693 625 1738 sa
664 1671 1010 1755 puissance
1054 1675 1116 1756 (1
1155 1673 1385 1739 Ρ16116
1422 1676 1480 1751 3,
1525 1671 1652 1756 18).

1112 1794 1179 1829 108
1214 1794 1473 1830 mmm·

492 1848 612 1924 [fol.
642 1848 745 1923 15]
786 1845 898 1909 En
932 1844 1231 1911 combien
1265 1844 1348 1909 (16
1382 1851 1590 1909 661666
1624 1865 1794 1911 6666
1826 1846 2059 1929 profite
2095 1852 2270 1912 ceste

334 1927 758 1995 resurrection
771 1928 804 1992 ⁴?

1159 2032 1428 2086 n'nnrm.

489 2099 598 2164 La
652 2100 975 2182 premiere
1028 2107 1155 2179 est,
1222 2122 1346 2183 que
1409 2100 1476 2165 la
1537 2100 1770 2166 iustice
1820 2121 1985 2167 nous
2039 2122 2080 2166 a
2131 2109 2271 2168 6666

333 2183 723 2266 61616616666
765 2187 1025 2269 6666166
1069 2207 1154 2251 66
1194 2184 1382 2252 166116
1436 2186 1657 2270 (Rom.
1696 2193 1756 2265 4,
1796 2188 1927 2272 24).
2017 2187 2123 2253 La
2166 2208 2268 2254 66-

336 2270 545 2349 conde,
591 2292 719 2354 que
762 2292 835 2336 66
864 2292 1045 2337 ,nous
1088 2280 1190 2337 est
1232 2293 1324 2336 un
1363 2271 1616 2336 certain
1797 2293 1833 2337 e
1849 2322 1864 2348 ‚
1920 2293 2047 2355 que
2100 2294 2267 2339 nous

332 2356 824 2423 ressusciterons
877 2376 1009 2422 une
1062 2358 1184 2423 fois
1242 2378 1326 2422 en
1363 2291 1796 2423 immortaffi}
1829 2357 2153 2443 glorieuse
2200 2361 2262 2441 (1

334 2438 472 2507 061.
528 2442 654 2523 15).
742 2443 847 2509 La
902 2443 1296 2519 troisiesme,
1363 2464 1490 2525 666
1556 2442 1613 2509 61
1675 2465 1841 2509 6666
1907 2443 2268 2509 communi-

331 2545 529 2609 quons
568 2537 954 2613 vrayement
996 2536 1038 2594 6
1091 2528 1275 2594 166116
1288 2580 1306 2607 ,
1364 2550 1531 2593 6666
1590 2530 2025 2596 166666616666
2069 2530 2182 2596 (166
2226 2537 2270 2595 6

330 2622 591 2696 present
642 2635 726 2679 en
782 2622 1153 2681 666166666
1211 2613 1291 2680 (16
1334 2615 1440 2681 116
1454 2665 1470 2692 ,
1525 2635 1692 2698 6661·
1735 2617 1946 2682 661111
1989 2624 2031 2682 6
2071 2616 2266 2695 Β166,

332 2708 389 2763 et
407 2701 596 2766 vivre
635 2699 1070 2766 sainctement
1103 2701 1284 2766 selon
1318 2722 1438 2767 son
1471 2700 1700 2783 plaisir
1715 2701 1774 2785 2)
1815 2701 2036 2784 (Rom,
2078 2707 2136 2781 6,
2172 2701 2265 2786 4).

1080 2822 1148 2857 u
1182 2801 1502 2868 1616616168)

482 2870 968 2955 Poursuyvons
1007 2878 1211 2937 outre.

1153 2975 1422 3028 n’nnrm.

484 3043 551 3108 Il
594 3049 697 3109 est
737 3050 961 3108 monte
1005 3063 1090 3109 66
1132 3042 1271 3109 6161.

1115 3164 1180 3199 ΒΕ
1212 3163 1470 3199 mm.

484 3213 695 3279 Est-il
736 3221 960 3279 monte
1004 3236 1087 3279 en
1130 3213 1281 3278 telle
1321 3220 1524 3292 sorte,
1578 3213 1739 3296 qu’il
1796 3236 1880 3279 ne
1935 3215 2063 3280 soit
2115 3214 2266 3299 6166

330 3318 404 3362 66
444 3299 662 3363 terre?
1192 3304 1197 3309 ’
2094 3342 2103 3355 -

1154 3401 1424 3455 n’nnunr.

485 3467 664 3555 Ouy.
756 3468 889 3535 061
929 3469 1079 3552 6616
1134 3469 1295 3552 66’11
1353 3492 1394 3535 6
1445 3470 1601 3536 faict
1655 3476 1798 3536 tout
1853 3492 1926 3536 66
1982 3473 2093 3554 661
2146 3472 2265 3557 luy

331 3555 509 3620 estoit
550 3555 838 3621 enioinct
879 3554 969 3620 du
1009 3555 1181 3620 Pero
1195 3606 1211 3634 ,
1259 3562 1327 3620 66
1370 3556 1483 3639 661
1528 3557 1721 3621 666616
1762 3557 1985 3640 166616
2026 3565 2070 3623 6
2111 3578 2265 3623 nos-

230 3638 245 3653 ‘
329 3642 419 3704 tre
470 3640 678 3719 salut,
729 3640 779 3705 il
835 3641 1096 3706 n’estoit
1147 3641 1305 3724 plus
1354 3641 1621 3707 mestier
1672 3641 1830 3724 qu'il
1884 3650 2268 3711 6661616666

328 3744 405 3789 au
444 3726 704 3792 monde.

1104 3847 1171 3882 108
1206 3848 1464 3884 mm·

487 3896 638 3979 Quo
680 3918 845 3963 6666
888 3899 1125 3980 profite
1167 3906 1343 3964 ceste
1382 3897 1765 3965 ascension?

1155 4000 1420 4055 L’nnrm.
1462 4036 1469 4041 —

485 4070 589 4134 Le
630 4070 826 4150 profit
864 4090 949 4134 en
990 4077 1093 4134 666
1134 4068 1389 4135 double.
1478 4069 1612 4136 061
1654 4070 1950 4135 (1’666666
1990 4091 2118 4153 666
2158 4070 2266 4135 16-

324 4174 430 4219 666
472 4153 702 4221 0111166
749 4163 852 4221 666
904 4162 1093 4220 entre
1149 4175 1232 4218 66
1288 4156 1413 4221 6161
1463 4177 1547 4221 66
1589 4164 1815 4223 666616
1857 4177 2041 4234 nom,
2097 4157 2266 4221 ainsi

322 4239 469 4321 qu’il
507 4262 592 4305 en
627 4241 823 4305 estoit
855 4239 1184 4307 descendu
1216 4261 1387 4325 pour
1421 4262 1604 4321 nous,
1642 4242 1692 4307 il
1725 4263 1894 4308 6666
1917 4265 1961 4327 y
1986 4264 2025 4307 6
2046 4240 2264 4307 (16666

322 4334 565 4403 666166,
635 4338 700 4390 66
761 4348 925 4392 6666
981 4348 1021 4391 6
1078 4336 1345 4391 6666616
1401 4348 1525 4411 666
1576 4328 1643 4392 16
1694 4336 1880 4410 porte
1946 4349 2110 4393 nous
2165 4335 2266 4394 est

318 4413 729 4477 maintenant
770 4422 1066 4491 ouverte,
1120 4411 1398 4495 laquelle
1440 4433 1605 4477 nous
1649 4415 1843 4479 estoit
1883 4413 2055 4480 61666
2097 4435 2266 4497 6661

318 4517 434 4560 noz
476 4496 721 4582 pechez
767 4496 987 4581 (Rom.
1031 4503 1091 4576 8,
1132 4501 1262 4579 34).
1333 4496 1833 4577 Secondement,
1877 4498 1927 4563 il
1970 4501 2266 4583 apparoit

319 4579 381 4645 16
421 4582 668 4650 (161666
720 4582 785 4648 16
825 4583 1000 4650 Face
1054 4582 1145 4648 (16
1188 4584 1389 4662 Ρ616,
1444 4605 1612 4667 6661
1655 4592 1828 4650 66616
1887 4594 2106 4651 666616
2148 4586 2263 4651 In-

322 4672 681 4735 tercesseur
724 4676 789 4734 66
831 4669 1131 4736 Advocat
1175 4670 1408 4753 (Hebr.
1452 4674 1509 4749 7,
1548 4674 1682 4755 25).

1109 4793 1177 4827 u
1211 4792 1466 4827 mmm.

486 4839 658 4904 Mais
677 4840 869 4906 Iesus
905 4840 1133 4907 Christ
1167 4849 1470 4907 montant
1501 4862 1583 4905 66
1627 4840 1770 4907 0161
1806 4840 2041 4907 s’est—il
2076 4840 2262 4906 telle-

320 4931 503 4987 ment
546 4925 741 4989 retire
777 4924 865 4990 du
899 4928 1154 5005 monde,
1200 4926 1355 5010 qu'il
1389 4950 1474 4992 ne
1509 4929 1634 4993 soit
1666 4927 1820 5012 plus
1855 4948 2012 4997 avec
2047 4927 2259 4994 nous?

484 5037 501 5045 ο
524 5038 715 5047 οή---ᾑ-

626 5076 684 5141 1)
720 5042 867 5133 Et}
896 5043 1156 5134 destruat
1193 5078 1555 5136 1561-1563.

320 5167 385 5182 —
420 5144 498 5199 Le
538 5146 697 5215 profit
730 5148 797 5201 de
832 5146 1148 5203 l’ascension
1185 5162 1251 5202 en
1287 5149 1429 5204 deux

624 5216 683 5273 4]
722 5217 799 5269 616
832 5232 933 5271 om.
963 5217 1170 5272 (letech.
1191 5234 1239 5271 a.
1266 5218 1419 5272 1550.
1448 5220 1467 5271 1

535 5300 752 5355 Calvina·
781 5317 964 5369 opera.
1032 5303 1144 5357 Vol.
1196 5304 1287 5357 VI.

1842 5080 1904 5147 2)
1943 5096 2041 5135 son
2076 5080 2184 5135 bon
2220 5080 2409 5150 plaisir
2443 5079 2594 5133 1561.

1502 5151 1692 5206 oinctz.
1730 5180 1793 5189 —
1831 5151 1994 5206 Estre
2028 5151 2167 5204 assis
2202 5151 2237 5206 ὑ,
2270 5150 2322 5204 la
2353 5149 2561 5204 dextre.

1547 5218 1575 5271 1
1604 5226 1715 5275 tum
1741 5219 1860 5274 edd.
1886 5218 2240 5273 Rodanum
2262 5218 2393 5274 inde
2414 5234 2453 5273 a
2480 5217 2741 5273 Gallam.
2803 5216 2862 5282 ὃ)
2887 5217 3045 5285 illius,
3073 5215 3221 5271 Beza
3243 5217 3409 5287 etffqnai
3431 5233 3501 5272 ex
3524 5233 3584 5271 eo
3603 5217 3906 5271 haumnt
3925 5224 4126 5273 tatum
4140 5235 4318 5279 mmm.

3227 520 3486 556 meran.

2550 565 2823 632 Nihilne
2861 575 3204 651 praeterea
3246 570 3548 637 utilitatis
3587 573 3772 640 nobis
3815 575 4052 642 affert?

3270 691 3424 726 PUER-

2552 736 2696 802 Imo
2764 758 2935 804 vero.
3025 738 3226 807 Nam.
3264 748 3332 806 et
3398 743 3540 809 eius
3593 745 3908 813 beneficio
3923 798 3940 826 ,
4005 750 4327 833 siquidem

2378 842 2538 887 vera
2571 822 2777 888 simus
2818 824 3116 891 membra
3149 825 3419 909 Christi,
3461 837 3654 896 vetus
3686 831 3880 898 homo
3914 842 4140 901 noster
4181 859 4328 903 cru-

2378 908 2693 991 cifigitur:
2754 908 3051 976 aboletur
3104 931 3342 994 corpus
3386 918 3666 1013 peccati,
3725 939 3809 984 66
3852 920 4134 1004 amplius
4177 944 4328 1009 reg-q

2379 1000 2543 1057 nent
2583 1015 2828 1077 pravae
2870 997 3087 1062 661616
3131 1002 3693 1083 concupiscentiae
3736 1005 3809 1069 in
3852 1007 4055 1074 nobis.

2613 1154 2618 1165 ,
2898 1105 2902 1108 ’
3223 1119 3482 1161 nummu.
4019 1101 4043 1131 '

2549 1166 2767 1250 Perge
2810 1167 2882 1233 16
2925 1168 3211 1252 16116616.

3276 1291 3429 1328 Punic.

2456 1421 2468 1434 ·
2550 1335 2892 1420 Sequitur,
2939 1340 3131 1406 tertio
3164 1342 3386 1426 ipsum
3420 1342 3526 1410 die
3559 1348 3998 1415 resurrexisse
4031 1372 4115 1416 ex
4148 1371 4328 1417 mor-

2374 1428 2537 1487 tu1s:
2595 1444 2721 1506 quo
2775 1424 3090 1491 victorem
3129 1449 3200 1494 se
3241 1430 3491 1513 6666661
3540 1438 3606 1494 66
3648 1433 3878 1498 mortis
3919 1434 4326 1504 demonstra-

2375 1508 2489 1574 vit.
2562 1506 2703 1574 Sua
2745 1510 2923 1574 enim
2966 1515 3444 1581 resurrectione
3476 1524 3755 1583 mortem
3798 1519 4164 1604 deglutivit,
4209 1524 4328 1589 ab-

2374 1593 2556 1677 rupit
2600 1593 2840 1660 diaboli
2861 1597 3139 1677 vincula,
3188 1607 3255 1666 et
3299 1608 3503 1667 totam
3546 1604 3689 1669 eius
3731 1607 4092 1687 potentiam
4135 1609 4321 1675 rede-

2375 1679 2473 1763 git
2515 1680 2587 1744 in
2628 1680 2929 1747 nihilum.

3221 1808 3480 1844 mmm
3626 1836 3634 1845 .

2547 1849 2929 1936 Quotuplex
2982 1875 3066 1919 ex
3118 1855 3242 1924 hac
3298 1862 3781 1928 resurrectione
3837 1864 4092 1931 fructus
4135 1867 4323 1935 nobis
4403 1862 4412 1891 ‘

2372 1936 2723 2019 provenit?

3275 2066 3426 2103 mn.

2411 2193 2425 2207 ⁶
2547 2108 2834 2191 Triplex.
2906 2111 3080 2179 Nam
3119 2121 3187 2180 et
3225 2116 3479 2182 iustitia
3520 2118 3709 2184 nobis
3752 2139 3871 2202 per
3912 2142 4061 2187 eam
4102 2126 4328 2208 acqui-

2372 2198 2518 2272 6166,
2564 2206 2632 2257 66
2674 2205 2926 2262 certum
2963 2197 3147 2266 nobis
3191 2208 3293 2266 est
3325 2202 3567 2286 pignus
3601 2205 3862 2270 futurae
3903 2216 4164 2275 nostrae
4198 2212 4324 2278 im-

2371 2279 2808 2361 mortalitatis,
2855 2290 2922 2348 et
2962 2285 3093 2349 iam
3129 2307 3305 2353 nunc
3349 2289 3491 2353 eius
3525 2288 3774 2355 virtute
3810 2294 4209 2363 suscitamur
4249 2300 4323 2365 in

2371 2365 2547 2431 vitae
2613 2367 2975 2434 novitatem
2995 2420 3012 2448 ,
3078 2382 3157 2436 66
3207 2393 3372 2455 6616
3429 2383 3785 2459 sancteque
3840 2377 4124 2446 vivendo
4191 2385 4322 2451 Dei

2370 2448 2693 2516 voluntati
2733 2453 3183 2538 obsequamur.
4211 2454 4226 2491 ¹

2543 2874 3032 2966 Persequamur
3071 2836 3355 2969 16116111Ἲέ
3355 2835 3471 2872 m
3567 2822 3580 2838 ·

2543 3054 2863 3120 Ascendit
2903 3057 2976 3120 in
3010 3007 3421 3123 coelumfum

2371 3211 2666 3376 Pliasffgll.
2708 3207 3007 3360 &lg-3&
3050 3231 3139 3275 an
3182 3162 3707 3296 mffirssoendit,
3753 3224 3829 3281 ut
3871 3238 4007 3284 non
4048 3221 4136 3287 sit
4179 3241 4319 3290 am-

3267 3418 3418 3453 rm.

2544 3462 2676 3532 Sic.
2763 3465 3124 3550 Postquam
3182 3467 3359 3533 enim
3411 3470 3712 3536 omnibus
3753 3474 4136 3555 perfunctus
4176 3478 4319 3546 fue-

2370 3558 2508 3631 rat,
2555 3572 2721 3635 quae
2764 3552 2864 3617 illi
2907 3573 2949 3617 6
2988 3560 3177 3635 66616
3218 3552 3518 3620 16166666
3558 3556 3849 3637 fuerant,
3909 3581 4204 3646 quaeque
4245 3566 4320 3631 in

2366 3637 2654 3705 salutem
2696 3644 2992 3703 nostram
3027 3644 3235 3718 616116,
3282 3639 3451 3705 611111
3494 3663 3659 3726 opus
3703 3651 3846 3709 erat
3879 3645 4125 3715 diutius
4164 3672 4319 3718 eum

2368 3724 2439 3788 in
2481 3725 2677 3789 terris
2718 3726 2988 3792 versari.
3922 3736 3932 3749 ⁸

3214 3847 3473 3884 mmm.

2542 3893 2722 3977 Quid
2758 3917 2843 3960 ex
2881 3894 3004 3961 hac
3039 3898 3420 3963 ascensione
3459 3898 3618 3965 =boni
3661 3904 4160 3987 consequimur?

3267 4018 3418 4055 rm
3877 4012 3886 4021 ⁸

2434 4142 2437 4145 Α
2542 4067 2809 4150 Duplex
2853 4076 2953 4134 est
2991 4069 3262 4135 fructus.
3336 4069 3510 4135 Nam
3553 4078 3876 4152 quatenus
3920 4073 4177 4138 coelum
4212 4076 4318 4140 in-

2369 4173 2634 4238 gressus
2678 4162 2779 4218 est
2811 4145 3119 4220 Christus
3160 4164 3381 4220 nostro
3424 4155 3707 4233 nominc,
3753 4158 3922 4222 sicut
3956 4158 4027 4222 in
4074 4168 4318 4226 terram

2371 4248 2600 4305 nostra
2641 4260 2836 4305 causa
2871 4240 3317 4321 descenderat,
3361 4241 3614 4305 aditum
3656 4241 3811 4308 illuc
3826 4242 3885 4326 ὅ)
3930 4241 4114 4310 nobis
4158 4267 4317 4329 quo-

2369 4346 2497 4410 666
2540 4325 2872 4408 patefecit:
2931 4334 3007 4391 ut
3047 4329 3182 4392 iam
3227 4340 3454 4409 aperta
3509 4327 3598 4391 sit
3640 4326 3828 4393 nobis
3869 4329 4097 4409 ianua,
4154 4353 4321 4415 quae

2367 4422 2634 4495 propter
2700 4419 3036 4496 peccatum
3110 4419 3261 4477 6666
3348 4410 3568 4476 616666
3645 4420 3805 4478 erat.
3920 4415 4181 4483 Deinde
4249 4420 4321 4486 in

2369 4504 2723 4582 conspectu
2777 4497 2907 4564 Dei
2978 4506 3312 4581 comparet
3380 4518 3496 4581 pro
3551 4496 3738 4564 nobis
3806 4499 4197 4569 intercessor
4252 4512 4321 4570 et

2366 4592 2703 4669 patronus.

3210 4788 3470 4823 mmm.

2540 4841 2823 4918 Verum,
2888 4860 2976 4903 an
3030 4836 3336 4905 Christus
3388 4840 3458 4903 in
3512 4840 3766 4905 coelum
3820 4862 3891 4907 se
3947 4845 4318 4929 recipiendo

2370 4928 2464 4993 616
2509 4948 2549 4990 6
2592 4923 2778 4991 nobis
2822 4924 3107 5005 recessit,
3150 4932 3228 4990 ut
3268 4926 3400 4990 iam
3441 4926 3779 4993 nobiscum
3820 4948 3962 4994 esse
4007 4927 4315 4998 desierit?

2870 5078 2931 5145 3)
2967 5077 3047 5131 Le
3084 5077 3166 5133 12.
3203 5078 3498 5135 dimanche.
3548 5107 3615 5117 —
3661 5078 3841 5134 Ohrist
3875 5086 4055 5138 616666
4088 5100 4159 5139 66
4196 5086 4316 5142 ciel.

3869 5301 3904 5354 3
