4967 5992
369 291 495 352 465

367 474 629 552 nuncio,
674 473 846 538 iram
866 473 999 538 Dei
1017 472 1286 540 horrere
1303 473 1577 541 discant.
1649 475 1799 555 Hic,
1843 476 2136 559 inquam,
2181 479 2319 559 pri·

367 581 519 625 mus
552 565 654 626 est
684 558 950 643 gradus,
988 580 1118 643 quo
1142 558 1226 625 ad
1261 560 1543 626 salutem
1575 561 1987 644 pervenitur,
2024 569 2101 626 ιιι
2122 562 2320 628 homo

366 647 441 712 in
484 666 555 711 se
596 645 741 728 ipso
783 651 1153 727 prostratus
1197 651 1267 711 et
1308 647 1659 726 attonitus,
1706 646 1788 712 de
1827 646 2132 714 omnibus
2175 669 2320 714 car-

367 732 471 797 nis
514 729 859 813 praesidiis
895 730 1220 812 desperet:
1269 752 1481 814 noque
1512 738 1737 797 tamen
1780 731 2059 799 obduret
2103 753 2174 799 se
2216 734 2319 817 ip-

367 838 519 884 sum
553 815 872 881 adversus
913 814 1233 882 iudicium
1260 817 1410 895 Dei,
1456 825 1573 882 aut
1615 819 1801 900 quasi
1840 816 2122 884 obducto
2150 820 2318 886 callo

366 903 808 984 obstupescat:
856 899 971 966 sed
1007 900 1302 985 trepidus
1345 909 1413 967 et
1455 903 1695 968 anxius
1740 902 1961 969 dolore
2003 904 2317 988 ingemis-

367 994 497 1067 cat,
567 987 981 1071 suspiretque
1037 986 1121 1052 ad
1176 988 1560 1053 remedium.
1649 989 1830 1054 Hinc
1884 988 1968 1053 ad
2032 990 2315 1056 alterum

366 1073 647 1160 gradum
684 1071 878 1138 debet
907 1092 1195 1157 surgere.
1262 1071 1343 1137 Id
1374 1075 1468 1152 fit,
1510 1072 1672 1138 dum
1692 1074 2030 1159 agnitione
2064 1074 2318 1142 Christi

367 1167 623 1226 erectus
666 1159 964 1241 respirat.
1023 1158 1302 1223 Homini
1338 1160 1517 1224 enim
1550 1160 1617 1224 in
1664 1159 1862 1238 hunc,
1904 1181 2099 1244 quem
2144 1161 2317 1226 dixi-

363 1267 531 1322 mus,
575 1243 843 1308 modum
881 1243 1248 1323 humiliato,
1292 1265 1426 1309 non
1461 1243 1642 1309 aliud
1675 1252 1899 1324 restat,
1945 1247 2070 1311 nisi
2114 1253 2192 1311 ut
2234 1245 2319 1312 ad

364 1330 712 1397 Christum
766 1350 838 1394 se
878 1338 1249 1408 convertat,
1304 1338 1383 1394 ut
1423 1331 1567 1395 eius
1608 1329 1924 1396 beneficio
1968 1352 2008 1396 a
2049 1331 2319 1397 miseria

357 1417 699 1483 liberetur.
785 1415 1042 1479 Verum
1119 1415 1400 1480 salutem
1463 1417 1535 1480 in
1601 1414 1868 1481 Christo
1927 1417 1985 1482 is
2051 1417 2318 1482 demum

361 1502 643 1586 quaerit,
690 1501 801 1584 qui
844 1501 986 1566 eius
1031 1501 1344 1565 virtutem
1387 1508 1596 1566 tenet:
1643 1501 1768 1566 hoc
1811 1509 1931 1579 est,
1976 1503 2087 1586 qui
2129 1503 2317 1568 illum

358 1587 667 1673 agnoscit
703 1585 975 1652 unicum
1017 1584 1440 1665 sacerdotem,
1483 1607 1603 1669 per
1636 1608 1834 1670 quem
1874 1588 2050 1676 patri
2091 1610 2319 1654 recon-

360 1673 690 1740 ciliemur:
746 1672 859 1755 qui
911 1679 1188 1736 mortem
1233 1671 1374 1738 eius
1429 1672 1698 1737 unicum
1738 1674 2130 1739 sacrificium
2174 1693 2319 1738 esse

360 1758 660 1843 agnoscit
691 1778 818 1840 quo
845 1758 1109 1840 expiata
1140 1758 1277 1822 sint
1307 1766 1593 1841 peccata,
1640 1759 2045 1824 satisfactum
2079 1759 2318 1824 iudicio

357 1843 511 1922 Dei,
555 1863 716 1909 vera
758 1848 825 1907 et
865 1843 1155 1925 perfecta
1200 1843 1449 1908 iustitia
1491 1843 1836 1926 acquisita:
1883 1846 1994 1928 qui
2038 1844 2318 1927 denique

359 1930 539 1994 inter
582 1948 652 1993 se
696 1936 764 1993 et
804 1927 996 1992 illum
1040 1948 1173 1992 non
1219 1927 1549 2006 dimidiat,
1605 1929 1720 1994 sed
1759 1951 2017 1995 merum
2061 1936 2128 1995 et
2165 1951 2319 2013 gra-

360 2016 606 2082 tuitum
662 2013 804 2078 eius
857 2014 1244 2079 beneficium
1299 2034 1442 2080 esse
1495 2016 1821 2097 agnoscit,
1874 2014 2047 2098 quod
2099 2017 2318 2080 iustus

358 2120 584 2166 coram
627 2100 770 2164 Deo
811 2107 927 2165 est.
1007 2099 1114 2164 Ab
1159 2099 1283 2164 hoc
1326 2120 1580 2183 quoque
1624 2100 1836 2183 gradu
1879 2099 2315 2166 conscendere

358 2184 447 2251 ad
488 2185 762 2250 tertium
789 2204 1055 2250 necesse
1096 2191 1225 2249 est:
1270 2192 1346 2248 ut
1387 2185 1500 2268 qui
1543 2182 1625 2249 de
1660 2185 1915 2250 Christi
1956 2189 2187 2270 gratia,
2234 2185 2315 2251 de

356 2271 594 2336 mortis
639 2278 706 2335 et
747 2269 1249 2334 resurrectionis
1293 2271 1434 2334 eius
1476 2270 1694 2334 fructu
1748 2270 2016 2338 edoctus
2060 2279 2189 2352 est,
2243 2272 2315 2335 in

354 2378 434 2422 eo
477 2354 685 2422 solida
722 2356 1041 2437 firmaque
1075 2353 1317 2419 fiducia
1357 2355 1748 2438 acquiescat,
1796 2378 1872 2422 ac
1914 2378 2138 2424 secum
2181 2363 2316 2422 sta-

351 2449 532 2520 tuat,
587 2442 682 2505 ita
725 2462 919 2505 suum
963 2447 1107 2505 esse
1151 2438 1527 2520 Christum,
1572 2448 1649 2505 ut
1688 2442 2012 2508 iustitiam
2054 2444 2128 2509 ιιι
2169 2445 2314 2526 ipso

351 2527 694 2608 vitamque
736 2523 1083 2607 possideat.

532 2617 680 2690 [pag.
723 2616 829 2690 17]
863 2610 1058 2676 Nunc
1099 2609 1319 2676 videte
1362 2631 1560 2693 quam
1595 2612 1833 2677 misere
1875 2633 2109 2680 eversa
2152 2615 2315 2683 haec

350 2697 657 2763 doctrina
695 2696 912 2760 fuerit.
979 2697 1084 2760 De
1117 2702 1379 2778 peccato
1426 2696 1732 2780 originali
1774 2698 2077 2780 spinosae
2112 2721 2312 2783 quae-

352 2781 605 2849 stiones
663 2781 949 2865 agitatae
993 2788 1149 2846 sunt
1204 2782 1277 2845 in
1322 2781 1588 2859 scholis,
1645 2782 1881 2865 quibus
1938 2785 2117 2850 hunc
2171 2793 2311 2852 tam

352 2867 691 2934 exitialem
746 2865 1029 2931 hominis
1085 2867 1415 2945 morbum,
1483 2877 1804 2949 quantum
1867 2869 2014 2935 fieri
2076 2873 2309 2955 potuit,

353 2954 718 3020 elevarunt.
808 2951 983 3017 Nam
1039 2972 1242 3033 quum
1287 2951 1367 3016 de
1410 2952 1526 3017 illo
1571 2952 1941 3036 disputant,
1998 2957 2312 3041 redigunt

350 3039 490 3106 fere
546 3038 630 3103 ad
684 3036 880 3121 gulae
939 3045 1006 3102 et
1055 3036 1346 3103 libidinis
1390 3039 1864 3122 intemperiem.
1953 3042 2058 3106 De
2101 3044 2310 3108 caeci-

350 3132 490 3190 tate
534 3131 602 3189 et
636 3123 929 3188 vanitate
972 3123 1243 3202 mentis,
1300 3146 1382 3188 ex
1438 3145 1568 3207 qua
1621 3125 1949 3207 prodeunt
2003 3127 2310 3193 incredu-

348 3210 506 3275 litas
550 3217 616 3274 et
660 3207 1068 3291 superstitio,
1128 3208 1209 3273 dc
1250 3210 1565 3275 interiore
1609 3211 1811 3275 animi
1857 3214 2182 3294 nequitia,
2229 3213 2309 3279 de

349 3295 689 3379 superbia,
749 3294 829 3359 de
873 3294 1228 3359 ambitione
1272 3301 1340 3359 et
1381 3296 1824 3375 contumacia,
1884 3297 1965 3361 de
2010 3299 2156 3363 aliis
2202 3321 2308 3364 ar-

349 3381 537 3448 canis
579 3379 800 3458 malis,
846 3379 1070 3445 nullus
1112 3401 1343 3445 sermo.
1433 3380 1797 3447 Conciones
1839 3383 2049 3448 nihilo
2090 3386 2308 3449 sanio-

349 3489 476 3533 res.
565 3466 713 3531 Iam
766 3465 956 3530 liberi
1010 3465 1267 3530 arbitrii
1321 3465 1749 3550 praedicatiO,
1816 3468 2026 3551 qualis
2082 3469 2307 3535 audie-

348 3551 580 3631 batur,
639 3561 991 3634 antequam
1047 3551 1389 3635 prodirent
1429 3553 1775 3618 Luthcrus
1829 3561 1898 3617 et
1950 3555 2091 3632 alii,
2150 3556 2308 3639 quid

352 3636 535 3703 aliud
580 3644 838 3720 poterat
880 3657 1076 3719 quam
1118 3637 1304 3702 inani
1345 3639 1647 3721 propriae
1691 3639 1958 3704 virtutis
2001 3641 2308 3724 opinione

348 3725 583 3789 inflare
625 3722 941 3799 homines,
982 3729 1061 3787 ut
1100 3723 1239 3789 solo
1272 3729 1471 3790 vento
1507 3722 1757 3808 turgidi
1791 3725 2063 3807 spiritus
2094 3728 2307 3793 sancti

470 3810 607 3873 tiae
649 3814 717 3872 et
756 3807 1001 3872 auxilio
1042 3808 1256 3873 locum
1299 3829 1436 3873 non
1481 3808 1758 3875 darent?
1827 3810 2007 3891 Quid
2049 3811 2305 3878 multa?

349 3830 556 3960 §anua
593 3901 694 3959 est
730 3894 940 3958 maior
971 3893 1150 3958 inter
1180 3914 1300 3960 nos
1337 3896 1750 3973 concertatio,
1797 3904 1865 3960 et
1907 3897 1980 3960 in
2015 3920 2145 3981 qua
2188 3919 2308 3964 no·

350 3977 451 4047 bis
510 3979 913 4063 pertinacius
972 3980 1333 4046 reclament
1385 3978 1742 4047 adversarii
1795 3984 2037 4061 nostri,
2107 4005 2308 4067 quam

351 4065 431 4131 de
473 4064 969 4131 iustificatione:
1025 4063 1242 4130 fidene
1285 4086 1370 4130 an
1413 4066 1716 4148 operibus
1761 4086 1908 4132 eam
1953 4090 2309 4152 consequa·

352 4171 524 4217 mur.
591 4150 795 4216 Nullo
835 4150 1030 4215 modo
1070 4152 1414 4233 patiuntur
1457 4152 1636 4218 hunc
1680 4151 1948 4218 Christo
1991 4154 2309 4220 honorem

350 4236 572 4315 tribui,
619 4243 696 4301 ut
736 4236 989 4301 iustitia
1030 4249 1258 4302 nostra
1299 4245 1588 4316 vocetur,
1633 4238 1764 4303 nisi
1805 4237 1873 4303 in
1920 4246 2176 4321 partem
2221 4242 2308 4306 si-

348 4323 489 4390 mul
530 4323 807 4388 veniant
849 4341 1121 4405 operum
1165 4323 1418 4387 merita.
1505 4323 1660 4388 Non
1716 4323 2156 4407 disceptamus
2200 4327 2310 4393 hic

351 4407 431 4474 de
471 4408 663 4475 bonis
712 4407 1052 4490 operibus,
1099 4430 1186 4474 an
1242 4409 1563 4490 praestari
1607 4430 1648 4474 a
1689 4408 1815 4492 piis
1870 4410 2176 4491 debeant,
2223 4432 2309 4477 an

351 4501 618 4579 accepta
661 4493 797 4559 sint
838 4492 1013 4571 Deo,
1054 4513 1142 4558 an
1174 4492 1543 4559 mercedem
1590 4494 1766 4576 apud
1804 4515 1954 4562 eum
1987 4496 2306 4563 habeant:

351 4579 468 4644 sed
513 4601 601 4644 an
645 4578 994 4646 concilient
1033 4599 1155 4645 nos
1199 4578 1344 4644 Deo
1386 4598 1505 4644 sua
1549 4578 1899 4663 dignitate,
1954 4603 2043 4647 an
2085 4585 2306 4667 acqui-

346 4685 578 4731 ramus
620 4685 848 4731 eorum
888 4666 1102 4748 pretio
1143 4665 1353 4730 vitam
1395 4671 1752 4743 aeternam,
1795 4686 1880 4731 an
1924 4688 2306 4751 compensa-

350 4750 567 4817 tiones
609 4747 776 4829 sint,
821 4771 988 4833 quae
1032 4750 1117 4816 ad
1169 4749 1532 4815 tollendum
1575 4761 1832 4816 reatum
1876 4750 2008 4817 Dei
2063 4752 2302 4818 iudicio

348 4835 721 4916 solvantur,
778 4857 864 4901 an
908 4834 1282 4904 collocanda
1323 4837 1409 4902 sit
1447 4836 1521 4901 in
1561 4836 1722 4920 ipsis
1765 4836 1998 4902 salutis
2039 4837 2298 4905 fiducia.

349 4920 494 4988 Hos
538 4942 696 5006 ergo
738 4934 992 4988 errores
1032 4920 1604 5007 reprehendimus,
1657 4921 1831 5006 quod
1874 4923 2172 4990 homines
2216 4923 2301 4989 ad

348 5027 550 5090 opera
583 5027 706 5074 sua
743 5008 957 5092 magis
991 5029 1188 5091 quam
1217 5008 1301 5075 ad
1337 5008 1682 5075 Christum
1713 5009 2038 5094 respicere
2067 5008 2300 5075 iuben·

351 5096 492 5172 tur,
548 5101 628 5159 ut
665 5094 886 5158 Deum
943 5093 1067 5160 sibi
1123 5095 1479 5179 propitium
1532 5097 1682 5175 [pag.
1732 5099 1837 5176 18]
1891 5094 2165 5176 faciant,
2222 5103 2302 5161 ut

349 5176 496 5245 eius
536 5180 818 5264 gratiam
862 5188 1363 5261 promereantur
1377 5231 1394 5261 ,
1444 5186 1522 5245 ut
1564 5179 2038 5246 haereditatem
2076 5182 2298 5265 acqui·

564 5278 789 5337 Oaloim’
806 5295 992 5351 opera.
1073 5280 1188 5336 Vol.
1227 5281 1326 5338 Vl.

1729 287 2452 358 REFORMANDAE
2495 289 3043 364 EOOLESIAE.

2343 5091 2349 5232 4

4269 311 4401 373 466

2423 487 2579 544 rant
2636 481 2819 546 vitae
2883 489 3215 550 aeternae:
3285 486 3569 572 denique
3627 496 3704 555 ut
3766 491 3923 557 iusti
3980 493 4119 557 sint
4166 514 4403 561 coram-

2423 563 2587 631 Deo.
2678 567 3012 647 Primum,
3077 590 3356 654 operum
3405 576 3664 641 meritis
3719 576 4128 658 superbiunt,
4198 583 4390 664 quasi

2422 649 2646 715 Deum
2689 652 2813 717 sibi
2857 653 3244 721 obstrictum
3279 658 3584 726 habeant.
3652 661 3841 728 Haec
3884 682 4042 728 vero
4074 668 4388 748 superbia

2422 735 2582 819 quid
2615 737 2794 802 aliud
2829 746 2947 818 est,
2985 761 3183 823 quam
3209 744 3496 811 exitialis
3530 748 3773 812 mentis
3807 748 4090 813 ebrietas
4105 749 4138 812 Ῥ
4212 751 4389 817 Nam

2422 842 2495 886 se
2535 822 2715 903 ipsos
2759 824 3039 890 adorant
3080 827 3222 894 loco
3267 828 3539 909 Christi,
3586 838 3656 898 et
3697 853 3901 916 quum
3944 835 4017 897 in
4060 837 4391 917 profundo

2421 908 2655 972 mortis
2698 912 2963 993 gurgite
3007 912 3144 977 sint
3188 914 3499 994 demersi,
3558 919 3768 983 vitam
3812 939 3883 983 se
3925 918 4169 986 habere
4212 943 4389 988 som-

2420 992 2628 1056 niant.
2720 992 2916 1074 Quod
2971 997 3029 1061 si
3085 1000 3191 1064 cui
3245 1001 3649 1085 amplificare
3702 1004 3902 1068 nimis
3946 1004 4123 1071 hunc
4164 1006 4387 1073 locum

2420 1075 2668 1155 videar,
2696 1078 2859 1145 haec
2886 1089 3063 1148 certe
3092 1091 3194 1149 est
3224 1086 3384 1151 trita
3414 1088 3488 1151 in
3532 1088 3773 1154 scholis
3818 1097 3887 1154 et
3933 1091 4199 1173 templis
4242 1114 4384 1158 om-

2420 1161 2618 1228 nibus
2672 1162 2996 1231 doctrina:
3053 1170 3227 1250 quod
3281 1172 3586 1253 operibus
3630 1173 3762 1239 Dei
3816 1176 4099 1258 gratiam
4145 1180 4386 1245 mereri

2420 1256 2747 1330 oporteat3
2791 1251 2965 1333 quod
3008 1253 3311 1337 operibus
3353 1259 3749 1340 acquirenda
3791 1261 3880 1325 sit
3911 1260 4051 1325 vita
4084 1270 4355 1330 aeterna
4365 1288 4384 1344 ;

2420 1332 2593 1415 quod
2634 1337 2985 1401 temeraria
3026 1345 3095 1402 et
3136 1351 3681 1425 praesumptuosa
3722 1345 3812 1410 sit
3841 1345 4085 1412 fiducia
4128 1348 4383 1429 salutis,

2419 1419 2553 1482 nisi
2597 1419 2915 1485 bonorum
2939 1443 3213 1505 operum
3250 1425 3649 1494 adminiculo
3693 1430 3998 1510 suffulta,·
4045 1432 4217 1515 quod
4261 1457 4384 1517 per

2421 1504 2745 1569 bonorum
2788 1528 3061 1588 operum
3117 1512 3634 1578 satisfactionem
3672 1516 4172 1581 reconciliemur
4213 1518 4381 1599 Deo,

2422 1609 2558 1653 non
2624 1597 2847 1655 autem
2904 1595 3197 1676 gratuita
3262 1605 3682 1678 peccatorum
3738 1601 4148 1682 remissione;
4208 1604 4385 1688 quod

2420 1674 2594 1739 bona
2635 1695 2834 1757 opera
2876 1678 3106 1743 salutis
3141 1689 3446 1748 aeternae
3469 1685 3807 1750 meritoria
3848 1685 4002 1765 sint,
4047 1708 4184 1752 non
4226 1691 4384 1774 quia

2423 1761 2631 1842 gratis
2672 1761 3087 1842 imputantur
3138 1764 3212 1830 ιιι
3265 1768 3588 1834 iustitiam
3632 1769 3889 1837 Christi
3944 1773 4206 1852 merito,
4264 1775 4383 1841 sed

2422 1865 2507 1908 ex
2550 1852 2742 1927 pacto
2782 1846 2980 1931 legis:
3028 1870 3167 1914 non
3209 1854 3498 1935 gratuita
3544 1864 3959 1937 peccatorum
4001 1859 4217 1938 venia,
4262 1860 4382 1926 sed

2423 1931 2896 2011 satisfactoriis,
2941 1940 3016 1998 ut
3055 1949 3320 2015 vocant,
3365 1941 3670 2021 operibus
3713 1941 4123 2008 reconciliari
4167 1943 4381 2010 homi·

2421 2036 2540 2080 nes
2584 2016 2760 2096 Deo,
2817 2019 3069 2100 quoties
3125 2022 3207 2087 ab
3265 2023 3405 2089 eius
3463 2026 3679 2107 gratia
3728 2034 3886 2092 sunt
3939 2028 4235 2111 alienati3
4295 2030 4380 2095 ad

2421 2101 2901 2169 satisfactiones
2946 2103 3254 2170 accedere
3297 2128 3380 2172 ex
3415 2107 3668 2174 Christi
3711 2119 3781 2175 et
3822 2121 4193 2197 martyrum
4241 2137 4380 2181 me-

2420 2186 2568 2251 ritis
2612 2185 3005 2268 subsidium,
3063 2190 3257 2256 modo
3301 2199 3526 2258 tamen
3582 2215 3658 2259 eo
3702 2195 3999 2262 adiuvari
4047 2210 4381 2266 mereatur

2419 2279 2737 2353 peccator.
2795 2273 2926 2340 His
2962 2275 3181 2358 impiis
3215 2277 3629 2360 opinionibus
3652 2286 3862 2345 totum
3892 2282 4217 2348 mundum
4246 2286 4378 2351 fas·

2418 2358 2710 2422 cinatum
2760 2359 2963 2425 fuisse
3006 2369 3292 2443 constat,
3338 2371 3690 2447 antequam
3733 2366 4076 2433 Luthcrus
4131 2370 4380 2435 mundo

2417 2442 2876 2509 innotesceret.
2962 2445 3195 2529 Neque
3250 2448 3380 2513 alia
3428 2461 3530 2515 est
3574 2449 3772 2516 hodie
3827 2472 4086 2536 quoque
4112 2454 4160 2535 ¹)
4221 2476 4378 2537 pars

2419 2527 2756 2593 doctrinae
2798 2537 3065 2596 nostrae
3107 2553 3307 2616 quam
3350 2535 3597 2600 maiore
3648 2539 4070 2603 contentione
4115 2546 4182 2604 et
4223 2560 4379 2623 per-

2417 2613 2663 2680 tinacia
2705 2616 3100 2701 impugnent
3142 2621 3351 2684 nostri
3386 2620 3766 2686 adversarii.

2589 2699 2721 2766 Hic
2775 2712 3105 2783 postremo
3160 2704 3736 2786 pestilentissimus
3780 2727 3966 2772 error
4006 2729 4139 2773 non
4180 2710 4375 2776 modo

2416 2784 2663 2866 passim
2717 2789 3062 2869 occupavit
3114 2788 3463 2855 hominum
3514 2800 3807 2872 mentes,
3875 2793 3991 2858 sed
4052 2802 4371 2877 tanquam

2413 2891 2626 2934 unum
2670 2891 2755 2936 ex
2796 2876 2946 2952 [pag.
2988 2879 3093 2953 19]
3129 2876 3497 2959 praecipuis
3529 2877 3682 2941 fidei
3726 2879 4073 2961 capitibuS,
4122 2880 4204 2944 de
4238 2902 4370 2963 quo

2414 2956 2514 3020 fas
2558 2977 2694 3021 non
2740 2965 2914 3022 esset
2949 2959 3269 3040 dubitare,
3318 2963 3445 3026 fuit
3482 2961 3781 3029 habitus:
3818 2962 4043 3029 fideles
4077 2974 4376 3048 oportere

2416 3040 2497 3105 de
2533 3043 2747 3124 gratia
2778 3042 2908 3108 Dei
2945 3066 3102 3129 erga
3148 3068 3218 3111 se
3263 3054 3578 3129 perpetuo
3620 3046 3943 3128 dubitare,
3988 3072 4377 3134 suspensas·

2414 3146 2540 3209 que
2563 3127 2803 3192 habere
2838 3132 3287 3197 conscientias.
3337 3132 3488 3197 Hac
3510 3154 3667 3198 vero
3706 3133 4027 3200 diabolica
4049 3137 4376 3220 imagina—

2413 3213 2592 3276 tione
2629 3214 2893 3295 penitus
2931 3216 3256 3282 exstincta
3291 3218 3416 3282 fuit
3449 3218 3603 3281 fidei
3641 3218 3762 3296 vis,
3799 3219 4087 3285 deletum
4117 3220 4375 3287 Christi

2414 3298 2818 3377 beneficium,
2857 3320 3089 3366 eversa
3109 3302 3452 3367 hominum
3487 3304 3681 3367 salus.
3728 3304 3858 3369 Illa
3889 3306 4064 3369 enim
4089 3305 4376 3387 demum,

2411 3390 2581 3448 teste
2597 3384 2827 3462 Paulo,
2849 3393 2952 3450 est
2971 3387 3329 3452 christiana
3346 3388 3528 3467 fides,
3550 3409 3682 3471 qua
3712 3391 4040 3455 excitatur
4065 3390 4141 3455 in
4161 3391 4374 3457 cordi-

2413 3469 2537 3533 bus
2558 3470 2801 3533 nostris
2832 3471 3089 3550 fiducia,
3125 3493 3254 3555 qua
3295 3473 3652 3538 audeamus
3687 3475 3922 3539 sistere
3955 3496 4072 3540 nos
4103 3477 4176 3540 in
4213 3498 4372 3543 con·

2413 3562 2708 3637 spectum
2732 3555 2862 3619 Dei
2903 3557 3123 3640 (Rom.
3151 3565 3209 3636 5,
3240 3562 3326 3639 2).
3394 3559 3534 3625 Nec
3578 3558 3770 3624 aliter
3804 3568 4150 3640 constaret,
4197 3561 4371 3646 quod

2413 3640 2570 3705 alibi
2603 3639 2827 3720 tradit,
2874 3641 3115 3707 habere
3157 3665 3278 3709 nos
3312 3645 3763 3710 testimonium
3806 3644 4175 3729 adoptionis
4218 3669 4371 3713 nos-

2412 3733 2557 3791 trae
2609 3725 2885 3792 intusa
2939 3729 3193 3810 'spiritu'
3240 3737 3473 3795 'sancto
3518 3730 3969 3814 obsignatum,
4044 3753 4169 3816 quo
4213 3733 4366 3797 freti

2411 3810 2635 3878 Deum
2673 3819 2932 3893 patrem
2976 3834 3294 3879 vocamus
3336 3816 3559 3900 (Rom.
3602 3820 3662 3894 8,
3709 3820 3803 3880 15.
3851 3816 3977 3902 16).
4338 3821 4342 3827 “

2588 3896 2929 3978 Quorsum
2983 3907 3203 3964 autem
3260 3900 3375 3966 illa
3439 3900 3813 3980 haesitatio,
3883 3923 4080 3986 quam
4147 3903 4371 3969 hostes

2412 3983 2625 4048 nostri
2671 4003 2712 4047 a
2753 3984 2893 4048 suis
2951 3982 3287 4067 discipulis
3342 3988 3691 4069 requirunt
3747 3987 3874 4053 nisi
3919 3996 3996 4051 ut
4038 3994 4177 4052 tota
4218 4009 4370 4070 pro-

2411 4067 2802 4134 missionum
2845 4069 2975 4133 Dei
3016 4069 3182 4135 fides
3227 4071 3621 4138 evanescat?
3690 4072 4151 4137 Ratiocinatur
4192 4073 4371 4138 Pau·

2409 4153 2535 4233 lus,
2582 4154 2933 4220 evanuisse
2978 4156 3205 4235 fidem,
3253 4158 3526 4223 abolitas
3571 4178 3714 4223 esse
3756 4158 4251 4240 promissiones,
4311 4159 4370 4222 si

2414 4260 2500 4304 ex
2567 4240 2714 4324 lege
2772 4239 2860 4305 sit
2918 4240 3295 4308 haereditas
3349 4244 3570 4327 (Rom.
3620 4248 3679 4321 4,
3736 4243 3864 4326 14).
3954 4241 4093 4308 Cur
4144 4242 4366 4308 istud?

2411 4325 2670 4408 Nempe
2700 4324 2855 4409 quia
2881 4324 2991 4390 lex
3027 4327 3300 4392 dubium
3331 4328 3667 4394 hominem
3701 4333 3903 4407 tenet,
3948 4348 4034 4392 ne
4078 4329 4373 4410 acquies-

2414 4430 2563 4476 cere
2605 4412 2679 4476 in
2722 4419 2902 4476 certa
2944 4413 3265 4495 firmaque
3304 4414 3546 4479 fiducia
3600 4412 3827 4495 possit.
3907 4412 4031 4478 Isti
4047 4414 4107 4496 ²)
4153 4421 4371 4479 autem

2413 4518 2498 4562 ex
2531 4496 2809 4564 adverso
2844 4497 3162 4563 eiusmodi
3196 4498 3395 4563 fidem
3430 4498 3782 4574 somniant,
3828 4519 3998 4581 quae
4035 4498 4377 4565 hominem

2413 4582 2496 4647 ab
2539 4582 2686 4660 illa,
2739 4602 2939 4665 quam
2981 4583 3237 4648 Paulus
3285 4584 3526 4667 exigit,
3586 4582 3982 4649 certitudine
4026 4584 4375 4650 exclusum

2411 4688 2489 4733 ac
2521 4666 2857 4749 repulsum
2876 4683 2883 4691 ’
2899 4665 2983 4732 ad
3013 4668 3456 4734 coniecturam
3492 4668 3764 4748 reiiciat,
3809 4678 3885 4733 ut
3925 4670 4141 4734 instar
4170 4692 4375 4735 arun-

2408 4750 2584 4817 dinis
2616 4752 2988 4818 fluctuetur.
3049 4753 3280 4836 Neque
3311 4763 3540 4820 tamen
3573 4774 3685 4820 eos
3717 4754 3789 4819 in
3823 4761 4081 4821 tantam
4099 4756 4154 4837 ⁸)
4202 4755 4375 4819 hanc

2547 5059 2604 5126 1)
2642 5076 2858 5182 quoqibie
2894 5062 3062 5116 omitt.
3101 5061 3238 5117 1576
3272 5077 3416 5133 seqq.
3593 5132 3605 5144 ·
3643 5130 3657 5144 ·

2544 5128 2608 5193 2)
2642 5135 2721 5185 xta
2825 5127 2893 5182 76
2928 5145 3097 5201 &qq-3
3140 5130 3366 5190 Gallus:
3399 5131 3551 5187 Ceux
3589 5146 3678 5186 ιοι.

2542 5196 2605 5264 3)
2642 5203 2815 5253 totam
2850 5195 2987 5252 1576
3021 5214 3092 5254 ss.
