4967 5992
390 346 512 410 281

389 552 587 617 agere
652 551 981 615 cogamur.
1094 530 1231 595 Nos
1300 551 1460 596 vero
1535 529 1703 595 nihil
1769 529 1925 595 huic
1990 530 2357 595 sententiae

390 618 798 682 contrarium
849 617 1221 682 asserimus.
1326 615 1506 697 Quin
1562 617 1779 699 potius
1837 615 2001 681 haec
2047 614 2358 699 Origenis

305 739 310 743 ·
390 702 723 769 conclusio
767 700 1011 767 indicio
1056 708 1175 781 est,
1218 699 1386 765 nihil
1430 722 1586 766 eum
1631 700 1810 766 aliud
1854 721 2186 784 quaerere,
2231 701 2360 765 nisi

394 795 470 853 ut
515 789 849 855 coactione
892 786 1163 852 exclusa
1221 809 1253 852 s
1337 793 1653 851 ntaneam
1697 786 1770 851 in
1812 785 2081 851 homine
2123 785 2360 852 volun-

389 881 598 939 tatem
639 874 1011 940 constituat.
1080 870 1193 952 Qu
1322 893 1442 938 nos
1486 871 1789 936 similiter
1830 873 2122 937 facimus.
2193 870 2359 936 Gae-

389 966 613 1025 terum
654 979 789 1024 non
830 978 1001 1042 nego
1053 956 1392 1022 liberalius
1433 979 1587 1022 eum
1646 956 1882 1022 alicubi
1925 957 2207 1022 liberum
2254 977 2359 1019 ar-

388 1045 663 1111 bitrium
751 1042 1101 1122 medicare,
1146 1041 1263 1107 sed
1295 1044 1404 1121 ita,
1442 1048 1520 1107 ut
1552 1064 1884 1126 nusquam
1916 1049 2115 1122 certo,
2152 1062 2360 1123 quan-

390 1138 536 1195 tum
579 1129 701 1194 illu
793 1129 907 1208 sit,
952 1128 1241 1194 definiat.
1331 1126 1583 1193 Omnes
1647 1127 1827 1193 enim
1880 1130 1988 1209 qui
2035 1149 2075 1192 a
2114 1126 2359 1210 Pighio

387 1217 681 1283 citantur
731 1214 888 1293 loci,
945 1212 1157 1297 qualis
1209 1232 1412 1278 manu
1456 1213 1589 1278 Dei
1643 1214 1961 1278 formatus
2015 1214 2102 1277 sit
2141 1210 2357 1290 homo,

389 1307 707 1367 tractant:
778 1297 991 1382 qualis
1041 1305 1194 1382 post
1255 1297 1514 1380 lapsum
1580 1319 1656 1365 ao
1722 1297 2150 1365 defectionem
2217 1318 2359 1363 esse

391 1387 712 1470 coeperit,
779 1404 1050 1467 prorsus
1108 1389 1349 1449 tacent.
1463 1382 1641 1464 Quid
1707 1404 1865 1467 ergo
1930 1383 2114 1462 inde,
2187 1381 2358 1466 quod

386 1478 804 1557 praesentem
851 1468 1298 1554 quaestionem
1342 1468 1425 1532 ad
1467 1469 1738 1552 plenum
1775 1477 1844 1532 et
1874 1466 2200 1552 liquidum
2245 1467 2359 1531 de-

388 1559 614 1635 finiat,
676 1553 987 1639 colliges?
1086 1554 1228 1619 Nos
1281 1555 1456 1619 enim
1512 1554 1848 1619 hominem
1903 1574 2036 1618 non
2093 1573 2178 1617 ex
2228 1553 2358 1617 Dei

387 1644 736 1721 creatione,
783 1641 899 1707 sed
941 1662 1026 1706 ex
1071 1659 1167 1720 ea,
1213 1660 1408 1723 quam
1451 1640 1594 1724 ipse
1639 1638 1765 1704 sibi
1804 1640 2070 1723 proprio
2115 1638 2276 1704 vitio
2307 1637 2352 1718 ¹)

389 1729 766 1812 acquisivit,
823 1726 1240 1809 corruptione
1298 1725 1741 1791 aestimamus.
1850 1725 2046 1791 Hanc
2099 1731 2177 1788 ut
2220 1723 2360 1788 dixi

384 1823 647 1899 partem
663 1865 680 1894 ,
722 1833 925 1897 quum
968 1812 1324 1895 praecipua
1366 1811 1472 1890 sit,
1519 1808 1847 1894 Origenes
1889 1832 2023 1876 non
2067 1809 2353 1893 attingit.

385 1901 495 1966 De
541 1899 883 1965 Clemente
926 1898 1085 1962 satis
1125 1898 1262 1961 iam
1315 1897 1618 1981 superius
1670 1895 1884 1961 multa
1926 1896 2083 1960 dixi.
2177 1893 2356 1976 Quid

387 1992 615 2051 autem
667 1985 824 2050 facit
874 1983 1186 2067 Pighius,
1245 1981 1449 2046 talem
1503 2002 1737 2048 causae
1789 2002 1946 2046 suae
2002 1988 2354 2064 patronum

383 2072 778 2155 primarium
813 2067 1186 2146 excitando,
1232 2068 1361 2133 nisi
1387 2066 1559 2149 quod
1597 2068 1852 2150 crepitu
1873 2087 1993 2132 nos
2022 2066 2174 2132 vult
2206 2064 2353 2129 abs-

382 2156 678 2221 terrere?
769 2156 965 2234 Dico,
1011 2160 1079 2218 et
1133 2153 1189 2218 si
1226 2152 1636 2217 dissimulem
1692 2152 1863 2217 liber
1915 2152 2059 2234 ipse
2095 2149 2353 2228 clamat,

383 2242 473 2308 ab
518 2241 735 2324 aliquo
785 2239 1024 2323 frigido
1082 2238 1615 2321 philosophastro
1670 2238 1869 2303 fuisse
1935 2236 2352 2301 consarcina-

377 2334 550 2392 tum.
651 2325 820 2393 Inde
864 2331 1159 2407 arreptas
1175 2323 1235 2407 2)
1280 2323 1674 2401 sententias,
1734 2331 2054 2406 tanquam
2107 2343 2190 2387 ex
2240 2342 2354 2385 ore

373 2413 575 2480 Petri
607 2413 950 2495 profectas,
997 2408 1108 2472 hic
1142 2408 1331 2474 nobis
1365 2407 1678 2473 obtrudit.
1743 2408 1890 2492 Ego
1932 2428 2092 2474 vero
2134 2426 2353 2472 coram

373 2499 533 2565 Deo
587 2518 709 2580 per
765 2494 1237 2563 conscientiam
1304 2491 1656 2577 impedior,
1719 2494 2067 2576 quominus
2119 2494 2188 2557 in
2248 2513 2351 2556 re-

373 2585 740 2668 sponsione
780 2580 1100 2646 laborem:
1156 2601 1239 2645 ne
1284 2580 1388 2644 cui
1424 2579 1666 2644 erroris
1709 2580 2118 2645 occasionem
2160 2598 2352 2661 prae-

373 2670 598 2746 beam,
636 2674 714 2733 ut
743 2667 988 2732 librum
1020 2665 1210 2729 illum
1244 2665 1350 2730 vel
1368 2665 1445 2728 in
1479 2664 1753 2729 minimo
1785 2666 1996 2747 pretio
2014 2662 2272 2729 habeat.
2292 2662 2351 2746 ⁸)

560 2751 785 2833 Quum
829 2750 1315 2817 Tertullianum
1358 2749 1506 2814 vult
1543 2749 1901 2832 producere
1919 2800 1934 2828 ,
1998 2750 2351 2832 praefatur,

377 2839 550 2905 adeo
592 2838 839 2904 claram
881 2856 1028 2903 esse
1080 2836 1222 2904 eius
1265 2836 1664 2900 sententiam
1709 2834 1789 2899 de
1832 2835 2134 2900 libertate
2178 2833 2350 2898 arbi-

379 2925 516 3004 trii,
554 2931 630 2989 ut
664 2923 777 3006 qui
809 2928 957 3002 [pag.
980 2925 1089 3000 68]
1128 2942 1263 2986 non
1300 2919 1538 3001 videat,
1575 2941 1725 2985 eum
1755 2929 2011 2984 certum
2043 2921 2130 2985 sit
2154 2940 2350 2984 aures

377 3016 586 3093 atque
605 3009 826 3076 oculos
846 3007 1156 3073 clausisse
1192 3007 1475 3072 veritati.
1522 3004 1701 3086 Quid
1729 3013 1949 3071 autem
1985 3006 2058 3069 in
2094 3025 2353 3070 summa

376 3094 730 3163 continent
771 3114 938 3177 quae
983 3091 1268 3171 adducit,
1314 3092 1443 3157 nisi
1485 3091 1784 3170 liberum,
1830 3099 1897 3156 et
1930 3112 2088 3157 suae
2131 3097 2349 3173 potes-

375 3182 542 3247 tatis
596 3180 933 3245 hominem
987 3199 1028 3243 a
1081 3178 1225 3243 Deo
1281 3176 1612 3242 conditum
1669 3177 1915 3241 fuisse?
2007 3174 2349 3259 Siquidem

371 3266 700 3332 adversus
753 3263 1161 3331 Marcionem
1211 3262 1346 3328 illic
1390 3260 1712 3346 disputat,
1772 3263 1958 3326 cuius
2002 3262 2220 3345 opinio
2265 3259 2347 3324 de

370 3360 626 3418 natura
667 3350 986 3428 hominis,
1036 3354 1115 3413 ut
1152 3350 1222 3413 in
1267 3348 1488 3413 Deum
1533 3347 2030 3426 contumeliosa,
2084 3348 2180 3412 ita
2222 3348 2346 3411 im-

421 3438 495 3503 ia
536 3444 602 3502 et
662 3437 940 3519 profana
993 3440 1154 3499 erat.
1252 3433 1405 3500 Non
1468 3434 1647 3498 enim
1711 3453 1833 3498 sua
1883 3433 2092 3516 ipsius
2154 3432 2348 3515 culpa

423 3523 719 3589 ominem
782 3520 1032 3586 malum
1089 3539 1231 3585 esse
1287 3518 1748 3595 confitebatur,
1805 3517 1922 3584 sed
1985 3518 2057 3582 in
2121 3516 2345 3582 Deum

367 3616 660 3674 naturae
718 3615 1017 3672 autorem
1070 3605 1397 3671 referebat
1447 3603 1740 3669 malitiae
1792 3623 2075 3670 causam.
2163 3603 2344 3669 Hinc

368 3693 562 3761 sanis
606 3700 676 3758 et
715 3691 996 3776 integris
1037 3690 1388 3756 lectoribus
1425 3688 1850 3755 iudicandum
1892 3688 2211 3772 relinquo,
2258 3710 2344 3752 an

365 3801 518 3846 non
557 3797 1006 3862 quaecumque
1069 3798 1153 3841 ex
1197 3775 1497 3842 ⁴adverso
1550 3775 1822 3859 opponit
1877 3774 2343 3853 Tertullianus,

366 3865 462 3931 ad
506 3866 791 3948 primam
824 3862 1112 3928 hominis
1145 3861 1585 3928 conditionem
1631 3859 1935 3926 similiter
1968 3859 2341 3944 respiciant.

363 3950 614 4034 Neque
679 3956 901 4014 tamen
954 3948 1152 4014 fidem
1216 3946 1381 4012 mihi
1446 3946 1679 4012 haberi
1742 3946 1958 4012 velim.
2059 3945 2343 4011 Librum

357 4037 598 4120 ipsum
649 4035 765 4118 qui
819 4033 1058 4118 legerit
1114 4041 1232 4098 aut
1281 4033 1498 4098 locum
1554 4032 1752 4097 etiam
1806 4053 2001 4116 quem
2059 4031 2341 4115 Pighius

364 4122 632 4199 recitat,
677 4118 847 4203 quod
894 4117 1058 4197 dico,
1099 4119 1400 4201 reperiet.

552 4207 783 4289 Neque
852 4203 1029 4270 aliud
1103 4202 1465 4286 respondeo
1532 4202 1616 4268 ad
1668 4203 1892 4269 omnia
1945 4202 2337 4282 testimonia,

413 4312 553 4358 uae
625 4313 710 4356 ex
774 4290 1053 4355 Irenaeo
1134 4288 1370 4354 deinde
1445 4290 1686 4356 obiicit.
1809 4289 2125 4354 Irenaeus
2202 4287 2338 4353 illic

430 4376 740 4456 erdonis,
805 4373 1181 4454 Valentini,
1249 4375 1608 4441 Marcionis
1624 4424 1641 4454 ,
1712 4380 1780 4439 et
1842 4374 2154 4439 similium
2234 4395 2337 4438 re-

359 4461 673 4529 futandis
736 4458 986 4525 deliriis
1045 4458 1380 4526 incumbit.
1484 4460 1599 4525 nli
1654 4480 1855 4543 quum
1898 4459 2124 4543 plures
2184 4458 2338 4524 deos

357 4549 1064 4626 comminiscerentur,
1147 4565 1441 4611 errorem
1526 4565 1610 4610 ex
1678 4567 1753 4610 eo
1819 4566 2013 4611 suum
2081 4553 2335 4611 astrue-

352 4635 572 4714 bant,
627 4629 803 4717 quod
849 4631 1045 4697 bomo
1101 4630 1316 4695 malus
1369 4639 1559 4696 esset.
1654 4630 1808 4695 Non
1865 4631 2157 4714 potuisse
2219 4652 2336 4695 au-

351 4728 512 4787 tem
567 4718 817 4784 malum
867 4716 1076 4782 creari
1123 4738 1162 4782 a
1221 4716 1365 4781 Deo
1417 4715 1606 4782 bono.
1706 4717 1875 4782 Esse
1940 4716 2143 4799 igitur
2196 4735 2334 4779 ma-

511 5040 571 5105 1)
607 5041 738 5095 vitio
775 5043 974 5095 mniteit
997 5042 1263 5110 princepe
1298 5039 1558 5112 (Gallae.-
1589 5054 1691 5109 par
1727 5055 1790 5094 sa
1824 5038 2019 5121 faute).

508 5108 571 5177 2)
612 5106 904 5191 Gallaeiuc·
932 5116 984 5164 et
1017 5109 1170 5164 Boea
1203 5126 1325 5165 mom
1361 5109 1886 5191 Amostflodamenqte‘
1920 5107 2050 5189 abre
2091 5114 2193 5162 tas.

504 5176 598 5301 839
609 5178 929 5316 wag-6¹1⁸
960 5179 1073 5302 οΙέοιι
1116 5178 1185 5234 de
1230 5177 1725 5314 ‘Izcoqnmom'bue
1770 5176 1898 5233 dues.
1979 5177 2029 5232 V
2162 5190 2338 5245 supra

1885 343 2013 408 DE
2057 341 2415 411 LIBERO
2460 342 2937 412 ABBI'I'RIO.

4296 356 4422 420 282

2461 530 2601 596 lum
2659 552 2919 615 quoque
2984 532 3205 598 Deum
3263 533 3563 617 aliquem.
3663 534 3871 603 Vides
3925 545 4169 604 statum
4226 562 4424 624 quae-

2464 617 2714 681 stionis,
2804 617 2951 682 Iam
2997 626 3263 685 sanctus
3306 620 3436 696 vir,
3482 621 3677 685 sicuti
3720 643 3828 688 res
3870 624 4272 706 postulabat,
4318 649 4422 693 re-

2465 701 2737 781 clamat,
2795 723 2926 767 non
2971 714 3210 769 natura
3253 705 3502 770 malum
3540 705 3904 787 hominem,
3950 708 4075 776 hoc
4116 718 4245 790 est,
4292 712 4422 778 Dei

2466 789 2820 865 creatione,
2877 787 2992 858 sed
3035 789 3227 855 liberi
3285 791 3541 856 arbitrii
3600 792 3800 858 fuisse
3857 794 4221 875 conditum,
4280 799 4421 863 ani-

2463 891 2770 955 mamque
2836 876 3159 958 accepisse
3217 874 3371 941 boni
3422 883 3488 941 et
3550 877 3710 941 mali
3767 899 4092 962 capacem.
4195 881 4421 963 Quum

2468 955 2549 1021 de
2618 958 2830 1040 primo
2885 958 3174 1026 hominis
3238 967 3412 1026 statu
3477 983 3628 1036 eum
3692 984 3890 1048 agere
3943 973 4225 1046 constet,
4293 989 4421 1051 quo

2465 1047 2761 1124 tempore
2816 1044 3076 1128 integer
3135 1046 3354 1111 adhuc
3398 1053 3571 1127 erat,
3626 1056 3694 1112 et
3736 1050 3866 1114 Dei
3921 1050 4423 1119 similitudinem

2464 1126 2821 1207 retinebat,
2876 1129 3032 1212 quid
3072 1129 3197 1194 hoc
3240 1132 3590 1197 adversum
3629 1155 3782 1214 nos,
3828 1137 3938 1218 qui
3983 1136 4235 1202 arbitrii
4282 1159 4420 1204 ser·

2467 1213 2751 1278 vitutem
2799 1235 2929 1278 non
2974 1215 3104 1280 nisi
3152 1216 3223 1279 in
3269 1223 3547 1282 naturae
3604 1222 4023 1304 corruptione
4067 1242 4142 1288 ac
4187 1222 4420 1308 depra-

2464 1298 2729 1363 vatione
2771 1300 3269 1366 constituimus?
3359 1302 3542 1367 Dicit
3584 1305 3865 1386 quodam
3900 1306 4041 1372 loco
4083 1307 4418 1389 Irenaeus,

2462 1383 2642 1447 inter
2696 1383 2856 1449 alia:
2900 1385 3343 1450 Frumentum
3398 1387 3658 1470 quidem
3719 1398 3788 1455 et
3829 1392 4049 1475 paleas
4100 1394 4421 1460 naturali-

2463 1475 2569 1532 ter
2626 1470 2799 1533 facta
2854 1490 3022 1535 esse:
3083 1471 3420 1537 hominem
3464 1495 3622 1540 vero
3665 1476 4149 1556 rationabilem,
4205 1487 4274 1544 et
4316 1501 4418 1545 se·

2462 1553 2751 1618 cundum
2810 1554 2934 1621 hoc
2987 1556 3272 1622 similem
3315 1555 3490 1636 Deo,
3548 1579 3751 1642 quum
3803 1561 3970 1630 liber
4011 1563 4085 1627 in
4129 1565 4416 1646 arbitrio,

2463 1646 2533 1703 et
2575 1660 2731 1704 suae
2773 1643 3117 1722 potestatis
3158 1643 3371 1707 factus
3419 1644 3648 1724 fuerit,
3706 1646 3925 1728 ipsum
3982 1646 4107 1713 sibi
4151 1671 4418 1716 causam

2461 1745 2623 1803 esse,
2669 1731 2744 1788 ut
2785 1724 3133 1808 aliquando
3175 1728 3597 1810 frumentum,
3641 1730 3993 1814 aliquando
4036 1741 4255 1800 autem
4296 1756 4414 1818 pa·-

2460 1809 2567 1874 lea
2608 1811 2742 1874 fiat.
2830 1809 3276 1895 Quapropter,
3321 1815 3566 1897 inquit,
3623 1817 3793 1882 iuste
3838 1817 4410 1886 condemnabitur:

2459 1895 2615 1977 quia
2654 1896 3063 1962 rationabilis
3104 1898 3348 1978 factus,
3406 1900 3632 1965 amisit
3672 1923 3898 1968 veram
3937 1904 4290 1985 rationem,
4349 1913 4417 1970 et

2460 1981 2933 2047 irrationaliter
2994 1984 3255 2062 vivenS,
3302 1983 3690 2052 adversatus
3745 1995 3847 2053 est
3898 1990 4191 2054 iustitiae
4259 1995 4413 2071 [pag.

2461 2069 2572 2145 69]
2610 2064 2759 2146 Dei,
2806 2064 3074 2133 tradens
3118 2089 3189 2133 se
3220 2078 3480 2135 terreno
3516 2072 3795 2154 spiritui,
3840 2080 3907 2137 et
3940 2074 4243 2140 omnibus
4278 2096 4416 2140 ser-

2458 2151 2650 2215 viens
2716 2151 3195 2235 voluptatibus:
3276 2155 3825 2237 quemadmodum
3894 2161 3988 2222 ait
4056 2160 4412 2243 propheta:

2457 2235 2697 2316 Homo,
2743 2258 2951 2320 quum
2992 2240 3062 2302 in
3106 2238 3357 2304 honore
3401 2249 3590 2318 esset,
3637 2263 3770 2305 non
3813 2242 4175 2325 intellexit3
4236 2265 4413 2310 com-

2456 2329 2727 2404 paratus
2770 2331 2873 2388 est
2902 2323 3233 2405 iumentis,
3277 2332 3345 2390 et
3384 2325 3618 2391 similis
3651 2327 3861 2392 factus
3904 2336 4004 2393 est
4046 2329 4193 2395 illis.
4266 2330 4416 2396 Hoc

2456 2428 2580 2471 nos
2632 2407 2913 2473 dicimus
2980 2410 3176 2491 primi
3242 2412 3536 2493 parentis
3601 2411 3790 2495 lapsu
3851 2414 4156 2479 omnibus
4224 2414 4414 2481 nobis

2457 2492 2835 2576 contigisse,
2894 2501 2961 2558 et
3010 2495 3084 2558 in
3141 2517 3216 2560 eo
3273 2497 3785 2562 consentientem
3839 2498 4161 2564 habemus
4204 2507 4414 2565 totam

2455 2577 2814 2643 ecclesiam.
2887 2578 3071 2645 Dicit
3102 2587 3462 2663 praeterea,
3506 2581 3880 2648 libertatem
3913 2583 4112 2664 illam,
4158 2582 4238 2650 de
4282 2606 4413 2668 qua

2456 2670 2726 2742 tractat,
2786 2665 3142 2748 imaginem
3186 2687 3330 2731 esse
3372 2665 3501 2731 Dei
3545 2667 3628 2731 ad
3671 2689 3866 2752 quam
3911 2677 4171 2735 creatus
4212 2671 4416 2736 fuerit

2454 2747 2691 2812 Adam.
2763 2750 2972 2831 Atqui
3013 2751 3185 2816 hano
3226 2752 3481 2818 Paulus
3523 2754 3815 2836 reparari
3847 2763 4146 2837 oportere
4189 2756 4270 2821 de
4307 2755 4412 2821 die

2453 2835 2525 2897 in
2562 2833 2736 2898 diem
2769 2835 2839 2898 in
2880 2835 3182 2902 fidelibus
3217 2836 3429 2902 docet:
3464 2837 3662 2920 idque
3698 2860 3829 2904 non
3864 2842 4129 2923 propria
4160 2862 4410 2920 eorum,

2455 2917 2572 2984 sed
2616 2921 2887 3002 spiritus
2931 2922 3140 2987 sancti
3184 2923 3433 2987 virtute
3479 2925 3548 3006 (2
3587 2922 3732 2989 Cor.
3775 2932 3834 3004 4,
3878 2928 4003 3007 16).
4088 2925 4413 3009 Sequitur

2454 3025 2630 3087 ergo,
2676 3006 2876 3070 fuisse
2918 3006 3331 3072 obliteratam
3377 3029 3452 3075 ac
3497 3018 3891 3092 corruptam.
3964 3011 4191 3095 Eligat
4232 3033 4412 3079 nunc

2452 3101 2679 3154 utrum
2736 3090 2907 3157 volet
2948 3091 3260 3175 Pighius:
3320 3103 3438 3158 aut
3493 3096 3979 3177 corruptionem
4021 3096 4207 3160 illam
4252 3097 4409 3162 hae·
4494 3093 4501 3100 ’

2452 3173 2853 3255 reditariam,
2891 3197 3093 3259 quam
3127 3179 3195 3241 in
3231 3186 3445 3242 totum
3481 3200 3670 3245 suum
3709 3201 3918 3264 genus
3941 3179 4154 3245 Adam
4192 3188 4410 3246 trans-

2450 3260 2665 3339 misit,
2711 3260 2910 3326 fuisse
2948 3263 3356 3346 incognitam
3399 3264 3703 3329 Irenaeo:
3745 3273 3878 3345 aut,
3923 3266 4079 3348 quia
4123 3265 4207 3330 ad
4252 3287 4408 3331 con-

2447 3345 2730 3412 futanda
2773 3344 3094 3412 Cerdonis
3129 3355 3196 3412 ct
3219 3348 3561 3414 Valentini
3606 3349 4222 3415 deliramentanihil
4253 3371 4405 3433 per-

2450 3431 2720 3509 tinebat,
2755 3431 2957 3497 fuisse
2994 3433 3321 3512 omissam,
3360 3445 3426 3498 et
3461 3433 3541 3498 de
3574 3435 3832 3519 integro
3867 3434 4194 3500 duntaxat
4226 3457 4404 3501 crea-

2449 3516 2650 3581 tionis
2700 3524 2875 3582 statu
2922 3518 3122 3583 verba
3176 3519 3378 3583 fuisse
3433 3520 3623 3584 facta.
3713 3520 4022 3584 Alterum
4065 3542 4102 3585 e
4146 3520 4403 3585 duobus

2447 3601 2871 3683 respondeat,
2927 3623 3192 3669 necesse
3233 3611 3350 3669 est.
3441 3605 3646 3688 Atqui
3687 3613 3967 3689 utroque
4006 3605 4201 3671 modo
4242 3606 4407 3671 libe-

2448 3707 2575 3752 ror.
2677 3687 2907 3772 Neque
2963 3690 3172 3768 enim,
3228 3690 3335 3756 vel
3404 3697 3633 3755 autore
3698 3690 3969 3775 Pighio,
4036 3691 4403 3757 audiendus

2447 3774 2577 3837 erit
2617 3773 2951 3854 Irenaeus,
2998 3775 3052 3839 si
3097 3783 3509 3860 repugnante
3549 3776 3851 3840 unanimi
3892 3775 4205 3842 ecclesiae
4248 3796 4402 3841 con-

2448 3879 2668 3938 sensu,
2713 3859 2888 3924 inter
2926 3861 3228 3926 vitiatam
3263 3867 3567 3925 naturam
3603 3868 3671 3926 et
3702 3863 4033 3946 integram
4066 3861 4238 3926 nihil
4271 3860 4403 3926 dis-

2447 3952 2704 4010 cernat:
2806 3943 2937 4010 uod
2991 3947 3076 4025 si,
3145 3945 3358 4029 qualis
3415 3953 3569 4012 ante
3619 3947 3881 4031 lapsum
3932 3947 4130 4011 fuerit
4184 3946 4400 4026 homo,

2445 4036 2709 4093 tantum
2724 4063 2745 4094 s
2795 4032 3090 4111 escribit,
3135 4031 3302 4096 nihil
3348 4030 3433 4096 ad
3475 4053 3615 4112 nos,
3661 4034 3774 4115 qui
3819 4031 4074 4097 arbitrii
4117 4033 4402 4097 servitu-

2445 4121 2580 4179 tem
2627 4135 2761 4179 non
2820 4116 2903 4181 ad
2949 4115 3205 4197 Deum,
3264 4116 3380 4182 sed
3423 4116 3506 4181 ad
3551 4117 3835 4184 hominis
3889 4118 4128 4192 vitium
4173 4117 4402 4183 referi-

2443 4222 2611 4265 mus.

2617 4285 2846 4367 Quum
2892 4285 2975 4366 ad
3017 4286 3430 4373 cyprianum
3472 4296 3749 4353 ventum
3792 4293 3924 4367 est,
3980 4287 4402 4370 occupatione

2441 4372 2668 4452 utitur,
2712 4370 2887 4455 quod
2922 4374 3372 4456 quaestionem
3417 4373 3588 4439 hanc
3623 4394 3946 4455 nusquam
3990 4394 4076 4437 ex
4111 4373 4401 4455 professo

2440 4463 2697 4523 tractet.
2789 4460 3148 4543 Augustini
3206 4467 3424 4524 tamen
3468 4459 3686 4525 locum
3730 4458 4025 4538 adducit,
4083 4456 4195 4522 ubi
4238 4458 4401 4524 libe-

2439 4564 2593 4608 rum
2637 4544 2983 4609 arbitrium
3042 4546 3123 4610 ab
3182 4567 3258 4610 eo
3300 4566 3433 4610 non
3487 4545 3719 4629 negari
3738 4549 4055 4626 testatur.
4142 4543 4402 4609 Verum

2439 4628 2598 4711 quid
2640 4628 2831 4695 liberi
2886 4629 3140 4695 arbitrii
3195 4652 3437 4696 nomen
3479 4630 3855 4714 Augustino
3896 4629 4145 4709 valcat,
4195 4650 4402 4713 quum

2439 4714 2593 4779 alibi
2629 4713 2873 4780 clarius
2907 4715 3519 4794 demonstrabimus,
3566 4723 3708 4780 tum
3745 4736 3828 4779 ex
3863 4715 3988 4782 hoc
4022 4716 4164 4780 loco
4196 4721 4396 4798 patet.

2439 4800 2621 4864 Dicit
2677 4802 2884 4880 enim,
2953 4800 3365 4886 Cyprianum
3419 4822 3555 4867 non
3608 4800 3836 4866 tollere
3889 4800 4168 4866 liberum
4224 4800 4398 4864 arbi·

2440 4886 2665 4964 trium,
2710 4908 2913 4969 quum
2940 4887 3085 4951 Deo
3126 4895 3340 4952 totum
3364 4886 3611 4965 tribuit,
3656 4885 3827 4970 quod
3869 4894 4046 4952 recte
4089 4885 4396 4949 vivimus.

2439 4969 2641 5034 Illam
2697 4979 2922 5037 autem
2975 4994 3061 5037 ex
3117 4971 3455 5057 Cypriano
3503 4970 3771 5038 adducit
3823 4971 4246 5037 sententiam:
4289 4969 4398 5050 De

2442 5054 2626 5121 nullo
2680 5055 3096 5142 gloriandum
3114 5107 3133 5137 ,
3190 5057 3343 5139 quia
3399 5057 3568 5121 nihil
3620 5078 3890 5140 prorsus
3936 5063 4229 5121 nostrum
4275 5061 4392 5118 est.

2443 5140 2661 5222 Quam
2712 5143 3089 5227 magnifice,
3143 5163 3416 5225 quaeso,
3475 5143 3679 5208 sentit
3732 5141 3812 5207 de
3856 5140 4132 5289 Bropria
4171 5147 4398 5236 nostra·

2443 5229 2722 5309 virtute,
2797 5229 2906 5312 qui
2964 5225 3135 5293 bona
3181 5228 3404 5293 omnia
3460 5225 3809 5293 insolidum
3929 5245 4005 5289 eo
4061 5222 4393 5314 adscribit,
