<?xml version="1.0" encoding="UTF-8"?>
<!DOCTYPE html PUBLIC "-//W3C//DTD XHTML 1.0 Transitional//EN"
    "http://www.w3.org/TR/xhtml1/DTD/xhtml1-transitional.dtd">
<html xmlns="http://www.w3.org/1999/xhtml" xml:lang="en" lang="en">
 <head>
  <title>
</title>
<meta http-equiv="Content-Type" content="text/html;charset=utf-8" />
  <meta name='ocr-system' content='tesseract 3.04.00' />
  <meta name='ocr-capabilities' content='ocr_page ocr_carea ocr_par ocr_line ocrx_word'/>
</head>
<body>
  <div class='ocr_page' id='page_1' title='image "./ioanniscalvinio02unkngoog_0305.png"; bbox 0 0 4967 5992; ppageno 0'>
   <div class='ocr_carea' id='block_1_1' title="bbox 395 355 515 417">
    <p class='ocr_par' dir='ltr' id='par_1_1' title="bbox 395 355 515 417">
     <span class='ocr_line' id='line_1_1' title="bbox 395 355 515 417; baseline 0.008 -1"><span class='ocrx_word' id='word_1_1' title='bbox 395 355 515 417; x_wconf 81' lang='lat'>533</span> 
     </span>
    </p>
   </div>
   <div class='ocr_carea' id='block_1_2' title="bbox 372 538 2350 3534">
    <p class='ocr_par' dir='ltr' id='par_1_2' title="bbox 372 538 2350 3534">
     <span class='ocr_line' id='line_1_2' title="bbox 388 538 2350 624; baseline -0.001 -18"><span class='ocrx_word' id='word_1_2' title='bbox 388 540 787 624; x_wconf 81' lang='lat' dir='ltr'>frivolasque</span> <span class='ocrx_word' id='word_1_3' title='bbox 830 539 1391 606; x_wconf 87' lang='lat' dir='ltr'>caeremoniarum</span> <span class='ocrx_word' id='word_1_4' title='bbox 1453 560 1664 623; x_wconf 89' lang='lat' dir='ltr'>nugas</span> <span class='ocrx_word' id='word_1_5' title='bbox 1731 538 2062 605; x_wconf 89' lang='lat' dir='ltr'>traducta:</span> <span class='ocrx_word' id='word_1_6' title='bbox 2132 560 2350 605; x_wconf 87' lang='lat' dir='ltr'>sacra-</span> 
     </span>
     <span class='ocr_line' id='line_1_3' title="bbox 391 624 2346 707; baseline -0.001 -17"><span class='ocrx_word' id='word_1_7' title='bbox 391 633 769 692; x_wconf 88' lang='lat' dir='ltr'>mentorum</span> <span class='ocrx_word' id='word_1_8' title='bbox 814 630 962 705; x_wconf 81' lang='lat' dir='ltr'>[pag.</span> <span class='ocrx_word' id='word_1_9' title='bbox 1009 629 1154 704; x_wconf 87' lang='lat'>140]</span> <span class='ocrx_word' id='word_1_10' title='bbox 1197 646 1330 690; x_wconf 89' lang='lat' dir='ltr'>non</span> <span class='ocrx_word' id='word_1_11' title='bbox 1365 624 1586 690; x_wconf 91' lang='lat' dir='ltr'>minus</span> <span class='ocrx_word' id='word_1_12' title='bbox 1622 625 2024 690; x_wconf 82' lang='lat' dir='ltr'>exsecranda</span> <span class='ocrx_word' id='word_1_13' title='bbox 2057 624 2346 707; x_wconf 90' lang='lat' dir='ltr'>pollutio.</span> 
     </span>
     <span class='ocr_line' id='line_1_4' title="bbox 388 708 2349 795; baseline -0.001 -18"><span class='ocrx_word' id='word_1_14' title='bbox 388 713 772 795; x_wconf 81' lang='lat' dir='ltr'>Baptismus</span> <span class='ocrx_word' id='word_1_15' title='bbox 835 711 1064 775; x_wconf 88' lang='lat' dir='ltr'>multis</span> <span class='ocrx_word' id='word_1_16' title='bbox 1118 708 1580 775; x_wconf 79' lang='lat' dir='ltr'><strong>additamentis</strong></span> <span class='ocrx_word' id='word_1_17' title='bbox 1635 710 2062 776; x_wconf 88' lang='lat' dir='ltr'>deformatus:</span> <span class='ocrx_word' id='word_1_18' title='bbox 2133 731 2349 775; x_wconf 89' lang='lat' dir='ltr'>sacro-</span> 
     </span>
     <span class='ocr_line' id='line_1_5' title="bbox 390 795 2349 880; baseline -0.003 -16"><span class='ocrx_word' id='word_1_19' title='bbox 390 805 616 864; x_wconf 90' lang='lat' dir='ltr'>sancta</span> <span class='ocrx_word' id='word_1_20' title='bbox 660 818 814 864; x_wconf 85' lang='lat' dir='ltr'>vero</span> <span class='ocrx_word' id='word_1_21' title='bbox 853 817 1056 862; x_wconf 87' lang='lat' dir='ltr'>coena</span> <span class='ocrx_word' id='word_1_22' title='bbox 1088 795 1172 860; x_wconf 85' lang='lat' dir='ltr'>ad</span> <span class='ocrx_word' id='word_1_23' title='bbox 1210 816 1405 860; x_wconf 90' lang='lat' dir='ltr'>omne</span> <span class='ocrx_word' id='word_1_24' title='bbox 1437 796 1839 879; x_wconf 80' lang='lat' dir='ltr'>ignominiae</span> <span class='ocrx_word' id='word_1_25' title='bbox 1867 816 2076 880; x_wconf 90' lang='lat' dir='ltr'>genus</span> <span class='ocrx_word' id='word_1_26' title='bbox 2112 796 2349 878; x_wconf 87' lang='lat' dir='ltr'>prosti-</span> 
     </span>
     <span class='ocr_line' id='line_1_6' title="bbox 390 880 2348 966; baseline -0.002 -17"><span class='ocrx_word' id='word_1_27' title='bbox 390 891 560 949; x_wconf 91' lang='lat' dir='ltr'>tuta:</span> <span class='ocrx_word' id='word_1_28' title='bbox 591 889 730 948; x_wconf 84' lang='lat' dir='ltr'>tota</span> <span class='ocrx_word' id='word_1_29' title='bbox 750 882 981 966; x_wconf 87' lang='lat' dir='ltr'>religio</span> <span class='ocrx_word' id='word_1_30' title='bbox 1005 882 1076 946; x_wconf 90' lang='lat' dir='ltr'>in</span> <span class='ocrx_word' id='word_1_31' title='bbox 1099 881 1381 947; x_wconf 89' lang='lat' dir='ltr'>alienam</span> <span class='ocrx_word' id='word_1_32' title='bbox 1402 903 1673 964; x_wconf 92' lang='lat' dir='ltr'>prorsus</span> <span class='ocrx_word' id='word_1_33' title='bbox 1696 883 1974 947; x_wconf 84' lang='lat' dir='ltr'>formam</span> <span class='ocrx_word' id='word_1_34' title='bbox 1990 880 2348 964; x_wconf 88' lang='lat' dir='ltr'>degenera-</span> 
     </span>
     <span class='ocr_line' id='line_1_7' title="bbox 389 965 2349 1051; baseline -0.002 -16"><span class='ocrx_word' id='word_1_35' title='bbox 389 969 506 1035; x_wconf 81' lang='lat' dir='ltr'>vit.</span> <span class='ocrx_word' id='word_1_36' title='bbox 580 967 658 1035; x_wconf 79' lang='lat' dir='ltr'>Si</span> <span class='ocrx_word' id='word_1_37' title='bbox 702 990 821 1034; x_wconf 91' lang='lat' dir='ltr'>nos</span> <span class='ocrx_word' id='word_1_38' title='bbox 866 967 949 1033; x_wconf 90' lang='lat' dir='ltr'>ad</span> <span class='ocrx_word' id='word_1_39' title='bbox 993 967 1159 1032; x_wconf 89' lang='lat' dir='ltr'>haec</span> <span class='ocrx_word' id='word_1_40' title='bbox 1201 965 1511 1048; x_wconf 90' lang='lat' dir='ltr'>curanda,</span> <span class='ocrx_word' id='word_1_41' title='bbox 1556 966 1972 1051; x_wconf 77' lang='lat' dir='ltr'>negligenter</span> <span class='ocrx_word' id='word_1_42' title='bbox 2007 966 2349 1032; x_wconf 87' lang='lat' dir='ltr'>adiicimus</span> 
     </span>
     <span class='ocr_line' id='line_1_8' title="bbox 389 1052 2350 1135; baseline -0.001 -17"><span class='ocrx_word' id='word_1_43' title='bbox 389 1056 704 1134; x_wconf 90' lang='lat' dir='ltr'>animum,</span> <span class='ocrx_word' id='word_1_44' title='bbox 746 1075 882 1119; x_wconf 90' lang='lat' dir='ltr'>non</span> <span class='ocrx_word' id='word_1_45' title='bbox 924 1053 1332 1119; x_wconf 91' lang='lat' dir='ltr'>obliviscitur</span> <span class='ocrx_word' id='word_1_46' title='bbox 1372 1060 1549 1119; x_wconf 89' lang='lat' dir='ltr'>certe</span> <span class='ocrx_word' id='word_1_47' title='bbox 1594 1054 1699 1118; x_wconf 92' lang='lat' dir='ltr'>sui</span> <span class='ocrx_word' id='word_1_48' title='bbox 1741 1055 1943 1119; x_wconf 90' lang='lat' dir='ltr'>Deus.</span> <span class='ocrx_word' id='word_1_49' title='bbox 2014 1052 2186 1117; x_wconf 87' lang='lat' dir='ltr'>Nam</span> <span class='ocrx_word' id='word_1_50' title='bbox 2234 1052 2350 1135; x_wconf 91' lang='lat' dir='ltr'>qui</span> 
     </span>
     <span class='ocr_line' id='line_1_9' title="bbox 388 1137 2348 1221; baseline -0.001 -17"><span class='ocrx_word' id='word_1_51' title='bbox 388 1141 696 1205; x_wconf 89' lang='lat' dir='ltr'>imminui</span> <span class='ocrx_word' id='word_1_52' title='bbox 742 1161 935 1205; x_wconf 91' lang='lat' dir='ltr'>suum</span> <span class='ocrx_word' id='word_1_53' title='bbox 970 1138 1288 1204; x_wconf 86' lang='lat' dir='ltr'>honorem</span> <span class='ocrx_word' id='word_1_54' title='bbox 1331 1137 1467 1204; x_wconf 92' lang='lat' dir='ltr'>ullo</span> <span class='ocrx_word' id='word_1_55' title='bbox 1507 1139 1700 1204; x_wconf 91' lang='lat' dir='ltr'>modo</span> <span class='ocrx_word' id='word_1_56' title='bbox 1739 1158 2091 1221; x_wconf 87' lang='lat' dir='ltr'>passurum</span> <span class='ocrx_word' id='word_1_57' title='bbox 2125 1159 2195 1204; x_wconf 92' lang='lat' dir='ltr'>se</span> <span class='ocrx_word' id='word_1_58' title='bbox 2231 1157 2348 1202; x_wconf 89' lang='lat' dir='ltr'>ne-</span> 
     </span>
     <span class='ocr_line' id='line_1_10' title="bbox 478 1223 2348 1309; baseline -0.002 -18"><span class='ocrx_word' id='word_1_59' title='bbox 478 1235 533 1306; x_wconf 88' lang='lat' dir='ltr'>t,</span> <span class='ocrx_word' id='word_1_60' title='bbox 590 1224 912 1309; x_wconf 83' lang='lat' dir='ltr'>quemodo</span> <span class='ocrx_word' id='word_1_61' title='bbox 956 1246 1110 1289; x_wconf 89' lang='lat' dir='ltr'>eum</span> <span class='ocrx_word' id='word_1_62' title='bbox 1152 1224 1533 1289; x_wconf 87' lang='lat' dir='ltr'>labefactari</span> <span class='ocrx_word' id='word_1_63' title='bbox 1577 1232 1640 1289; x_wconf 85' lang='lat' dir='ltr'>et</span> <span class='ocrx_word' id='word_1_64' title='bbox 1687 1223 1931 1289; x_wconf 79' lang='lat' dir='ltr'>destrui</span> <span class='ocrx_word' id='word_1_65' title='bbox 1980 1245 2097 1306; x_wconf 90' lang='lat' dir='ltr'>pro</span> <span class='ocrx_word' id='word_1_66' title='bbox 2141 1223 2348 1288; x_wconf 88' lang='lat' dir='ltr'>nihilo</span> 
     </span>
     <span class='ocr_line' id='line_1_11' title="bbox 434 1307 2348 1394; baseline -0.003 -16"><span class='ocrx_word' id='word_1_67' title='bbox 434 1311 699 1378; x_wconf 84' lang='lat' dir='ltr'>uceret?</span> <span class='ocrx_word' id='word_1_68' title='bbox 790 1308 923 1391; x_wconf 81' lang='lat' dir='ltr'>Qui</span> <span class='ocrx_word' id='word_1_69' title='bbox 969 1309 1462 1393; x_wconf 80' lang='lat' dir='ltr'>dissipationem</span> <span class='ocrx_word' id='word_1_70' title='bbox 1501 1310 1760 1394; x_wconf 90' lang='lat' dir='ltr'>populis</span> <span class='ocrx_word' id='word_1_71' title='bbox 1804 1310 2123 1388; x_wconf 88' lang='lat' dir='ltr'>omnibus,</span> <span class='ocrx_word' id='word_1_72' title='bbox 2173 1307 2348 1392; x_wconf 89' lang='lat' dir='ltr'>apud</span> 
     </span>
     <span class='ocr_line' id='line_1_12' title="bbox 390 1395 2346 1481; baseline -0.002 -19"><span class='ocrx_word' id='word_1_73' title='bbox 390 1419 549 1480; x_wconf 89' lang='lat' dir='ltr'>quos</span> <span class='ocrx_word' id='word_1_74' title='bbox 587 1397 896 1463; x_wconf 88' lang='lat' dir='ltr'>defecerit</span> <span class='ocrx_word' id='word_1_75' title='bbox 927 1396 1287 1481; x_wconf 81' lang='lat' dir='ltr'>prophetia,</span> <span class='ocrx_word' id='word_1_76' title='bbox 1332 1396 1641 1475; x_wconf 87' lang='lat' dir='ltr'>minatur,</span> <span class='ocrx_word' id='word_1_77' title='bbox 1685 1395 2010 1479; x_wconf 92' lang='lat' dir='ltr'>quomodo</span> <span class='ocrx_word' id='word_1_78' title='bbox 2046 1403 2346 1479; x_wconf 91' lang='lat' dir='ltr'>apertum</span> 
     </span>
     <span class='ocr_line' id='line_1_13' title="bbox 390 1481 2349 1565; baseline -0.002 -15"><span class='ocrx_word' id='word_1_79' title='bbox 390 1491 456 1550; x_wconf 88' lang='lat' dir='ltr'>et</span> <span class='ocrx_word' id='word_1_80' title='bbox 498 1491 947 1550; x_wconf 74' lang='lat' dir='ltr'>contumacem</span> <span class='ocrx_word' id='word_1_81' title='bbox 987 1482 1484 1565; x_wconf 83' lang='lat' dir='ltr'>prophetiarum</span> <span class='ocrx_word' id='word_1_82' title='bbox 1519 1488 1972 1565; x_wconf 85' lang='lat' dir='ltr'>contemptum</span> <span class='ocrx_word' id='word_1_83' title='bbox 2012 1481 2187 1545; x_wconf 87' lang='lat' dir='ltr'>inter</span> <span class='ocrx_word' id='word_1_84' title='bbox 2228 1501 2349 1546; x_wconf 91' lang='lat' dir='ltr'>nos</span> 
     </span>
     <span class='ocr_line' id='line_1_14' title="bbox 391 1565 2347 1653; baseline -0.002 -20"><span class='ocrx_word' id='word_1_85' title='bbox 391 1570 793 1653; x_wconf 87' lang='lat' dir='ltr'>impunitum</span> <span class='ocrx_word' id='word_1_86' title='bbox 852 1566 1140 1634; x_wconf 84' lang='lat' dir='ltr'>sineret?</span> <span class='ocrx_word' id='word_1_87' title='bbox 1233 1565 1365 1648; x_wconf 80' lang='lat' dir='ltr'>Qui</span> <span class='ocrx_word' id='word_1_88' title='bbox 1419 1566 1630 1634; x_wconf 81' lang='lat' dir='ltr'>levem</span> <span class='ocrx_word' id='word_1_89' title='bbox 1700 1588 1941 1633; x_wconf 88' lang='lat' dir='ltr'>coenae</span> <span class='ocrx_word' id='word_1_90' title='bbox 1995 1587 2153 1632; x_wconf 88' lang='lat' dir='ltr'>suae</span> <span class='ocrx_word' id='word_1_91' title='bbox 2205 1586 2347 1629; x_wconf 88' lang='lat' dir='ltr'>ma-</span> 
     </span>
     <span class='ocr_line' id='line_1_15' title="bbox 390 1650 2346 1735; baseline -0.003 -15"><span class='ocrx_word' id='word_1_92' title='bbox 390 1655 605 1720; x_wconf 88' lang='lat' dir='ltr'>culam</span> <span class='ocrx_word' id='word_1_93' title='bbox 651 1663 786 1719; x_wconf 87' lang='lat' dir='ltr'>tam</span> <span class='ocrx_word' id='word_1_94' title='bbox 824 1675 1051 1720; x_wconf 82' lang='lat' dir='ltr'>severe</span> <span class='ocrx_word' id='word_1_95' title='bbox 1090 1652 1448 1719; x_wconf 77' lang='lat' dir='ltr'>vindicavit</span> <span class='ocrx_word' id='word_1_96' title='bbox 1477 1653 1551 1717; x_wconf 89' lang='lat' dir='ltr'>in</span> <span class='ocrx_word' id='word_1_97' title='bbox 1586 1652 1976 1730; x_wconf 83' lang='lat' dir='ltr'>Corinthiis,</span> <span class='ocrx_word' id='word_1_98' title='bbox 2023 1650 2346 1735; x_wconf 91' lang='lat' dir='ltr'>quomodo</span> 
     </span>
     <span class='ocr_line' id='line_1_16' title="bbox 389 1738 2346 1824; baseline -0.002 -20"><span class='ocrx_word' id='word_1_99' title='bbox 389 1740 575 1806; x_wconf 90' lang='lat' dir='ltr'>nobis</span> <span class='ocrx_word' id='word_1_100' title='bbox 617 1746 951 1824; x_wconf 75' lang='lat' dir='ltr'>parceret,</span> <span class='ocrx_word' id='word_1_101' title='bbox 1015 1739 1073 1803; x_wconf 91' lang='lat' dir='ltr'>si</span> <span class='ocrx_word' id='word_1_102' title='bbox 1116 1759 1260 1803; x_wconf 86' lang='lat' dir='ltr'>eam</span> <span class='ocrx_word' id='word_1_103' title='bbox 1305 1745 1405 1804; x_wconf 91' lang='lat' dir='ltr'>tot</span> <span class='ocrx_word' id='word_1_104' title='bbox 1447 1738 1749 1804; x_wconf 83' lang='lat' dir='ltr'>nefandis</span> <span class='ocrx_word' id='word_1_105' title='bbox 1794 1738 2152 1821; x_wconf 90' lang='lat' dir='ltr'>sacrilegiis</span> <span class='ocrx_word' id='word_1_106' title='bbox 2192 1757 2346 1801; x_wconf 92' lang='lat' dir='ltr'>con-</span> 
     </span>
     <span class='ocr_line' id='line_1_17' title="bbox 391 1822 2347 1909; baseline -0.002 -18"><span class='ocrx_word' id='word_1_107' title='bbox 391 1848 702 1909; x_wconf 88' lang='lat' dir='ltr'>spurcare</span> <span class='ocrx_word' id='word_1_108' title='bbox 745 1823 1128 1909; x_wconf 77' lang='lat' dir='ltr'>pergimus?</span> <span class='ocrx_word' id='word_1_109' title='bbox 1204 1822 1335 1906; x_wconf 76' lang='lat' dir='ltr'>Qui</span> <span class='ocrx_word' id='word_1_110' title='bbox 1379 1825 1853 1908; x_wconf 87' lang='lat' dir='ltr'>prophetarum</span> <span class='ocrx_word' id='word_1_111' title='bbox 1896 1823 2190 1889; x_wconf 89' lang='lat' dir='ltr'>omnium</span> <span class='ocrx_word' id='word_1_112' title='bbox 2234 1843 2347 1887; x_wconf 90' lang='lat' dir='ltr'>ore</span> 
     </span>
     <span class='ocr_line' id='line_1_18' title="bbox 390 1909 2349 1979; baseline -0.002 -3"><span class='ocrx_word' id='word_1_113' title='bbox 390 1911 473 1976; x_wconf 89' lang='lat' dir='ltr'>ad</span> <span class='ocrx_word' id='word_1_114' title='bbox 517 1910 958 1979; x_wconf 86' lang='lat' dir='ltr'>ulciscendam</span> <span class='ocrx_word' id='word_1_115' title='bbox 998 1909 1436 1975; x_wconf 85' lang='lat' dir='ltr'>idololatriam</span> <span class='ocrx_word' id='word_1_116' title='bbox 1482 1917 1812 1975; x_wconf 88' lang='lat' dir='ltr'>armatum</span> <span class='ocrx_word' id='word_1_117' title='bbox 1847 1930 1916 1974; x_wconf 93' lang='lat' dir='ltr'>se</span> <span class='ocrx_word' id='word_1_118' title='bbox 1960 1909 2349 1974; x_wconf 88' lang='lat' dir='ltr'>testificatur</span> 
     </span>
     <span class='ocr_line' id='line_1_19' title="bbox 390 1994 2346 2080; baseline -0.003 -17"><span class='ocrx_word' id='word_1_119' title='bbox 390 2003 458 2063; x_wconf 88' lang='lat' dir='ltr'>et</span> <span class='ocrx_word' id='word_1_120' title='bbox 501 1997 821 2077; x_wconf 85' lang='lat' dir='ltr'>clamitat,</span> <span class='ocrx_word' id='word_1_121' title='bbox 880 2002 984 2060; x_wconf 92' lang='lat' dir='ltr'>tot</span> <span class='ocrx_word' id='word_1_122' title='bbox 1036 1994 1443 2061; x_wconf 87' lang='lat' dir='ltr'>idololatriae</span> <span class='ocrx_word' id='word_1_123' title='bbox 1494 2001 1800 2080; x_wconf 89' lang='lat' dir='ltr'>portenta</span> <span class='ocrx_word' id='word_1_124' title='bbox 1857 2015 1941 2059; x_wconf 91' lang='lat' dir='ltr'>an</span> <span class='ocrx_word' id='word_1_125' title='bbox 1984 1996 2234 2059; x_wconf 87' lang='lat' dir='ltr'>intacta</span> <span class='ocrx_word' id='word_1_126' title='bbox 2275 1994 2346 2058; x_wconf 92' lang='lat' dir='ltr'>in</span> 
     </span>
     <span class='ocr_line' id='line_1_20' title="bbox 388 2077 2344 2167; baseline -0.002 -19"><span class='ocrx_word' id='word_1_127' title='bbox 388 2083 574 2149; x_wconf 92' lang='lat' dir='ltr'>nobis</span> <span class='ocrx_word' id='word_1_128' title='bbox 632 2081 1077 2167; x_wconf 83' lang='lat' dir='ltr'>relinqueret?</span> <span class='ocrx_word' id='word_1_129' title='bbox 1176 2082 1270 2146; x_wconf 87' lang='lat' dir='ltr'>Et</span> <span class='ocrx_word' id='word_1_130' title='bbox 1323 2089 1496 2146; x_wconf 90' lang='lat' dir='ltr'>certe</span> <span class='ocrx_word' id='word_1_131' title='bbox 1551 2103 1686 2146; x_wconf 95' lang='lat' dir='ltr'>non</span> <span class='ocrx_word' id='word_1_132' title='bbox 1749 2079 2092 2162; x_wconf 84' lang='lat' dir='ltr'>relinquit:</span> <span class='ocrx_word' id='word_1_133' title='bbox 2165 2077 2344 2145; x_wconf 83' lang='lat' dir='ltr'>vide-</span> 
     </span>
     <span class='ocr_line' id='line_1_21' title="bbox 387 2167 2346 2249; baseline -0.002 -17"><span class='ocrx_word' id='word_1_134' title='bbox 387 2191 536 2234; x_wconf 86' lang='lat' dir='ltr'>mus</span> <span class='ocrx_word' id='word_1_135' title='bbox 601 2170 812 2247; x_wconf 91' lang='lat' dir='ltr'>enim‚</span> <span class='ocrx_word' id='word_1_136' title='bbox 888 2175 965 2233; x_wconf 90' lang='lat' dir='ltr'>ut</span> <span class='ocrx_word' id='word_1_137' title='bbox 1028 2188 1150 2232; x_wconf 87' lang='lat' dir='ltr'>nos</span> <span class='ocrx_word' id='word_1_138' title='bbox 1214 2188 1298 2232; x_wconf 92' lang='lat' dir='ltr'>ur</span> <span class='ocrx_word' id='word_1_139' title='bbox 1345 2175 1453 2232; x_wconf 89' lang='lat' dir='ltr'>eat</span> <span class='ocrx_word' id='word_1_140' title='bbox 1517 2173 1586 2230; x_wconf 90' lang='lat' dir='ltr'>et</span> <span class='ocrx_word' id='word_1_141' title='bbox 1645 2167 2030 2249; x_wconf 86' lang='lat' dir='ltr'>insequatur</span> <span class='ocrx_word' id='word_1_142' title='bbox 2093 2171 2346 2230; x_wconf 84' lang='lat' dir='ltr'>armata</span> 
     </span>
     <span class='ocr_line' id='line_1_22' title="bbox 387 2250 2344 2320; baseline -0.002 -1"><span class='ocrx_word' id='word_1_143' title='bbox 387 2276 609 2319; x_wconf 86' lang='lat' dir='ltr'>manu.</span> <span class='ocrx_word' id='word_1_144' title='bbox 682 2254 1033 2320; x_wconf 78' lang='lat' dir='ltr'>Turcicum</span> <span class='ocrx_word' id='word_1_145' title='bbox 1077 2274 1256 2317; x_wconf 93' lang='lat' dir='ltr'>nunc</span> <span class='ocrx_word' id='word_1_146' title='bbox 1380 2250 1549 2316; x_wconf 92' lang='lat' dir='ltr'>llum</span> <span class='ocrx_word' id='word_1_147' title='bbox 1592 2251 1886 2317; x_wconf 87' lang='lat' dir='ltr'>omnium</span> <span class='ocrx_word' id='word_1_148' title='bbox 1931 2251 2000 2315; x_wconf 91' lang='lat' dir='ltr'>in</span> <span class='ocrx_word' id='word_1_149' title='bbox 2043 2272 2115 2315; x_wconf 92' lang='lat' dir='ltr'>se</span> <span class='ocrx_word' id='word_1_150' title='bbox 2159 2271 2344 2315; x_wconf 87' lang='lat' dir='ltr'>men·</span> 
     </span>
     <span class='ocr_line' id='line_1_23' title="bbox 387 2335 2345 2421; baseline -0.004 -15"><span class='ocrx_word' id='word_1_151' title='bbox 387 2345 487 2406; x_wconf 88' lang='lat' dir='ltr'>tes</span> <span class='ocrx_word' id='word_1_152' title='bbox 530 2341 873 2418; x_wconf 81' lang='lat' dir='ltr'>convertit,</span> <span class='ocrx_word' id='word_1_153' title='bbox 919 2358 994 2403; x_wconf 92' lang='lat' dir='ltr'>ac</span> <span class='ocrx_word' id='word_1_154' title='bbox 1023 2335 1454 2420; x_wconf 87' lang='lat' dir='ltr'>trepidatione</span> <span class='ocrx_word' id='word_1_155' title='bbox 1494 2336 1742 2421; x_wconf 87' lang='lat' dir='ltr'>implet.</span> <span class='ocrx_word' id='word_1_156' title='bbox 1809 2336 2052 2401; x_wconf 85' lang='lat' dir='ltr'>Merito</span> <span class='ocrx_word' id='word_1_157' title='bbox 2094 2335 2161 2400; x_wconf 92' lang='lat' dir='ltr'>id</span> <span class='ocrx_word' id='word_1_158' title='bbox 2200 2337 2345 2419; x_wconf 91' lang='lat' dir='ltr'>qui-</span> 
     </span>
     <span class='ocr_line' id='line_1_24' title="bbox 389 2420 2345 2505; baseline -0.002 -15"><span class='ocrx_word' id='word_1_159' title='bbox 389 2425 556 2491; x_wconf 90' lang='lat' dir='ltr'>dem.</span> <span class='ocrx_word' id='word_1_160' title='bbox 647 2426 750 2490; x_wconf 92' lang='lat' dir='ltr'>De</span> <span class='ocrx_word' id='word_1_161' title='bbox 821 2445 964 2491; x_wconf 93' lang='lat' dir='ltr'>com</span> <span class='ocrx_word' id='word_1_162' title='bbox 1012 2422 1279 2488; x_wconf 86' lang='lat' dir='ltr'>arandis</span> <span class='ocrx_word' id='word_1_163' title='bbox 1351 2422 1436 2488; x_wconf 89' lang='lat' dir='ltr'>ad</span> <span class='ocrx_word' id='word_1_164' title='bbox 1503 2421 1945 2489; x_wconf 90' lang='lat' dir='ltr'>resistendum</span> <span class='ocrx_word' id='word_1_165' title='bbox 2001 2420 2345 2505; x_wconf 88' lang='lat' dir='ltr'>praesidiis</span> 
     </span>
     <span class='ocr_line' id='line_1_25' title="bbox 383 2445 2339 2592; baseline -0.002 -16"><span class='ocrx_word' id='word_1_166' title='bbox 383 2511 818 2577; x_wconf 85' lang='lat' dir='ltr'>consultatur.</span> <span class='ocrx_word' id='word_1_167' title='bbox 906 2445 1009 2573; x_wconf 67' lang='lat' dir='ltr'>ItiJ</span> <span class='ocrx_word' id='word_1_168' title='bbox 1030 2529 1285 2591; x_wconf 90' lang='lat' dir='ltr'>quoque</span> <span class='ocrx_word' id='word_1_169' title='bbox 1323 2507 1682 2592; x_wconf 86' lang='lat' dir='ltr'>prudenter</span> <span class='ocrx_word' id='word_1_170' title='bbox 1716 2510 1795 2573; x_wconf 89' lang='lat' dir='ltr'>fit</span> <span class='ocrx_word' id='word_1_171' title='bbox 1837 2529 1913 2573; x_wconf 87' lang='lat' dir='ltr'>ac</span> <span class='ocrx_word' id='word_1_172' title='bbox 1953 2507 2339 2574; x_wconf 89' lang='lat' dir='ltr'>necessario.</span> 
     </span>
     <span class='ocr_line' id='line_1_26' title="bbox 381 2593 2337 2679; baseline -0.002 -18"><span class='ocrx_word' id='word_1_173' title='bbox 381 2596 838 2661; x_wconf 83' lang='lat' dir='ltr'>Festinatione</span> <span class='ocrx_word' id='word_1_174' title='bbox 881 2615 1017 2659; x_wconf 93' lang='lat' dir='ltr'>non</span> <span class='ocrx_word' id='word_1_175' title='bbox 1057 2593 1320 2679; x_wconf 82' lang='lat' dir='ltr'>vulgari</span> <span class='ocrx_word' id='word_1_176' title='bbox 1365 2615 1528 2677; x_wconf 91' lang='lat' dir='ltr'>opus</span> <span class='ocrx_word' id='word_1_177' title='bbox 1574 2614 1718 2660; x_wconf 91' lang='lat' dir='ltr'>esse</span> <span class='ocrx_word' id='word_1_178' title='bbox 1763 2593 2050 2659; x_wconf 88' lang='lat' dir='ltr'>clamant</span> <span class='ocrx_word' id='word_1_179' title='bbox 2092 2613 2337 2658; x_wconf 90' lang='lat' dir='ltr'>omnes.</span> 
     </span>
     <span class='ocr_line' id='line_1_27' title="bbox 382 2680 2343 2764; baseline -0.001 -19"><span class='ocrx_word' id='word_1_180' title='bbox 382 2681 632 2745; x_wconf 86' lang='lat' dir='ltr'>Fateor</span> <span class='ocrx_word' id='word_1_181' title='bbox 686 2681 960 2746; x_wconf 90' lang='lat' dir='ltr'>nimiam</span> <span class='ocrx_word' id='word_1_182' title='bbox 1023 2700 1165 2745; x_wconf 92' lang='lat' dir='ltr'>esse</span> <span class='ocrx_word' id='word_1_183' title='bbox 1227 2700 1365 2745; x_wconf 92' lang='lat' dir='ltr'>non</span> <span class='ocrx_word' id='word_1_184' title='bbox 1417 2701 1638 2764; x_wconf 90' lang='lat' dir='ltr'>posse,</span> <span class='ocrx_word' id='word_1_185' title='bbox 1709 2680 1901 2745; x_wconf 91' lang='lat' dir='ltr'>modo</span> <span class='ocrx_word' id='word_1_186' title='bbox 1956 2701 2043 2744; x_wconf 91' lang='lat' dir='ltr'>ne</span> <span class='ocrx_word' id='word_1_187' title='bbox 2089 2680 2343 2744; x_wconf 88' lang='lat' dir='ltr'>interea</span> 
     </span>
     <span class='ocr_line' id='line_1_28' title="bbox 381 2764 2338 2844; baseline -0.001 -14"><span class='ocrx_word' id='word_1_188' title='bbox 381 2766 831 2832; x_wconf 84' lang='lat' dir='ltr'>restituendae</span> <span class='ocrx_word' id='word_1_189' title='bbox 885 2766 960 2830; x_wconf 89' lang='lat' dir='ltr'>in</span> <span class='ocrx_word' id='word_1_190' title='bbox 1004 2786 1200 2832; x_wconf 91' lang='lat' dir='ltr'>suum</span> <span class='ocrx_word' id='word_1_191' title='bbox 1258 2771 1505 2831; x_wconf 87' lang='lat' dir='ltr'>statum</span> <span class='ocrx_word' id='word_1_192' title='bbox 1561 2765 1871 2832; x_wconf 89' lang='lat' dir='ltr'>ecclesiae</span> <span class='ocrx_word' id='word_1_193' title='bbox 1927 2764 2338 2844; x_wconf 81' lang='lat' dir='ltr'>consultatio,</span> 
     </span>
     <span class='ocr_line' id='line_1_29' title="bbox 381 2849 2342 2936; baseline -0.001 -20"><span class='ocrx_word' id='word_1_194' title='bbox 381 2871 553 2934; x_wconf 87' lang='lat' dir='ltr'>quae</span> <span class='ocrx_word' id='word_1_195' title='bbox 594 2852 810 2935; x_wconf 89' lang='lat' dir='ltr'>prima</span> <span class='ocrx_word' id='word_1_196' title='bbox 853 2872 997 2917; x_wconf 90' lang='lat' dir='ltr'>esse</span> <span class='ocrx_word' id='word_1_197' title='bbox 1039 2850 1258 2931; x_wconf 87' lang='lat' dir='ltr'>debet,</span> <span class='ocrx_word' id='word_1_198' title='bbox 1304 2850 1413 2917; x_wconf 81' lang='lat' dir='ltr'>vel</span> <span class='ocrx_word' id='word_1_199' title='bbox 1455 2851 1829 2936; x_wconf 89' lang='lat' dir='ltr'>negligatur</span> <span class='ocrx_word' id='word_1_200' title='bbox 1845 2902 1861 2930; x_wconf 89' lang='lat'>‚</span> <span class='ocrx_word' id='word_1_201' title='bbox 1908 2851 2014 2915; x_wconf 85' lang='lat' dir='ltr'>vel</span> <span class='ocrx_word' id='word_1_202' title='bbox 2052 2849 2342 2915; x_wconf 88' lang='lat' dir='ltr'>retarde-</span> 
     </span>
     <span class='ocr_line' id='line_1_30' title="bbox 381 2936 2339 3019; baseline -0.001 -19"><span class='ocrx_word' id='word_1_203' title='bbox 381 2945 511 3002; x_wconf 88' lang='lat' dir='ltr'>tur.</span> <span class='ocrx_word' id='word_1_204' title='bbox 600 2937 764 3003; x_wconf 89' lang='lat' dir='ltr'>Plus</span> <span class='ocrx_word' id='word_1_205' title='bbox 808 2936 988 3002; x_wconf 83' lang='lat' dir='ltr'>enim</span> <span class='ocrx_word' id='word_1_206' title='bbox 1053 2937 1213 3003; x_wconf 87' lang='lat' dir='ltr'>satis</span> <span class='ocrx_word' id='word_1_207' title='bbox 1278 2957 1615 3002; x_wconf 90' lang='lat' dir='ltr'>morarum</span> <span class='ocrx_word' id='word_1_208' title='bbox 1678 2936 2144 3019; x_wconf 89' lang='lat' dir='ltr'>interpositum</span> <span class='ocrx_word' id='word_1_209' title='bbox 2209 2937 2339 3000; x_wconf 89' lang='lat' dir='ltr'>iam</span> 
     </span>
     <span class='ocr_line' id='line_1_31' title="bbox 379 3020 2343 3104; baseline -0.001 -17"><span class='ocrx_word' id='word_1_210' title='bbox 379 3022 526 3087; x_wconf 81' lang='lat' dir='ltr'>fuit..</span> <span class='ocrx_word' id='word_1_211' title='bbox 613 3022 809 3088; x_wconf 90' lang='lat' dir='ltr'>Intus</span> <span class='ocrx_word' id='word_1_212' title='bbox 863 3029 994 3104; x_wconf 87' lang='lat' dir='ltr'>est,</span> <span class='ocrx_word' id='word_1_213' title='bbox 1048 3023 1118 3087; x_wconf 92' lang='lat' dir='ltr'>in</span> <span class='ocrx_word' id='word_1_214' title='bbox 1176 3022 1542 3089; x_wconf 82' lang='lat' dir='ltr'>visceribus</span> <span class='ocrx_word' id='word_1_215' title='bbox 1596 3023 1840 3088; x_wconf 88' lang='lat' dir='ltr'>nostris</span> <span class='ocrx_word' id='word_1_216' title='bbox 1889 3021 2145 3091; x_wconf 91' lang='lat' dir='ltr'>inclusa</span> <span class='ocrx_word' id='word_1_217' title='bbox 2188 3020 2343 3087; x_wconf 89' lang='lat' dir='ltr'>belli</span> 
     </span>
     <span class='ocr_line' id='line_1_32' title="bbox 379 3106 2342 3192; baseline -0.001 -20"><span class='ocrx_word' id='word_1_218' title='bbox 379 3108 616 3175; x_wconf 91' lang='lat' dir='ltr'>turcici</span> <span class='ocrx_word' id='word_1_219' title='bbox 659 3109 951 3174; x_wconf 89' lang='lat' dir='ltr'>materia.</span> <span class='ocrx_word' id='word_1_220' title='bbox 1042 3108 1215 3173; x_wconf 83' lang='lat' dir='ltr'>Eam</span> <span class='ocrx_word' id='word_1_221' title='bbox 1267 3108 1593 3192; x_wconf 88' lang='lat' dir='ltr'>imprimis</span> <span class='ocrx_word' id='word_1_222' title='bbox 1651 3108 1902 3173; x_wconf 64' lang='lat' dir='ltr'>tollere·</span> <span class='ocrx_word' id='word_1_223' title='bbox 1937 3113 2224 3191; x_wconf 88' lang='lat' dir='ltr'>oportet,</span> <span class='ocrx_word' id='word_1_224' title='bbox 2284 3106 2342 3171; x_wconf 90' lang='lat' dir='ltr'>si</span> 
     </span>
     <span class='ocr_line' id='line_1_33' title="bbox 376 3191 2340 3278; baseline -0.001 -19"><span class='ocrx_word' id='word_1_225' title='bbox 376 3191 630 3259; x_wconf 88' lang='lat' dir='ltr'>bellum</span> <span class='ocrx_word' id='word_1_226' title='bbox 650 3195 867 3277; x_wconf 91' lang='lat' dir='ltr'>ipsum</span> <span class='ocrx_word' id='word_1_227' title='bbox 899 3192 1180 3259; x_wconf 83' lang='lat' dir='ltr'>feliciter</span> <span class='ocrx_word' id='word_1_228' title='bbox 1224 3197 1373 3273; x_wconf 79' lang='lat' dir='ltr'>[pag.</span> <span class='ocrx_word' id='word_1_229' title='bbox 1417 3208 1443 3257; x_wconf 91' lang='lat'>1</span> <span class='ocrx_word' id='word_1_230' title='bbox 1457 3198 1565 3273; x_wconf 83' lang='lat'>41]</span> <span class='ocrx_word' id='word_1_231' title='bbox 1600 3193 1985 3278; x_wconf 87' lang='lat' dir='ltr'>propulsare</span> <span class='ocrx_word' id='word_1_232' title='bbox 2023 3193 2340 3277; x_wconf 77' lang='lat' dir='ltr'>cupimuS.</span> 
     </span>
     <span class='ocr_line' id='line_1_34' title="bbox 556 3276 2342 3361; baseline -0.001 -17"><span class='ocrx_word' id='word_1_233' title='bbox 556 3276 1003 3360; x_wconf 77' lang='lat' dir='ltr'>Quamobrem</span> <span class='ocrx_word' id='word_1_234' title='bbox 1113 3280 1320 3344; x_wconf 89' lang='lat' dir='ltr'>uoties</span> <span class='ocrx_word' id='word_1_235' title='bbox 1384 3278 1571 3345; x_wconf 83' lang='lat' dir='ltr'>vobis</span> <span class='ocrx_word' id='word_1_236' title='bbox 1646 3278 1921 3361; x_wconf 89' lang='lat' dir='ltr'>posthac</span> <span class='ocrx_word' id='word_1_237' title='bbox 1985 3277 2148 3344; x_wconf 87' lang='lat' dir='ltr'>haec</span> <span class='ocrx_word' id='word_1_238' title='bbox 2214 3299 2342 3344; x_wconf 82' lang='lat' dir='ltr'>vox</span> 
     </span>
     <span class='ocr_line' id='line_1_35' title="bbox 375 3362 2345 3447; baseline -0.001 -18"><span class='ocrx_word' id='word_1_239' title='bbox 375 3365 737 3443; x_wconf 90' lang='lat' dir='ltr'>occinetur,</span> <span class='ocrx_word' id='word_1_240' title='bbox 784 3363 1062 3428; x_wconf 85' lang='lat' dir='ltr'>differen</span> <span class='ocrx_word' id='word_1_241' title='bbox 1109 3385 1221 3429; x_wconf 91' lang='lat' dir='ltr'>um</span> <span class='ocrx_word' id='word_1_242' title='bbox 1254 3364 1328 3429; x_wconf 90' lang='lat' dir='ltr'>in</span> <span class='ocrx_word' id='word_1_243' title='bbox 1369 3383 1679 3447; x_wconf 87' lang='lat' dir='ltr'>praesens</span> <span class='ocrx_word' id='word_1_244' title='bbox 1715 3385 1857 3429; x_wconf 91' lang='lat' dir='ltr'>esse</span> <span class='ocrx_word' id='word_1_245' title='bbox 1892 3362 2345 3429; x_wconf 82' lang='lat' dir='ltr'>reformandae</span> 
     </span>
     <span class='ocr_line' id='line_1_36' title="bbox 372 3449 2346 3534; baseline -0.001 -19"><span class='ocrx_word' id='word_1_246' title='bbox 372 3449 691 3516; x_wconf 83' lang='lat' dir='ltr'>ecclesiae</span> <span class='ocrx_word' id='word_1_247' title='bbox 726 3449 1096 3534; x_wconf 81' lang='lat' dir='ltr'>negotium3</span> <span class='ocrx_word' id='word_1_248' title='bbox 1139 3449 1295 3529; x_wconf 86' lang='lat' dir='ltr'>fore,</span> <span class='ocrx_word' id='word_1_249' title='bbox 1342 3449 1487 3515; x_wconf 90' lang='lat' dir='ltr'>aliis</span> <span class='ocrx_word' id='word_1_250' title='bbox 1523 3450 1892 3528; x_wconf 86' lang='lat' dir='ltr'>transactis,</span> <span class='ocrx_word' id='word_1_251' title='bbox 1938 3450 2097 3516; x_wconf 91' lang='lat' dir='ltr'>satis</span> <span class='ocrx_word' id='word_1_252' title='bbox 2132 3455 2346 3515; x_wconf 90' lang='lat' dir='ltr'>matu-</span> 
     </span>
    </p>
   </div>
   <div class='ocr_carea' id='block_1_3' title="bbox 1743 351 3056 420">
    <p class='ocr_par' dir='ltr' id='par_1_3' title="bbox 1743 351 3056 420">
     <span class='ocr_line' id='line_1_37' title="bbox 1743 351 3056 420; baseline 0.002 -6"><span class='ocrx_word' id='word_1_253' title='bbox 1743 351 2466 419; x_wconf 73' lang='lat' dir='ltr'><strong>REFORMANDAE</strong></span> <span class='ocrx_word' id='word_1_254' title='bbox 2512 351 3056 420; x_wconf 79' lang='lat' dir='ltr'>ECOLESIAE.</span> 
     </span>
    </p>
   </div>
   <div class='ocr_carea' id='block_1_4' title="bbox 2390 549 2414 3533">
    <p class='ocr_par' dir='ltr' id='par_1_4' title="bbox 2390 549 2414 3533">
     <span class='ocr_line' id='line_1_38' title="bbox 2390 549 2414 3533; baseline 0 0"><span class='ocrx_word' id='word_1_255' title='bbox 2390 549 2414 3533; x_wconf 95' lang='lat' dir='ltr'> </span> 
     </span>
    </p>
   </div>
   <div class='ocr_carea' id='block_1_5' title="bbox 4291 363 4419 424">
    <p class='ocr_par' dir='ltr' id='par_1_5' title="bbox 4291 363 4419 424">
     <span class='ocr_line' id='line_1_39' title="bbox 4291 363 4419 424; baseline 0.016 -2"><span class='ocrx_word' id='word_1_256' title='bbox 4291 363 4419 424; x_wconf 77' lang='lat'>534</span> 
     </span>
    </p>
   </div>
   <div class='ocr_carea' id='block_1_6' title="bbox 2444 541 4419 2935">
    <p class='ocr_par' dir='ltr' id='par_1_6' title="bbox 2444 541 4419 2935">
     <span class='ocr_line' id='line_1_40' title="bbox 2455 541 4419 629; baseline 0.004 -24"><span class='ocrx_word' id='word_1_257' title='bbox 2455 562 2607 605; x_wconf 91' lang='lat' dir='ltr'>rum</span> <span class='ocrx_word' id='word_1_258' title='bbox 2651 541 2791 608; x_wconf 92' lang='lat' dir='ltr'>eius</span> <span class='ocrx_word' id='word_1_259' title='bbox 2833 542 3109 608; x_wconf 86' lang='lat' dir='ltr'>curandi</span> <span class='ocrx_word' id='word_1_260' title='bbox 3152 550 3441 629; x_wconf 88' lang='lat' dir='ltr'>tempus,</span> <span class='ocrx_word' id='word_1_261' title='bbox 3491 542 3570 610; x_wconf 92' lang='lat' dir='ltr'>de</span> <span class='ocrx_word' id='word_1_262' title='bbox 3615 565 3692 609; x_wconf 92' lang='lat' dir='ltr'>eo</span> <span class='ocrx_word' id='word_1_263' title='bbox 3734 545 3943 623; x_wconf 82' lang='lat' dir='ltr'>vobis,</span> <span class='ocrx_word' id='word_1_264' title='bbox 3989 545 4419 614; x_wconf 86' lang='lat' dir='ltr'>invictissime</span> 
     </span>
     <span class='ocr_line' id='line_1_41' title="bbox 2456 626 4415 712; baseline 0.004 -22"><span class='ocrx_word' id='word_1_265' title='bbox 2456 626 2704 692; x_wconf 86' lang='lat' dir='ltr'>Caesar</span> <span class='ocrx_word' id='word_1_266' title='bbox 2802 634 2869 691; x_wconf 91' lang='lat' dir='ltr'>et</span> <span class='ocrx_word' id='word_1_267' title='bbox 2948 627 3380 695; x_wconf 89' lang='lat' dir='ltr'>illustrissimi</span> <span class='ocrx_word' id='word_1_268' title='bbox 3453 629 3828 712; x_wconf 90' lang='lat' dir='ltr'>Principes,</span> <span class='ocrx_word' id='word_1_269' title='bbox 3920 629 4415 697; x_wconf 89' lang='lat' dir='ltr'>deliberandum</span> 
     </span>
     <span class='ocr_line' id='line_1_42' title="bbox 2454 713 4415 802; baseline 0.004 -27"><span class='ocrx_word' id='word_1_270' title='bbox 2454 732 2597 777; x_wconf 91' lang='lat' dir='ltr'>esse</span> <span class='ocrx_word' id='word_1_271' title='bbox 2640 713 3100 793; x_wconf 86' lang='lat' dir='ltr'>memineritis,</span> <span class='ocrx_word' id='word_1_272' title='bbox 3146 714 3583 797; x_wconf 90' lang='lat' dir='ltr'>imperiumne</span> <span class='ocrx_word' id='word_1_273' title='bbox 3628 715 3849 781; x_wconf 83' lang='lat' dir='ltr'>velitis</span> <span class='ocrx_word' id='word_1_274' title='bbox 3888 716 4155 799; x_wconf 80' lang='lat' dir='ltr'>aliquod</span> <span class='ocrx_word' id='word_1_275' title='bbox 4197 725 4415 802; x_wconf 88' lang='lat' dir='ltr'>poste-</span> 
     </span>
     <span class='ocr_line' id='line_1_43' title="bbox 2452 797 4413 886; baseline 0.004 -25"><span class='ocrx_word' id='word_1_276' title='bbox 2452 797 2545 861; x_wconf 90' lang='lat' dir='ltr'>ris</span> <span class='ocrx_word' id='word_1_277' title='bbox 2584 800 2825 863; x_wconf 83' lang='lat' dir='ltr'>vestris</span> <span class='ocrx_word' id='word_1_278' title='bbox 2868 799 3254 882; x_wconf 87' lang='lat' dir='ltr'>relinquere,</span> <span class='ocrx_word' id='word_1_279' title='bbox 3301 820 3390 864; x_wconf 88' lang='lat' dir='ltr'>an</span> <span class='ocrx_word' id='word_1_280' title='bbox 3432 800 3709 867; x_wconf 88' lang='lat' dir='ltr'>nullum.</span> <span class='ocrx_word' id='word_1_281' title='bbox 3800 802 4092 867; x_wconf 74' lang='lat' dir='ltr'>Tametsi</span> <span class='ocrx_word' id='word_1_282' title='bbox 4127 802 4285 886; x_wconf 90' lang='lat' dir='ltr'>quid</span> <span class='ocrx_word' id='word_1_283' title='bbox 4332 803 4413 870; x_wconf 92' lang='lat' dir='ltr'>de</span> 
     </span>
     <span class='ocr_line' id='line_1_44' title="bbox 2451 884 4413 967; baseline 0.005 -21"><span class='ocrx_word' id='word_1_284' title='bbox 2451 884 2833 965; x_wconf 89' lang='lat' dir='ltr'>posteritate</span> <span class='ocrx_word' id='word_1_285' title='bbox 2905 884 3178 967; x_wconf 82' lang='lat' dir='ltr'>loquor?</span> <span class='ocrx_word' id='word_1_286' title='bbox 3266 885 3413 949; x_wconf 86' lang='lat' dir='ltr'>Iam</span> <span class='ocrx_word' id='word_1_287' title='bbox 3480 886 3686 963; x_wconf 87' lang='lat' dir='ltr'>enim,</span> <span class='ocrx_word' id='word_1_288' title='bbox 3759 886 3946 952; x_wconf 81' lang='lat' dir='ltr'>vobis</span> <span class='ocrx_word' id='word_1_289' title='bbox 4019 887 4413 967; x_wconf 86' lang='lat' dir='ltr'>videntibus,</span> 
     </span>
     <span class='ocr_line' id='line_1_45' title="bbox 2452 968 4412 1054; baseline 0.005 -23"><span class='ocrx_word' id='word_1_290' title='bbox 2452 968 2846 1033; x_wconf 91' lang='lat' dir='ltr'>semirutum</span> <span class='ocrx_word' id='word_1_291' title='bbox 2902 968 2984 1034; x_wconf 90' lang='lat' dir='ltr'>ad</span> <span class='ocrx_word' id='word_1_292' title='bbox 3038 969 3341 1035; x_wconf 88' lang='lat' dir='ltr'>ultimam</span> <span class='ocrx_word' id='word_1_293' title='bbox 3397 971 3659 1037; x_wconf 91' lang='lat' dir='ltr'>ruinam</span> <span class='ocrx_word' id='word_1_294' title='bbox 3704 971 3997 1037; x_wconf 88' lang='lat' dir='ltr'>inclinat.</span> <span class='ocrx_word' id='word_1_295' title='bbox 4088 971 4287 1054; x_wconf 78' lang='lat' dir='ltr'>Quod</span> <span class='ocrx_word' id='word_1_296' title='bbox 4330 975 4412 1040; x_wconf 91' lang='lat' dir='ltr'>ad</span> 
     </span>
     <span class='ocr_line' id='line_1_46' title="bbox 2452 1055 4414 1138; baseline 0.004 -21"><span class='ocrx_word' id='word_1_297' title='bbox 2452 1073 2571 1118; x_wconf 91' lang='lat' dir='ltr'>nos</span> <span class='ocrx_word' id='word_1_298' title='bbox 2616 1055 2930 1136; x_wconf 89' lang='lat' dir='ltr'>pertinet:</span> <span class='ocrx_word' id='word_1_299' title='bbox 2978 1061 3313 1138; x_wconf 90' lang='lat' dir='ltr'>utcunque</span> <span class='ocrx_word' id='word_1_300' title='bbox 3360 1076 3463 1122; x_wconf 83' lang='lat' dir='ltr'>res</span> <span class='ocrx_word' id='word_1_301' title='bbox 3512 1057 3836 1134; x_wconf 86' lang='lat' dir='ltr'>reciderit,</span> <span class='ocrx_word' id='word_1_302' title='bbox 3884 1057 4047 1123; x_wconf 90' lang='lat' dir='ltr'>haec</span> <span class='ocrx_word' id='word_1_303' title='bbox 4094 1080 4215 1125; x_wconf 92' lang='lat' dir='ltr'>nos</span> <span class='ocrx_word' id='word_1_304' title='bbox 4258 1078 4414 1124; x_wconf 89' lang='lat' dir='ltr'>con-</span> 
     </span>
     <span class='ocr_line' id='line_1_47' title="bbox 2452 1137 4415 1227; baseline 0.003 -24"><span class='ocrx_word' id='word_1_305' title='bbox 2452 1137 2728 1203; x_wconf 83' lang='lat' dir='ltr'>scientia</span> <span class='ocrx_word' id='word_1_306' title='bbox 2766 1161 3024 1222; x_wconf 90' lang='lat' dir='ltr'>semper</span> <span class='ocrx_word' id='word_1_307' title='bbox 3049 1141 3402 1207; x_wconf 90' lang='lat' dir='ltr'>sustinebit</span> <span class='ocrx_word' id='word_1_308' title='bbox 3441 1142 3510 1205; x_wconf 85' lang='lat' dir='ltr'>in</span> <span class='ocrx_word' id='word_1_309' title='bbox 3534 1143 3676 1216; x_wconf 62' lang='lat' dir='ltr'>Dei,</span> <span class='ocrx_word' id='word_1_310' title='bbox 3709 1152 4082 1227; x_wconf 90' lang='lat' dir='ltr'>conspectu,</span> <span class='ocrx_word' id='word_1_311' title='bbox 4131 1144 4302 1227; x_wconf 85' lang='lat' dir='ltr'>q&#39;uod</span> <span class='ocrx_word' id='word_1_312' title='bbox 4348 1152 4415 1209; x_wconf 91' lang='lat' dir='ltr'>et</span> 
     </span>
     <span class='ocr_line' id='line_1_48' title="bbox 2450 1224 4412 1313; baseline 0.005 -26"><span class='ocrx_word' id='word_1_313' title='bbox 2450 1224 2699 1289; x_wconf 85' lang='lat' dir='ltr'>servire</span> <span class='ocrx_word' id='word_1_314' title='bbox 2745 1226 2884 1291; x_wconf 90' lang='lat' dir='ltr'>eius</span> <span class='ocrx_word' id='word_1_315' title='bbox 2927 1224 3192 1309; x_wconf 86' lang='lat' dir='ltr'>gloriae,</span> <span class='ocrx_word' id='word_1_316' title='bbox 3240 1234 3307 1291; x_wconf 90' lang='lat' dir='ltr'>et</span> <span class='ocrx_word' id='word_1_317' title='bbox 3349 1226 3658 1293; x_wconf 89' lang='lat' dir='ltr'>ecclesiae</span> <span class='ocrx_word' id='word_1_318' title='bbox 3700 1229 3909 1313; x_wconf 89' lang='lat' dir='ltr'>ipsius</span> <span class='ocrx_word' id='word_1_319' title='bbox 3944 1229 4254 1313; x_wconf 90' lang='lat' dir='ltr'>prodesse</span> <span class='ocrx_word' id='word_1_320' title='bbox 4298 1252 4412 1296; x_wconf 83' lang='lat' dir='ltr'>vo-</span> 
     </span>
     <span class='ocr_line' id='line_1_49' title="bbox 2450 1309 4410 1396; baseline 0.004 -23"><span class='ocrx_word' id='word_1_321' title='bbox 2450 1309 2803 1388; x_wconf 75' lang='lat' dir='ltr'>luerimuS,</span> <span class='ocrx_word' id='word_1_322' title='bbox 2859 1310 3033 1394; x_wconf 90' lang='lat' dir='ltr'>quod</span> <span class='ocrx_word' id='word_1_323' title='bbox 3074 1311 3359 1377; x_wconf 88' lang='lat' dir='ltr'>fideliter</span> <span class='ocrx_word' id='word_1_324' title='bbox 3408 1312 3901 1380; x_wconf 89' lang='lat' dir='ltr'>incubuerimus</span> <span class='ocrx_word' id='word_1_325' title='bbox 3942 1314 4013 1379; x_wconf 93' lang='lat' dir='ltr'>in</span> <span class='ocrx_word' id='word_1_326' title='bbox 4058 1336 4207 1380; x_wconf 89' lang='lat' dir='ltr'>eam</span> <span class='ocrx_word' id='word_1_327' title='bbox 4247 1336 4410 1396; x_wconf 91' lang='lat' dir='ltr'>rem,</span> 
     </span>
     <span class='ocr_line' id='line_1_50' title="bbox 2451 1393 4412 1480; baseline 0.004 -22"><span class='ocrx_word' id='word_1_328' title='bbox 2451 1393 2626 1476; x_wconf 93' lang='lat' dir='ltr'>quod</span> <span class='ocrx_word' id='word_1_329' title='bbox 2651 1394 2933 1479; x_wconf 89' lang='lat' dir='ltr'>denique</span> <span class='ocrx_word' id='word_1_330' title='bbox 2955 1397 3299 1462; x_wconf 88' lang='lat' dir='ltr'>fecerimus</span> <span class='ocrx_word' id='word_1_331' title='bbox 3322 1406 3640 1480; x_wconf 90' lang='lat' dir='ltr'>quantum</span> <span class='ocrx_word' id='word_1_332' title='bbox 3677 1401 3748 1463; x_wconf 92' lang='lat' dir='ltr'>in</span> <span class='ocrx_word' id='word_1_333' title='bbox 3782 1399 3970 1465; x_wconf 90' lang='lat' dir='ltr'>nobis</span> <span class='ocrx_word' id='word_1_334' title='bbox 4004 1408 4165 1466; x_wconf 89' lang='lat' dir='ltr'>erat.</span> <span class='ocrx_word' id='word_1_335' title='bbox 4237 1401 4412 1466; x_wconf 88' lang='lat' dir='ltr'>Nam</span> 
     </span>
     <span class='ocr_line' id='line_1_51' title="bbox 2451 1480 4410 1570; baseline 0.004 -25"><span class='ocrx_word' id='word_1_336' title='bbox 2451 1501 2585 1546; x_wconf 88' lang='lat' dir='ltr'>non</span> <span class='ocrx_word' id='word_1_337' title='bbox 2628 1480 2941 1547; x_wconf 91' lang='lat' dir='ltr'>aliorsum</span> <span class='ocrx_word' id='word_1_338' title='bbox 2990 1489 3320 1565; x_wconf 84' lang='lat' dir='ltr'>spectasse</span> <span class='ocrx_word' id='word_1_339' title='bbox 3375 1490 3647 1549; x_wconf 89' lang='lat' dir='ltr'>conatus</span> <span class='ocrx_word' id='word_1_340' title='bbox 3702 1493 3992 1565; x_wconf 90' lang='lat' dir='ltr'>nostros,</span> <span class='ocrx_word' id='word_1_341' title='bbox 4053 1492 4410 1570; x_wconf 87' lang='lat' dir='ltr'>nostraque</span> 
     </span>
     <span class='ocr_line' id='line_1_52' title="bbox 2451 1566 4409 1651; baseline 0.003 -21"><span class='ocrx_word' id='word_1_342' title='bbox 2451 1566 2674 1631; x_wconf 89' lang='lat' dir='ltr'>omnia</span> <span class='ocrx_word' id='word_1_343' title='bbox 2709 1566 2944 1648; x_wconf 87' lang='lat' dir='ltr'>studia,</span> <span class='ocrx_word' id='word_1_344' title='bbox 2990 1568 3113 1651; x_wconf 91' lang='lat' dir='ltr'>ipsi</span> <span class='ocrx_word' id='word_1_345' title='bbox 3150 1568 3435 1651; x_wconf 89' lang='lat' dir='ltr'>primum</span> <span class='ocrx_word' id='word_1_346' title='bbox 3471 1569 3659 1634; x_wconf 91' lang='lat' dir='ltr'>nobis</span> <span class='ocrx_word' id='word_1_347' title='bbox 3696 1591 3921 1637; x_wconf 88' lang='lat' dir='ltr'>sumus</span> <span class='ocrx_word' id='word_1_348' title='bbox 3954 1572 4113 1637; x_wconf 88' lang='lat' dir='ltr'>satis</span> <span class='ocrx_word' id='word_1_349' title='bbox 4150 1574 4409 1649; x_wconf 89' lang='lat' dir='ltr'>conscii,</span> 
     </span>
     <span class='ocr_line' id='line_1_53' title="bbox 2451 1650 4408 1737; baseline 0.004 -22"><span class='ocrx_word' id='word_1_350' title='bbox 2451 1658 2520 1715; x_wconf 93' lang='lat' dir='ltr'>et</span> <span class='ocrx_word' id='word_1_351' title='bbox 2574 1650 2644 1715; x_wconf 90' lang='lat' dir='ltr'>id</span> <span class='ocrx_word' id='word_1_352' title='bbox 2696 1650 3051 1718; x_wconf 91' lang='lat' dir='ltr'>luculentis</span> <span class='ocrx_word' id='word_1_353' title='bbox 3100 1653 3493 1719; x_wconf 88' lang='lat' dir='ltr'>testimoniis</span> <span class='ocrx_word' id='word_1_354' title='bbox 3546 1663 3623 1719; x_wconf 88' lang='lat' dir='ltr'>ut</span> <span class='ocrx_word' id='word_1_355' title='bbox 3678 1662 3991 1721; x_wconf 88' lang='lat' dir='ltr'>testatum</span> <span class='ocrx_word' id='word_1_356' title='bbox 4036 1657 4233 1737; x_wconf 76' lang='lat' dir='ltr'>foret,</span> <span class='ocrx_word' id='word_1_357' title='bbox 4297 1658 4408 1722; x_wconf 92' lang='lat' dir='ltr'>de-</span> 
     </span>
     <span class='ocr_line' id='line_1_54' title="bbox 2451 1733 4408 1823; baseline 0.004 -23"><span class='ocrx_word' id='word_1_358' title='bbox 2451 1733 2666 1802; x_wconf 90' lang='lat' dir='ltr'>dimus</span> <span class='ocrx_word' id='word_1_359' title='bbox 2709 1758 2991 1820; x_wconf 89' lang='lat' dir='ltr'>operam.</span> <span class='ocrx_word' id='word_1_360' title='bbox 3081 1739 3176 1803; x_wconf 87' lang='lat' dir='ltr'>Et</span> <span class='ocrx_word' id='word_1_361' title='bbox 3218 1746 3393 1804; x_wconf 91' lang='lat' dir='ltr'>certe</span> <span class='ocrx_word' id='word_1_362' title='bbox 3446 1760 3651 1823; x_wconf 91' lang='lat' dir='ltr'>quum</span> <span class='ocrx_word' id='word_1_363' title='bbox 3705 1740 3892 1806; x_wconf 91' lang='lat' dir='ltr'>nobis</span> <span class='ocrx_word' id='word_1_364' title='bbox 3935 1750 4220 1821; x_wconf 91' lang='lat' dir='ltr'>constet,</span> <span class='ocrx_word' id='word_1_365' title='bbox 4278 1742 4408 1807; x_wconf 90' lang='lat' dir='ltr'>Dei</span> 
     </span>
     <span class='ocr_line' id='line_1_55' title="bbox 2448 1823 4410 1911; baseline 0.004 -26"><span class='ocrx_word' id='word_1_366' title='bbox 2448 1823 2792 1906; x_wconf 87' lang='lat' dir='ltr'>negotium</span> <span class='ocrx_word' id='word_1_367' title='bbox 2846 1823 2957 1889; x_wconf 91' lang='lat' dir='ltr'>hic</span> <span class='ocrx_word' id='word_1_368' title='bbox 3009 1844 3131 1889; x_wconf 91' lang='lat' dir='ltr'>nos</span> <span class='ocrx_word' id='word_1_369' title='bbox 3184 1832 3251 1889; x_wconf 85' lang='lat' dir='ltr'>et</span> <span class='ocrx_word' id='word_1_370' title='bbox 3305 1845 3536 1890; x_wconf 91' lang='lat' dir='ltr'>curare</span> <span class='ocrx_word' id='word_1_371' title='bbox 3595 1833 3661 1891; x_wconf 89' lang='lat' dir='ltr'>et</span> <span class='ocrx_word' id='word_1_372' title='bbox 3714 1847 3938 1910; x_wconf 89' lang='lat' dir='ltr'>agere,</span> <span class='ocrx_word' id='word_1_373' title='bbox 4010 1828 4230 1911; x_wconf 88' lang='lat' dir='ltr'>ipsum</span> <span class='ocrx_word' id='word_1_374' title='bbox 4285 1827 4410 1892; x_wconf 89' lang='lat' dir='ltr'>sibi</span> 
     </span>
     <span class='ocr_line' id='line_1_56' title="bbox 2449 1907 4407 1991; baseline 0.003 -19"><span class='ocrx_word' id='word_1_375' title='bbox 2449 1909 2757 1991; x_wconf 90' lang='lat' dir='ltr'>operique</span> <span class='ocrx_word' id='word_1_376' title='bbox 2812 1929 2931 1974; x_wconf 91' lang='lat' dir='ltr'>suo</span> <span class='ocrx_word' id='word_1_377' title='bbox 2983 1909 3257 1975; x_wconf 91' lang='lat' dir='ltr'>minime</span> <span class='ocrx_word' id='word_1_378' title='bbox 3312 1907 3692 1976; x_wconf 87' lang='lat' dir='ltr'>defuturum</span> <span class='ocrx_word' id='word_1_379' title='bbox 3738 1911 4148 1978; x_wconf 89' lang='lat' dir='ltr'>confidimus.</span> <span class='ocrx_word' id='word_1_380' title='bbox 4241 1911 4407 1977; x_wconf 84' lang='lat' dir='ltr'>an-</span> 
     </span>
     <span class='ocr_line' id='line_1_57' title="bbox 2449 1994 4408 2081; baseline 0.003 -24"><span class='ocrx_word' id='word_1_381' title='bbox 2449 2000 2684 2080; x_wconf 77' lang='lat' dir='ltr'>terum,</span> <span class='ocrx_word' id='word_1_382' title='bbox 2732 1994 3202 2078; x_wconf 88' lang='lat' dir='ltr'>qualiscunque</span> <span class='ocrx_word' id='word_1_383' title='bbox 3247 1995 3463 2061; x_wconf 84' lang='lat' dir='ltr'>exitus</span> <span class='ocrx_word' id='word_1_384' title='bbox 3507 1996 3661 2074; x_wconf 91' lang='lat' dir='ltr'>erit,</span> <span class='ocrx_word' id='word_1_385' title='bbox 3711 2019 4045 2081; x_wconf 89' lang='lat' dir='ltr'>nunquam</span> <span class='ocrx_word' id='word_1_386' title='bbox 4097 2019 4241 2070; x_wconf 75' lang='lat' dir='ltr'>nos,</span> <span class='ocrx_word' id='word_1_387' title='bbox 4264 2018 4408 2064; x_wconf 88' lang='lat' dir='ltr'>coe-</span> 
     </span>
     <span class='ocr_line' id='line_1_58' title="bbox 2447 2079 4405 2167; baseline 0.003 -25"><span class='ocrx_word' id='word_1_388' title='bbox 2447 2079 2656 2161; x_wconf 88' lang='lat' dir='ltr'>pisse,</span> <span class='ocrx_word' id='word_1_389' title='bbox 2721 2087 2838 2145; x_wconf 90' lang='lat' dir='ltr'>aut</span> <span class='ocrx_word' id='word_1_390' title='bbox 2900 2080 3032 2145; x_wconf 90' lang='lat' dir='ltr'>huc</span> <span class='ocrx_word' id='word_1_391' title='bbox 3099 2099 3306 2163; x_wconf 90' lang='lat' dir='ltr'>usque</span> <span class='ocrx_word' id='word_1_392' title='bbox 3422 2101 3757 2166; x_wconf 86' lang='lat' dir='ltr'>rogressos</span> <span class='ocrx_word' id='word_1_393' title='bbox 3816 2104 3962 2148; x_wconf 90' lang='lat' dir='ltr'>esse</span> <span class='ocrx_word' id='word_1_394' title='bbox 4029 2084 4405 2167; x_wconf 83' lang='lat' dir='ltr'>poenitebit.</span> 
     </span>
     <span class='ocr_line' id='line_1_59' title="bbox 2447 2164 4411 2249; baseline 0.004 -22"><span class='ocrx_word' id='word_1_395' title='bbox 2447 2164 2654 2231; x_wconf 88' lang='lat' dir='ltr'>Nobis</span> <span class='ocrx_word' id='word_1_396' title='bbox 2711 2165 2983 2249; x_wconf 85' lang='lat' dir='ltr'>spiritus</span> <span class='ocrx_word' id='word_1_397' title='bbox 3031 2173 3299 2231; x_wconf 90' lang='lat' dir='ltr'>sanctus</span> <span class='ocrx_word' id='word_1_398' title='bbox 3397 2167 3685 2232; x_wconf 89' lang='lat' dir='ltr'>octrinae</span> <span class='ocrx_word' id='word_1_399' title='bbox 3737 2174 4001 2234; x_wconf 90' lang='lat' dir='ltr'>nostrae</span> <span class='ocrx_word' id='word_1_400' title='bbox 4055 2168 4265 2234; x_wconf 88' lang='lat' dir='ltr'>fidelis</span> <span class='ocrx_word' id='word_1_401' title='bbox 4310 2177 4411 2234; x_wconf 87' lang='lat' dir='ltr'>est</span> 
     </span>
     <span class='ocr_line' id='line_1_60' title="bbox 2449 2248 4406 2334; baseline 0.002 -19"><span class='ocrx_word' id='word_1_402' title='bbox 2449 2271 2525 2315; x_wconf 88' lang='lat' dir='ltr'>ac</span> <span class='ocrx_word' id='word_1_403' title='bbox 2581 2258 2799 2315; x_wconf 90' lang='lat' dir='ltr'>certus</span> <span class='ocrx_word' id='word_1_404' title='bbox 2854 2252 3060 2315; x_wconf 88' lang='lat' dir='ltr'>testis.</span> <span class='ocrx_word' id='word_1_405' title='bbox 3151 2248 3445 2329; x_wconf 81' lang='lat' dir='ltr'>Scimus,</span> <span class='ocrx_word' id='word_1_406' title='bbox 3501 2253 3804 2334; x_wconf 89' lang='lat' dir='ltr'>inquam,</span> <span class='ocrx_word' id='word_1_407' title='bbox 3873 2274 4015 2318; x_wconf 88' lang='lat' dir='ltr'>esse</span> <span class='ocrx_word' id='word_1_408' title='bbox 4072 2261 4406 2319; x_wconf 85' lang='lat' dir='ltr'>aeternam</span> 
     </span>
     <span class='ocr_line' id='line_1_61' title="bbox 2448 2334 4407 2420; baseline 0.002 -20"><span class='ocrx_word' id='word_1_409' title='bbox 2448 2335 2579 2400; x_wconf 92' lang='lat' dir='ltr'>Dei</span> <span class='ocrx_word' id='word_1_410' title='bbox 2620 2337 2972 2402; x_wconf 84' lang='lat' dir='ltr'>veritatem</span> <span class='ocrx_word' id='word_1_411' title='bbox 3003 2356 3200 2420; x_wconf 89' lang='lat' dir='ltr'>quam</span> <span class='ocrx_word' id='word_1_412' title='bbox 3238 2334 3705 2419; x_wconf 85' lang='lat' dir='ltr'>praedicamus.</span> <span class='ocrx_word' id='word_1_413' title='bbox 3773 2338 4223 2403; x_wconf 69' lang='lat' dir='ltr'>Minister-ium</span> <span class='ocrx_word' id='word_1_414' title='bbox 4256 2360 4407 2404; x_wconf 93' lang='lat' dir='ltr'>nos-</span> 
     </span>
     <span class='ocr_line' id='line_1_62' title="bbox 2447 2420 4407 2506; baseline 0.002 -22"><span class='ocrx_word' id='word_1_415' title='bbox 2447 2428 2628 2485; x_wconf 91' lang='lat' dir='ltr'>trum</span> <span class='ocrx_word' id='word_1_416' title='bbox 2673 2429 2749 2486; x_wconf 90' lang='lat' dir='ltr'>ut</span> <span class='ocrx_word' id='word_1_417' title='bbox 2788 2421 3038 2487; x_wconf 88' lang='lat' dir='ltr'>mundo</span> <span class='ocrx_word' id='word_1_418' title='bbox 3081 2422 3169 2488; x_wconf 92' lang='lat' dir='ltr'>sit</span> <span class='ocrx_word' id='word_1_419' title='bbox 3211 2420 3516 2501; x_wconf 90' lang='lat' dir='ltr'>salutare,</span> <span class='ocrx_word' id='word_1_420' title='bbox 3562 2430 3864 2505; x_wconf 87' lang='lat' dir='ltr'>optamus</span> <span class='ocrx_word' id='word_1_421' title='bbox 3909 2422 4191 2506; x_wconf 91' lang='lat' dir='ltr'>quidem,</span> <span class='ocrx_word' id='word_1_422' title='bbox 4238 2424 4407 2488; x_wconf 91' lang='lat' dir='ltr'>sicut</span> 
     </span>
     <span class='ocr_line' id='line_1_63' title="bbox 2446 2506 4406 2592; baseline 0.002 -22"><span class='ocrx_word' id='word_1_423' title='bbox 2446 2527 2569 2590; x_wconf 88' lang='lat' dir='ltr'>par</span> <span class='ocrx_word' id='word_1_424' title='bbox 2612 2512 2740 2572; x_wconf 88' lang='lat' dir='ltr'>est:</span> <span class='ocrx_word' id='word_1_425' title='bbox 2812 2528 3045 2573; x_wconf 86' lang='lat' dir='ltr'>verum</span> <span class='ocrx_word' id='word_1_426' title='bbox 3099 2513 3175 2572; x_wconf 90' lang='lat' dir='ltr'>ut</span> <span class='ocrx_word' id='word_1_427' title='bbox 3220 2506 3283 2572; x_wconf 91' lang='lat' dir='ltr'>id</span> <span class='ocrx_word' id='word_1_428' title='bbox 3345 2528 3849 2590; x_wconf 89' lang='lat' dir='ltr'>consequamur,</span> <span class='ocrx_word' id='word_1_429' title='bbox 3908 2509 4036 2574; x_wconf 90' lang='lat' dir='ltr'>Dei</span> <span class='ocrx_word' id='word_1_430' title='bbox 4076 2514 4179 2575; x_wconf 89' lang='lat' dir='ltr'>est</span> <span class='ocrx_word' id='word_1_431' title='bbox 4214 2529 4406 2592; x_wconf 86' lang='lat' dir='ltr'>prae·</span> 
     </span>
     <span class='ocr_line' id='line_1_64' title="bbox 2446 2590 4406 2678; baseline 0.001 -21"><span class='ocrx_word' id='word_1_432' title='bbox 2446 2600 2639 2673; x_wconf 89' lang='lat' dir='ltr'>stare,</span> <span class='ocrx_word' id='word_1_433' title='bbox 2685 2614 2819 2658; x_wconf 91' lang='lat' dir='ltr'>non</span> <span class='ocrx_word' id='word_1_434' title='bbox 2864 2598 3181 2658; x_wconf 89' lang='lat' dir='ltr'>nostrum.</span> <span class='ocrx_word' id='word_1_435' title='bbox 3272 2590 3352 2658; x_wconf 79' lang='lat' dir='ltr'>si</span> <span class='ocrx_word' id='word_1_436' title='bbox 3392 2594 3491 2658; x_wconf 88' lang='lat' dir='ltr'>ita</span> <span class='ocrx_word' id='word_1_437' title='bbox 3531 2600 3823 2658; x_wconf 91' lang='lat' dir='ltr'>meretur</span> <span class='ocrx_word' id='word_1_438' title='bbox 3867 2615 4122 2674; x_wconf 91' lang='lat' dir='ltr'>eorum,</span> <span class='ocrx_word' id='word_1_439' title='bbox 4167 2595 4406 2678; x_wconf 90' lang='lat' dir='ltr'>quibus</span> 
     </span>
     <span class='ocr_line' id='line_1_65' title="bbox 2444 2676 4405 2765; baseline 0.002 -24"><span class='ocrx_word' id='word_1_440' title='bbox 2444 2676 2757 2761; x_wconf 88' lang='lat' dir='ltr'>prodesse</span> <span class='ocrx_word' id='word_1_441' title='bbox 2801 2679 3117 2762; x_wconf 89' lang='lat' dir='ltr'>cupimus,</span> <span class='ocrx_word' id='word_1_442' title='bbox 3161 2678 3403 2761; x_wconf 89' lang='lat' dir='ltr'>partim</span> <span class='ocrx_word' id='word_1_443' title='bbox 3438 2680 3859 2758; x_wconf 89' lang='lat' dir='ltr'>contumacia,</span> <span class='ocrx_word' id='word_1_444' title='bbox 3905 2680 4146 2763; x_wconf 91' lang='lat' dir='ltr'>partim</span> <span class='ocrx_word' id='word_1_445' title='bbox 4182 2681 4405 2765; x_wconf 86' lang='lat' dir='ltr'>ingra-</span> 
     </span>
     <span class='ocr_line' id='line_1_66' title="bbox 2445 2763 4406 2849; baseline 0.003 -22"><span class='ocrx_word' id='word_1_446' title='bbox 2445 2763 2679 2844; x_wconf 89' lang='lat' dir='ltr'>titudo,</span> <span class='ocrx_word' id='word_1_447' title='bbox 2727 2769 2873 2843; x_wconf 81' lang='lat' dir='ltr'>[pag.</span> <span class='ocrx_word' id='word_1_448' title='bbox 2927 2769 3072 2844; x_wconf 84' lang='lat'>142]</span> <span class='ocrx_word' id='word_1_449' title='bbox 3119 2774 3194 2828; x_wconf 89' lang='lat' dir='ltr'>ut</span> <span class='ocrx_word' id='word_1_450' title='bbox 3236 2763 3579 2847; x_wconf 89' lang='lat' dir='ltr'>desperato</span> <span class='ocrx_word' id='word_1_451' title='bbox 3623 2764 3947 2847; x_wconf 78' lang='lat' dir='ltr'>profectu,</span> <span class='ocrx_word' id='word_1_452' title='bbox 3991 2766 4216 2831; x_wconf 90' lang='lat' dir='ltr'>omnia</span> <span class='ocrx_word' id='word_1_453' title='bbox 4258 2787 4406 2849; x_wconf 88' lang='lat' dir='ltr'>pes-</span> 
     </span>
     <span class='ocr_line' id='line_1_67' title="bbox 2445 2847 4408 2935; baseline 0 -20"><span class='ocrx_word' id='word_1_454' title='bbox 2445 2870 2594 2915; x_wconf 92' lang='lat' dir='ltr'>sum</span> <span class='ocrx_word' id='word_1_455' title='bbox 2637 2857 2822 2928; x_wconf 86' lang='lat' dir='ltr'>eant,</span> <span class='ocrx_word' id='word_1_456' title='bbox 2878 2848 3120 2928; x_wconf 90' lang='lat' dir='ltr'>dicam,</span> <span class='ocrx_word' id='word_1_457' title='bbox 3179 2847 3351 2932; x_wconf 92' lang='lat' dir='ltr'>quod</span> <span class='ocrx_word' id='word_1_458' title='bbox 3407 2849 3673 2914; x_wconf 90' lang='lat' dir='ltr'>homine</span> <span class='ocrx_word' id='word_1_459' title='bbox 3730 2850 4088 2916; x_wconf 89' lang='lat' dir='ltr'>christiano</span> <span class='ocrx_word' id='word_1_460' title='bbox 4133 2850 4408 2935; x_wconf 89' lang='lat' dir='ltr'>dignum</span> 
     </span>
    </p>
   </div>
   <div class='ocr_carea' id='block_1_7' title="bbox 2395 2934 4406 3020">
    <p class='ocr_par' dir='ltr' id='par_1_7' title="bbox 2395 2934 4406 3020">
     <span class='ocr_line' id='line_1_68' title="bbox 2395 2934 4406 3020; baseline 0.004 -27"><span class='ocrx_word' id='word_1_461' title='bbox 2395 2974 2410 2993; x_wconf 34' lang='grc' dir='ltr'><em>κ</em></span> <span class='ocrx_word' id='word_1_462' title='bbox 2446 2939 2572 3000; x_wconf 90' lang='lat' dir='ltr'>est:</span> <span class='ocrx_word' id='word_1_463' title='bbox 2634 2934 3080 3014; x_wconf 89' lang='lat' dir='ltr'>subscribent,</span> <span class='ocrx_word' id='word_1_464' title='bbox 3137 2935 3507 3018; x_wconf 89' lang='lat' dir='ltr'>quicunque</span> <span class='ocrx_word' id='word_1_465' title='bbox 3551 2935 3705 3002; x_wconf 89' lang='lat' dir='ltr'>huic</span> <span class='ocrx_word' id='word_1_466' title='bbox 3759 2944 3896 3001; x_wconf 88' lang='lat' dir='ltr'>tam</span> <span class='ocrx_word' id='word_1_467' title='bbox 3950 2942 4213 3002; x_wconf 83' lang='lat' dir='ltr'>sanctae</span> <span class='ocrx_word' id='word_1_468' title='bbox 4254 2957 4406 3020; x_wconf 91' lang='lat' dir='ltr'>pro-</span> 
     </span>
    </p>
   </div>
   <div class='ocr_carea' id='block_1_8' title="bbox 2445 3018 4408 3514">
    <p class='ocr_par' dir='ltr' id='par_1_8' title="bbox 2445 3018 4408 3514">
     <span class='ocr_line' id='line_1_69' title="bbox 2445 3018 4406 3104; baseline 0.001 -19"><span class='ocrx_word' id='word_1_469' title='bbox 2445 3020 2711 3086; x_wconf 87' lang='lat' dir='ltr'>fessioni</span> <span class='ocrx_word' id='word_1_470' title='bbox 2753 3018 3149 3104; x_wconf 85' lang='lat' dir='ltr'>respondere</span> <span class='ocrx_word' id='word_1_471' title='bbox 3181 3019 3433 3087; x_wconf 81' lang='lat' dir='ltr'>volent:</span> <span class='ocrx_word' id='word_1_472' title='bbox 3462 3022 3853 3086; x_wconf 82' lang='lat' dir='ltr'>moriemur.</span> <span class='ocrx_word' id='word_1_473' title='bbox 3928 3020 4064 3088; x_wconf 80' lang='lat' dir='ltr'>Sed</span> <span class='ocrx_word' id='word_1_474' title='bbox 4092 3023 4163 3087; x_wconf 90' lang='lat' dir='ltr'>in</span> <span class='ocrx_word' id='word_1_475' title='bbox 4195 3029 4406 3087; x_wconf 90' lang='lat' dir='ltr'>morte</span> 
     </span>
     <span class='ocr_line' id='line_1_70' title="bbox 2445 3106 4406 3191; baseline 0.001 -20"><span class='ocrx_word' id='word_1_476' title='bbox 2445 3127 2704 3191; x_wconf 89' lang='lat' dir='ltr'>quoque</span> <span class='ocrx_word' id='word_1_477' title='bbox 2746 3106 3028 3172; x_wconf 77' lang='lat' dir='ltr'>victores</span> <span class='ocrx_word' id='word_1_478' title='bbox 3071 3107 3344 3172; x_wconf 87' lang='lat' dir='ltr'>erimus:</span> <span class='ocrx_word' id='word_1_479' title='bbox 3390 3126 3523 3171; x_wconf 93' lang='lat' dir='ltr'>non</span> <span class='ocrx_word' id='word_1_480' title='bbox 3557 3106 3751 3172; x_wconf 92' lang='lat' dir='ltr'>modo</span> <span class='ocrx_word' id='word_1_481' title='bbox 3791 3107 3963 3190; x_wconf 91' lang='lat' dir='ltr'>quod</span> <span class='ocrx_word' id='word_1_482' title='bbox 3997 3106 4153 3174; x_wconf 91' lang='lat' dir='ltr'>inde</span> <span class='ocrx_word' id='word_1_483' title='bbox 4188 3117 4406 3174; x_wconf 85' lang='lat' dir='ltr'>certus</span> 
     </span>
     <span class='ocr_line' id='line_1_71' title="bbox 2447 3190 4408 3275; baseline 0.001 -20"><span class='ocrx_word' id='word_1_484' title='bbox 2447 3190 2532 3257; x_wconf 89' lang='lat' dir='ltr'>ad</span> <span class='ocrx_word' id='word_1_485' title='bbox 2589 3191 2927 3257; x_wconf 91' lang='lat' dir='ltr'>meliorem</span> <span class='ocrx_word' id='word_1_486' title='bbox 2983 3192 3189 3258; x_wconf 83' lang='lat' dir='ltr'>vitam</span> <span class='ocrx_word' id='word_1_487' title='bbox 3246 3191 3568 3257; x_wconf 86' lang='lat' dir='ltr'>transitus</span> <span class='ocrx_word' id='word_1_488' title='bbox 3622 3191 3809 3258; x_wconf 91' lang='lat' dir='ltr'>nobis</span> <span class='ocrx_word' id='word_1_489' title='bbox 3867 3192 4019 3272; x_wconf 89' lang='lat' dir='ltr'>erit,</span> <span class='ocrx_word' id='word_1_490' title='bbox 4084 3192 4200 3258; x_wconf 91' lang='lat' dir='ltr'>sed</span> <span class='ocrx_word' id='word_1_491' title='bbox 4254 3194 4408 3275; x_wconf 89' lang='lat' dir='ltr'>quia</span> 
     </span>
     <span class='ocr_line' id='line_1_72' title="bbox 2449 3275 4405 3361; baseline 0.001 -20"><span class='ocrx_word' id='word_1_492' title='bbox 2449 3278 2843 3361; x_wconf 86' lang='lat' dir='ltr'>sanguinem</span> <span class='ocrx_word' id='word_1_493' title='bbox 2896 3283 3229 3356; x_wconf 86' lang='lat' dir='ltr'>nostrum,</span> <span class='ocrx_word' id='word_1_494' title='bbox 3302 3275 3387 3341; x_wconf 89' lang='lat' dir='ltr'>ad</span> <span class='ocrx_word' id='word_1_495' title='bbox 3440 3276 3934 3361; x_wconf 86' lang='lat' dir='ltr'>propagandam</span> <span class='ocrx_word' id='word_1_496' title='bbox 3998 3277 4183 3343; x_wconf 86' lang='lat' dir='ltr'>illam</span> <span class='ocrx_word' id='word_1_497' title='bbox 4236 3298 4405 3361; x_wconf 89' lang='lat' dir='ltr'>quae</span> 
     </span>
     <span class='ocr_line' id='line_1_73' title="bbox 2450 3361 4404 3449; baseline 0.001 -22"><span class='ocrx_word' id='word_1_498' title='bbox 2450 3383 2630 3429; x_wconf 91' lang='lat' dir='ltr'>nunc</span> <span class='ocrx_word' id='word_1_499' title='bbox 2677 3361 3015 3445; x_wconf 89' lang='lat' dir='ltr'>respuitur</span> <span class='ocrx_word' id='word_1_500' title='bbox 3063 3362 3195 3427; x_wconf 87' lang='lat' dir='ltr'>Dei</span> <span class='ocrx_word' id='word_1_501' title='bbox 3235 3361 3605 3441; x_wconf 82' lang='lat' dir='ltr'>veritatem,</span> <span class='ocrx_word' id='word_1_502' title='bbox 3645 3363 3914 3449; x_wconf 88' lang='lat' dir='ltr'>seminis</span> <span class='ocrx_word' id='word_1_503' title='bbox 3968 3363 4187 3429; x_wconf 89' lang='lat' dir='ltr'>instar</span> <span class='ocrx_word' id='word_1_504' title='bbox 4219 3363 4404 3428; x_wconf 87' lang='lat' dir='ltr'>futu-</span> 
     </span>
     <span class='ocr_line' id='line_1_74' title="bbox 2450 3448 3090 3514; baseline 0 -1"><span class='ocrx_word' id='word_1_505' title='bbox 2450 3469 2600 3513; x_wconf 90' lang='lat' dir='ltr'>rum</span> <span class='ocrx_word' id='word_1_506' title='bbox 2643 3468 2786 3514; x_wconf 87' lang='lat' dir='ltr'>esse</span> <span class='ocrx_word' id='word_1_507' title='bbox 2830 3448 3090 3514; x_wconf 88' lang='lat' dir='ltr'>scimus.</span> 
     </span>
    </p>
   </div>
   <div class='ocr_carea' id='block_1_9' title="bbox 2175 3940 2606 4010">
    <p class='ocr_par' dir='ltr' id='par_1_9' title="bbox 2175 3940 2606 4010">
     <span class='ocr_line' id='line_1_75' title="bbox 2175 3940 2606 4010; baseline -0.005 -1"><span class='ocrx_word' id='word_1_508' title='bbox 2175 3940 2606 4010; x_wconf 77' lang='lat' dir='ltr'>FINIS.</span> 
     </span>
    </p>
   </div>
   <div class='ocr_carea' id='block_1_10' title="bbox 4942 3819 4957 5692">
    <p class='ocr_par' dir='ltr' id='par_1_10' title="bbox 4942 3819 4957 5692">
     <span class='ocr_line' id='line_1_76' title="bbox 4942 3819 4957 5692; baseline 0 0"><span class='ocrx_word' id='word_1_509' title='bbox 4942 3819 4957 5692; x_wconf 95' lang='lat' dir='ltr'> </span> 
     </span>
    </p>
   </div>
  </div>
 </body>
</html>
