4967 5992
365 306 486 369 385

363 513 515 559 nem
569 501 636 557 ct
692 491 1161 571 constantiam,
1220 499 1359 557 tum
1405 491 1490 557 ad
1543 491 1926 574 obsequium
1945 542 1960 570 ,
2014 491 2139 559 hoc
2197 501 2316 572 est,

365 577 722 644 vocationis
775 596 931 642 suae
985 598 1252 642 cursum
1317 576 1530 642 redire
1595 577 1807 655 iubet,
1873 576 2144 642 meliore
2201 599 2317 661 spe

408 663 698 747 roposita
738 662 892 727 boni
937 669 1006 727 et
1045 661 1250 728 felicis
1295 663 1527 727 exitus.
1616 660 1803 726 Dicit
1844 681 2031 746 ergo:
2090 660 2170 728 Si
2212 684 2316 728 re·

363 685 589 826 316116,
654 748 968 814 subsistes
1013 753 1233 812 cor‘am
1278 747 1442 813 facie
1484 767 1659 825 mea,
1718 754 2050 830 utcunque
2094 755 2160 811 te
2204 748 2318 813 de-

362 836 542 900 116161
594 832 934 900 mundus.·
988 829 1066 897 Si
1124 833 1383 898 steteris
1424 834 1497 896 in
1541 840 1719 898 recto
1775 831 2047 910 iudicio,
2105 853 2318 916 neque

365 922 445 987 ab
488 919 701 988 officio
756 918 1100 995 defeceriS,
1156 922 1309 997 [pag.
1350 922 1501 998 212]
1561 925 1894 1000 utcunque
1951 917 2318 983 doctrinam

363 1020 547 1072 tuam
591 1003 892 1092 mundus⁹
910 1004 1205 1081 infamet,
1247 1024 1368 1088 ego
1404 1011 1627 1068 tamen
1663 1023 1827 1081 eam,
1874 1012 2189 1085 tanquam
2232 1024 2318 1068 ex

364 1116 476 1160 ore
516 1113 664 1157 meo
704 1092 1080 1174 profectam,
1127 1088 1515 1172 approbabo.
1593 1086 1788 1168 Quod
1829 1108 1986 1171 ergo
2020 1086 2316 1154 additur:

363 1195 429 1245 et
471 1185 852 1245 convertam
896 1182 961 1239 te
977 1224 992 1252 ,
1049 1171 1232 1240 vides
1276 1175 1731 1257 interpositam
1777 1194 1918 1239 esse
1962 1174 2315 1255 parenthe-

362 1266 480 1340 sin,
521 1264 662 1329 vice
696 1260 1144 1328 correctionis:
1181 1279 1310 1342 qua
1343 1257 1672 1334 Dominus
1708 1279 1904 1324 suum
1941 1259 2079 1323 fore
2117 1260 2315 1324 bene·

360 1351 586 1416 ficium
637 1346 952 1424 declarat,
1010 1345 1069 1411 si
1111 1344 1431 1429 propheta
1483 1345 1558 1408 in
1603 1345 1777 1409 viam
1831 1342 2117 1410 redierit.
2207 1345 2316 1409 En

359 1434 692 1519 Pighiana
746 1432 818 1496 in
875 1429 1157 1497 citandis
1211 1430 1572 1513 scripturis.
1597 1428 1974 1494 dexteritas.
2063 1431 2156 1493 At
2199 1449 2313 1511 po-

361 1531 504 1586 stea
536 1518 810 1601 longum
843 1517 1369 1583 testimoniorum
1404 1535 1710 1581 acervum
1730 1513 2009 1597 colligit.
2063 1514 2317 1597 Nempe

359 1605 676 1688 quoniam
720 1602 1083 1668 obstinatos
1125 1601 1313 1666 Deus
1356 1601 1692 1684 obiurgat,
1747 1598 1922 1682 quod
1967 1620 2089 1664 sua
2128 1598 2315 1665 boni-

361 1701 499 1756 tate
563 1690 947 1766 abutantur,
1006 1709 1129 1753 nec
1191 1686 1487 1756 converti
1539 1686 1779 1763 velint,
1837 1683 1994 1749 inde
2048 1683 2314 1769 colligit,

358 1787 625 1841 nostrae
667 1774 932 1838 virtutis
975 1793 1117 1839 6666
1173 1772 1229 1836 61
1284 1771 1747 1838 convertimur.
1835 1771 1932 1836 At
1972 1770 2315 1853 scriptura,

360 1861 533 1926 sicut
573 1858 904 1924 hominem
938 1858 1202 1942 propria
1240 1855 1454 1923 cordis
1488 1857 1810 1940 pravitate
1844 1854 2151 1938 impediri
2185 1864 2316 1921 tes-

359 1955 560 2023 tatur,
603 1944 953 2028 quominus
997 1964 1067 2010 se
1112 1943 1196 2008 ad
1239 1942 1457 2008 Deum
1504 1948 1860 2020 convertat,
1906 1942 2001 2005 ita
2042 1961 2316 2007 conver-

358 2032 562 2097 sionis
605 2049 762 2096 suae
805 2028 1081 2113 gloriam
1136 2029 1261 2094 sibi
1304 2047 1614 2112 arrogare
1658 2033 1842 2093 vetat
1856 2076 1872 2104 ,
1920 2025 2078 2090 dum
2123 2026 2316 2110 spiri-

356 2127 468 2181 tus
513 2116 726 2182 sancti
770 2135 935 2198 opus
979 2134 1122 2180 esse
1167 2114 1370 2179 docet.

534 2200 724 2282 Quae
767 2211 1021 2278 tamen,
1065 2207 1143 2262 ut
1195 2197 1584 2274 illustriora,
1638 2195 1948 2261 distincta
1989 2196 2158 2261 serie
2199 2217 2315 2278 po-

354 2298 502 2354 stea
542 2294 857 2362 recenset,
905 2304 981 2350 ac
1024 2304 1321 2349 seorsum
1364 2281 1669 2364 explicat,
1715 2281 2003 2346 breviter
2045 2302 2313 2365 percur-

349 2393 517 2437 ram.
585 2370 788 2453 Adigi
832 2368 1129 2454 doctrina
1164 2375 1393 2443 nostra
1423 2367 1698 2432 miseros
1732 2366 2030 2432 homines
2064 2367 2310 2432 calum-

348 2458 610 2532 niatur,
678 2465 752 2520 ut
813 2454 1079 2537 plenam
1143 2453 1328 2518 illam
1388 2451 1859 2536 desperationis
1914 2472 2172 2530 vocem,
2228 2453 2309 2518 ob

349 2562 559 2626 quam
603 2538 776 2625 apud
819 2538 1238 2605 Ezechielem
1271 2549 1408 2604 tam
1443 2537 1738 2621 graviter
1771 2536 2006 2602 Israeli
2041 2559 2309 2603 666666-

349 2639 457 2694 set
517 2626 707 2691 Deus
721 2676 737 2703 ,
805 2625 1171 2707 concipiant
1245 2631 1442 2706 atque
1516 2623 1846 2687 emittant:
1914 2622 2310 2706 Iniquitates

348 2718 620 2778 nostrae
664 2732 860 2794 super
902 2731 1024 2774 nos
1064 2719 1252 2786 sunt,
1298 2717 1364 2773 61
1403 2709 1474 2772 16
1529 2708 1689 2790 ipsis
1732 2708 2143 2773 tabescimus.
2232 2705 2310 2773 81

350 2798 517 2862 11666
571 2794 813 2861 similia
868 2805 1054 2873 sunt,
1117 2794 1452 2860 hominem
1511 2794 1783 2875 spiritus
1833 2794 2045 2859 sancti
2100 2792 2309 2858 direc-

351 2884 530 2947 tione
547 2932 564 2959 ,
624 2900 755 2946 666
813 2880 1059 2946 virtute
1111 2879 1408 2963 propria,
1465 2898 1507 2942 a
1557 2885 1825 2962 peccato
1877 2879 2169 2943 converti
2226 2878 2310 2943 ad

350 2967 679 3034 iustitiam
696 3017 713 3044 ,
771 2974 838 3029 61
877 2964 1214 3030 1161616616
1270 2964 1414 3029 6166
1457 2984 1573 3046 spe
1615 2963 1847 3029 veniae
1893 2985 1934 3029 a
1976 2961 2122 3029 Deo
2166 2983 2309 3030 esse

351 3051 760 3129 derelictum,
806 3059 875 3116 et
915 3051 1049 3115 iam
1093 3050 1294 3115 exitio
1339 3046 1742 3114 destinatum
1760 3098 1776 3126 ,
1836 3047 2311 3131 desperationis

348 3139 697 3203 materiam
752 3136 937 3220 gigni
992 3157 1075 3200 ex
1133 3134 1432 3201 doctrina
1473 3142 1700 3199 nostra
1752 3136 1989 3199 fateor:
2050 3134 2154 3200 sin
2207 3135 2309 3202 vi-

351 3224 509 3288 dere
555 3222 858 3287 omnibus
900 3227 1280 3305 promptum
1326 3231 1443 3298 est,
1489 3228 1809 3301 quantum
1852 3220 1939 3284 sit
1986 3217 2309 3285 discrimi-

348 3309 475 3387 nis,
523 3327 725 3389 quam
766 3306 1045 3390 indigna
1088 3307 1176 3371 sit
1218 3305 1382 3371 haec
1424 3304 1651 3387 Pighii
1693 3303 2054 3382 calumnia,
2101 3305 2308 3370 nemi-

348 3415 507 3459 nem
553 3393 730 3458 latet.
833 3395 928 3457 At
983 3392 1039 3455 si
1094 3393 1161 3456 in
1208 3391 1343 3455 solo
1360 3439 1376 3470 ‚
1443 3389 1684 3472 inquit,
1731 3390 1859 3454 Dei
1904 3389 2309 3473 beneplacito

347 3479 524 3546 iacet
581 3478 925 3544 conversio
989 3475 1274 3541 hominis
1291 3527 1307 3554 ,
1365 3472 1522 3558 quid
1567 3473 1745 3538 aliud
1789 3476 2108 3557 concipiet
2157 3496 2308 3558 pec-

348 3577 551 3642 cator,
589 3583 786 3646 quam
820 3563 941 3628 sibi
977 3557 1486 3645 putrescendum
1517 3579 1678 3637 esse,
1704 3558 1910 3625 donec
1945 3560 2074 3624 Dei
2107 3582 2309 3626 manu

347 3649 689 3735 erigatur?
778 3646 1002 3729 Quasi
1019 3668 1194 3726 vero,
1240 3667 1442 3729 quum
1487 3643 1568 3709 (16
1610 3667 1731 3710 666
1770 3646 2161 3728 impotentia
2193 3645 2309 3711 do-

245 3779 254 3786 ·
347 3747 589 3802 centur
627 3734 924 3798 homines
940 3784 956 3811 ,
1015 3753 1149 3798 non
1188 3752 1266 3797 eo
1311 3728 1500 3796 modo
1554 3730 1637 3795 ad
1681 3751 1865 3813 spem
1909 3730 2140 3795 auxilii
2179 3734 2307 3797 eri-

348 3830 598 3905 gantur
614 3871 630 3899 ,
693 3818 1014 3901 siquidem
1056 3818 1246 3884 electi
1302 3818 1431 3882 Dei
1484 3827 1669 3882 sunt:
1720 3816 1779 3881 si
1820 3836 1982 3881 vero
2026 3818 2305 3901 reprobi,

347 3928 481 3971 non
546 3905 743 3970 simul
799 3903 927 3969 Dei
983 3903 1221 3968 iudicio
1278 3902 1841 3986 constringantur,
1913 3911 1990 3966 ut
2055 3922 2176 3967 sua
2237 3924 2307 3968 se

347 3991 546 4076 culpa
597 3992 815 4075 perire
866 3999 1243 4073 agnoscant.
1353 3988 1574 4070 Atque
1628 3996 1705 4052 ut
1719 3991 1744 4012 '⁸
1772 3986 2013 4052 clarius
2067 3998 2307 4071 pateat,

347 4099 549 4161 quam
595 4077 915 4142 concinna
956 4076 1045 4138 sit
1085 4073 1506 4158 propheticae
1548 4072 1747 4139 huius
1782 4073 2146 4139 sententiae
2190 4074 2305 4139 ad-

346 4183 618 4231 versum
668 4182 788 4228 nos
842 4160 1190 4244 applicatio
1206 4211 1223 4238 ,
1273 4155 1753 4225 observandum
1805 4166 1933 4237 est,
1992 4159 2306 4242 populum

347 4259 543 4328 tunc,
600 4269 731 4312 666
789 4257 926 4311 tam
986 4244 1467 4328 desperatione,
1526 4249 1674 4324 [pag.
1718 4249 1870 4323 213]
1916 4264 2115 4327 quam
2156 4266 2303 4327 per-

347 4335 634 4412 vicacia,
691 4353 827 4397 non
870 4331 1012 4396 sine
1055 4330 1188 4395 Dei
1228 4328 1508 4407 invidia,
1552 4329 1726 4413 quod
1768 4329 2154 4394 inexorabili
2201 4351 2302 4395 66-

346 4421 628 4486 veritate
682 4424 884 4493 esset,
944 4415 1025 4482 (16
1079 4416 1216 4481 suis
1269 4414 1551 4480 miseriis
1593 4436 1716 4481 con
1761 4421 2026 4480 uestum
2081 4415 2299 4481 fuisse.

346 4503 494 4569 Iam
540 4525 699 4588 ergo
751 4501 997 4585 passim
1055 4498 1441 4566 audiebatur
1493 4521 1625 4565 vox
1679 4500 1727 4565 il
1809 4519 1823 4561 ε
1903 4498 2083 4580 Quid
2129 4501 2302 4566 face-

347 4588 616 4656 remus?
720 4590 904 4654 Deus
948 4609 1065 4652 uos
1106 4584 1379 4669 perdere
1421 4606 1496 4651 ac
1538 4584 1834 4650 funditus
1877 4586 2302 4670 exstinguere

349 4675 557 4740 semel
602 4672 908 4740 decrevit.
974 4671 1286 4749 Proinde,
1329 4669 1589 4753 quando
1632 4671 1878 4735 frustra
1919 4667 2000 4735 de
2043 4691 2120 4735 66
2158 4671 2300 4753 pla-

347 4760 563 4825 cando
605 4781 681 4826 co
730 4760 1067 4823 'taremus:
1111 4757 1356 4834 veniat,
1399 4754 1662 4839 quando
1709 4754 1901 4833 volet,
1946 4756 2087 4820 6166
2127 4754 2300 4820 iudi-

348 4845 551 4911 cium.
719 4865 795 4910 ac
846 4843 1259 4910 contumacia
1312 4862 1383 4906 66
1430 4841 1512 4906 6(1
1576 4850 1909 4923 stuporem
1961 4860 2299 4924 compara-

349 4927 514 4995 bant
527 4980 545 5010 ,
600 4942 677 4995 ut
719 4928 1033 4995 adversus
1075 4927 1290 4995 calcar
1331 4925 1675 4993 obstinatis
1718 4925 1956 4992 animis
1998 4925 2297 4991 calcitra-

348 5025 521 5080 rent.
619 5015 888 5098 Excipit
940 5012 1268 5080 Dominus
1284 5063 1300 5091 ,
1367 5012 1541 5078 nolle
1603 5033 1674 5077 66
1737 5020 2016 5076 mortem
2079 5010 2296 5094 impii:

350 5099 723 5186 doctrinam
781 5101 955 5164 enim
970 5150 985 5178 ,
1036 5120 1231 5183 quam
1284 5120 1407 5182 per
1446 5118 1600 5164 suos
1642 5096 1993 5180 prophetas
2033 5096 2298 5179 dispen-

352 5199 558 5264 saret,
614 5185 1057 5250 ministerium
1094 5205 1239 5250 esse
1277 5182 1842 5250 reconciliationis.
1916 5182 2112 5249 Nunc
2154 5183 2298 5249 sine

563 5285 788 5344 06ῑοὺιί
810 5301 999 5358 opem.
1072 5287 1190 5344 Vol.
1227 5286 1327 5343 VI.

1842 303 1972 412 66
2014 303 2370 408 LIBERO
2413 305 2887 377 ARBI'rmo.

4252 317 4383 382 386

2419 514 2609 560 mora
2642 494 2971 561 concludit
3003 497 3302 581 Pighius,
3338 505 3604 564 nostrae
3633 518 3776 564 6666
3809 500 4165 582 potestatis,
4203 502 4377 568 eius-

2419 579 2598 645 modi
2635 582 3228 648 reconciliationem
3262 592 3475 648 ratam
3497 584 3740 650 facere:
3779 604 3902 668 ego
3927 594 4148 650 autem
4176 607 4377 669 quae-

2419 664 2701 731 rendum
2735 665 2894 744 dioc,
2937 667 3217 750 qualiter
3251 669 3689 734 ministerium
3721 669 3887 735 illud
3921 669 4154 736 efficax
4188 672 4375 737 nobis

2419 751 2554 814 fiat.
2643 751 3073 835 Respondent
3112 752 3470 837 prophetae
3485 805 3501 833 ,
3542 761 3611 818 et
3649 761 3799 838 post
3841 774 3951 822 eos
3992 755 4262 834 Paulus,
4305 756 4376 821 id

2419 834 2585 912 fieri,
2631 856 2836 919 quum
2895 838 3131 921 spiritu
3174 839 3305 904 Dei
3361 839 3741 906 inscribitur
3783 839 4085 906 cordibus
4127 843 4377 908 6661116

2421 919 2738 1020 doctrina,
2775 942 2972 1004 quam
3010 924 3256 989 frustra
3277 924 3538 1008 alioqui,
3571 931 3640 989 et
3674 926 3819 990 6166
3852 926 4146 1008 profectu
4182 947 4376 993 aures

2421 1014 2818 1088 exciperent.

2597 1088 2980 1156 Secundum
3029 1092 3248 1158 locum
3301 1092 3571 1159 adducit
3622 1116 3707 1159 ex
3757 1093 3953 1160 Iona:
4022 1094 4201 1179 Quid
4254 1120 4377 1165 rex

2419 1173 2705 1242 Ninivae
2749 1176 2830 1241 ad
2870 1176 3074 1241 Ionae
3118 1177 3696 1244 denunciationem
3739 1179 3951 1246 edicto
3996 1185 4374 1269 promulga-

2419 1260 2536 1339 vit,
2583 1268 2658 1326 ut
2702 1270 3202 1327 converteretur
3243 1264 3522 1345 quisque
3565 1285 3606 1329 a
3657 1265 3772 1329 via
3825 1285 3946 1330 sua
3984 1268 4160 1333 mala
4201 1271 4372 1352 (Ion.

2422 1348 2480 1424 3,
2519 1346 2625 1430 8),
2683 1347 2810 1412 nisi
2867 1367 3105 1412 sensus
3164 1350 3535 1413 communis
3591 1350 3713 1415 hoc
3756 1350 4061 1433 dictaret,
4120 1353 4374 1421 homini

2419 1431 2491 1493 in
2552 1451 2756 1496 manu
2833 1453 2976 1498 6666
3054 1453 3242 1498 66661
3307 1434 3848 1500 conversionem?
3958 1438 4373 1520 Respondeo,

2418 1515 2621 1580 fuisse
2658 1516 2837 1581 istud
2880 1517 3169 1584 officium
3212 1517 3388 1601 regis
3430 1518 3564 1583 iam
3611 1521 3928 1600 conversi,
3970 1533 4045 1586 ut
4086 1523 4249 1590 alios
4290 1524 4376 1591 ad

2421 1601 2799 1684 exemplum
2842 1622 3036 1666 suum
3078 1603 3401 1668 incitaret.
3490 1602 3688 1669 Certe
3741 1604 3937 1671 civile
3979 1609 4155 1692 regis
4197 1608 4373 1676 edic·

2420 1693 2564 1749 tum
2610 1707 2748 1751 non
2789 1686 2941 1770 plus
2984 1686 3255 1753 habebit
3292 1687 3602 1772 ponderis
3640 1689 3724 1753 ad
3758 1689 4165 1774 probandum
4202 1696 4372 1778 quod

2418 1770 2707 1835 intendit
2756 1772 3068 1856 Pighius,
3124 1792 3320 1855 quam
3363 1774 3784 1857 propheticae
3827 1776 4076 1842 multae
4118 1781 4373 1846 concio-

2419 1876 2569 1934 nes,
2622 1878 2784 1939 quas
2839 1878 3039 1922 66666
3082 1866 3150 1922 61
3201 1857 3423 1924 verbis
3481 1862 3838 1939 convenire
3895 1883 4047 1927 cum
4087 1863 4202 1928 illo
4255 1886 4373 1948 pa-

2417 1940 2557 2006 lam
2612 1950 2727 2008 661.
2820 1940 3012 2008 81661
3064 1943 3242 2007 66116
3299 1943 3659 2026 prophetae
3703 1945 3990 2013 officium
4036 1957 4167 2027 est,
4213 1947 4373 2016 dum

2419 2025 2719 2093 homines
2763 2025 2848 2090 ad
2890 2027 3020 2092 Dei
3059 2026 3312 2093 cultum
3356 2049 3432 2094 ac
3477 2030 3781 2094 timorem
3824 2031 4172 2099 instituere
4206 2035 4371 2114 vult,

2416 2111 2719 2195 plantare
2760 2123 2828 2176 et
2868 2113 3105 2197 rigare,
3150 2112 3248 2178 ita
3290 2121 3357 2178 61
3397 2115 3593 2197 regis.
3682 2113 3878 2182 Hanc
3921 2126 4145 2184 autem
4182 2140 4372 2201 prae-

2417 2199 2789 2281 rogativam
2846 2198 2971 2263 sibi
3026 2197 3337 2264 vendicat
3383 2200 3597 2278 Deus,
3658 2208 3735 2265 ut
3778 2201 3954 2266 solus
3999 2201 4112 2267 det
4151 2205 4373 2270 incre-

2417 2294 2743 2348 mentum:
2801 2281 2999 2365 idque
3051 2282 3260 2347 libera
3313 2292 3665 2367 potestate,
3722 2285 3833 2351 ubi
3879 2294 3948 2351 et
3991 2288 4204 2369 quoad
4248 2291 4373 2356 sibi

2415 2369 2756 2452 placuerit.
2858 2370 2952 2432 At
3000 2366 3341 2434 subiicitur
3354 2419 3369 2446 ,
3448 2368 3800 2435 misertum
3862 2371 4064 2436 fuisse
4126 2373 4369 2453 Deum,

2415 2455 2731 2537 quoniam
2786 2473 3010 2518 eorum
3063 2473 3264 2537 opera
3313 2454 3585 2519 viderit:
3653 2464 3978 2537 quatenus
4032 2457 4280 2524 scilicet
4332 2480 4374 2524 a

2416 2538 2624 2604 libero
2669 2559 2896 2604 corum
2942 2538 3217 2603 arbitrio
3260 2540 3857 2622 proficiscebantur.
3947 2540 4062 2608 Sic
4106 2542 4374 2625 quidem

2414 2625 2891 2707 interpretatur
2944 2623 3256 2709 Pighius,
3315 2625 3427 2707 qui
3486 2624 3824 2691 hominem
3876 2626 4279 2711 imaginatur
4331 2651 4373 2695 a

2416 2730 2486 2775 se
2548 2710 2690 2793 ipso
2705 2761 2722 2789 ,
2788 2720 2856 2774 et
2920 2716 3158 2774 natura
3221 2708 3491 2789 habere,
3558 2709 3875 2794 quidquid
3932 2710 4086 2777 boni
4151 2712 4367 2780 habet.

2416 2798 2566 2873 [pag.
2619 2809 2653 2860 2
2667 2799 2771 2874 14]
2829 2795 2967 2860 Nos
3023 2800 3275 2874 autem,
3331 2795 3441 2878 qui
3497 2796 3877 2879 resipiscere
3934 2807 4001 2862 61
4055 2800 4370 2879 converti,

2415 2880 2519 2945 616
2636 2901 2749 2945 616
2790 2900 2934 2946 6666
2971 2880 3102 2945 Ι)61
3137 2879 3398 2958 (166616,
3444 2889 3544 2945 161
3577 2881 3943 2965 scripturae
3977 2884 4370 2951 testimoniis

2416 2963 2780 3045 didmimus,
2827 2965 3048 3030 alitert
3094 2965 3333 3043 Deum,
3379 2966 3549 3031 sicut
3588 2965 3722 3032 illis
3764 2966 4053 3048 dederat,
4099 2976 4178 3033 ut
4213 2991 4368 3036 con-

2414 3057 2838 3116 verterentur
2852 3102 2869 3130 ,
2925 3052 3020 3115 ita
3072 3070 3419 3116 conversos
3472 3050 3852 3135 amplexum
3890 3074 4062 3133 esse,
4118 3062 4188 3119 et
4227 3076 4369 3120 ma-

2412 3156 2577 3201 num
2621 3156 2809 3202 suam
2851 3136 3222 3215 retraxisse,
3267 3157 3365 3204 ne,
3387 3134 3748 3202 secundum
3790 3138 4078 3221 priorem
4115 3137 4368 3205 denun-

2412 3221 2763 3288 ciationem
2816 3222 2890 3285 in
2946 3241 3056 3286 eos
3114 3220 3684 3287 animadverteret.
3785 3223 4145 3289 Miseretur
4189 3225 4366 3290 enim

2412 3308 2701 3391 primum
2744 3305 3029 3372 hominis
3073 3305 3261 3384 nudi,
3318 3306 3562 3389 inopis,
3605 3306 3911 3390 omnique
3954 3307 4123 3374 bono
4167 3306 4365 3374 desti-

2411 3393 2570 3470 tuti,
2628 3391 2765 3456 sola
2807 3392 3072 3456 miseria
3116 3389 3421 3474 praediti:
3484 3400 3709 3474 postea
3748 3391 3885 3458 suis
3930 3393 4118 3457 donis
4163 3394 4364 3459 vesti-

2412 3485 2556 3543 tum
2600 3485 2667 3542 et
2708 3485 3011 3542 ornatum
3056 3474 3507 3541 misericordia
3548 3477 3980 3559 persequitur.
4070 3480 4166 3542 At
4207 3499 4364 3544 666-

2414 3562 2629 3628 versio
2646 3613 2661 3640 ,
2714 3563 2931 3645 inquit
2982 3563 3223 3626 iterum
3276 3559 3556 3645 Pighius
3569 3611 3585 3639 ,
3643 3562 3805 3645 ipsis
3855 3562 4173 3645 imputari
4228 3583 4363 3628 non

2411 3654 2702 3732 poterat,
2750 3646 2833 3712 ad
2875 3644 3379 3731 promerendam
3423 3655 3541 3710 aut
3582 3645 4003 3713 obtinendam
4056 3649 4360 3732 gratiam,

2412 3735 2468 3799 si
2512 3733 2659 3799 illos
2702 3734 2906 3812 Deus,
2950 3741 3028 3798 ut
3069 3739 3633 3810 converterentur,
3679 3741 4132 3815 praevenerat.
4190 3731 4362 3799 Vide

2409 3829 2729 3902 quantum
2784 3818 2964 3883 inter
3017 3816 3200 3883 hunc
3258 3827 3326 3882 et
3368 3817 3827 3901 Augustinum
3880 3819 4156 3884 intersit.
4246 3816 4361 3885 Sic

2410 3904 2591 3969 enim
2634 3904 3052 3987 Augustinus
3079 3903 3131 3985 ¹)
3183 3902 3500 3985 loquitur:
3558 3903 3623 3968 A
3666 3910 3734 3968 te
3776 3903 3917 3986 ipso
3961 3903 4021 3970 si
4061 3904 4180 3969 tibi
4223 3923 4362 3968 me-

2411 3990 2543 4056 rita
2581 3999 2701 4054 tua
2743 3997 2927 4067 sunt,
2985 3987 3161 4053 mala
3203 3996 3390 4054 sunt:
3443 3986 3719 4070 ideoque
3774 4009 3905 4053 non
3948 3997 4360 4054 coronantur.

2408 4076 2508 4142 Ut
2549 4095 2704 4160 ergo
2747 4074 2919 4140 bona
2961 4075 3111 4152 sint,
3155 4071 3288 4139 Dei
3332 4072 3504 4138 dona
3546 4094 3691 4139 esse
3732 4079 4007 4156 oportet.
4073 4073 4277 4139 Item:
4301 4075 4359 4158 2)

2410 4159 2636 4244 Opera
2687 4180 2837 4225 mea
2894 4160 2948 4225 si
2991 4157 3272 4237 videris,
3323 4158 3625 4224 damnas:
3672 4166 3788 4223 tua
3830 4158 3889 4223 si
3930 4157 4208 4236 videris,
4254 4179 4361 4224 66-

2409 4267 2623 4311 16666.
2712 4245 2885 4310 Ν616
2928 4253 2995 4310 61
3038 4264 3461 4327 quaecunque
3504 4244 3677 4310 bona
3717 4263 3917 4326 opera
3960 4243 4169 4309 habeo
4183 4295 4198 4321 ,
4242 4244 4358 4309 abs

2407 4340 2475 4396 te
2519 4329 2685 4396 mihi
2730 4339 2904 4408 sunt,
2950 4329 3223 4412 ideoque
3267 4340 3382 4394 tua
3424 4329 3659 4411 potius,
3703 4349 3901 4411 quam
3946 4349 4109 4393 mea.
4175 4329 4357 4412 Ergo

2407 4437 2610 4499 opera
2659 4436 2978 4481 manuum
3044 4424 3307 4480 tuarum
3377 4434 3512 4479 non
3576 4412 3967 4496 despexeris.
4078 4413 4359 4498 Pighius

2405 4510 2628 4568 autem
2671 4500 3030 4566 absurdum
3075 4519 3220 4565 esse
3263 4508 3471 4582 putat,
3518 4498 3575 4563 si
3617 4518 3813 4581 opera
3846 4520 4164 4563 manuum
4208 4519 4359 4565 sua-

2404 4609 2555 4653 rum
2608 4586 2922 4670 respiciat
2972 4583 3188 4661 Deus,
3245 4593 3322 4648 ut
3372 4583 3594 4666 priora
3646 4603 3767 4647 sua
3821 4582 3992 4648 dona
4044 4584 4190 4650 aliis
4242 4607 4357 4651 cu-

2401 4673 2629 4738 mulet.

2575 4755 3037 4822 Ratiocinatur
3089 4762 3157 4818 et
3208 4773 3291 4818 ex
3347 4753 3472 4817 hac
3511 4751 3764 4820 Christi
3806 4755 4154 4820 sententia:
4212 4752 4357 4818 Vae

2402 4842 2525 4908 tibi
2568 4839 3020 4924 Capernauml
3110 4838 3282 4903 Nam
3337 4839 3393 4903 si
3445 4838 3516 4903 in
3559 4839 3738 4923 Tyro
3787 4847 3905 4903 aut
3946 4837 4195 4905 Sidone
4237 4845 4359 4903 aut

2542 5129 2601 5194 1)
2638 5129 2722 5184 De
2759 5130 2932 5198 gratia
2969 5136 3026 5183 et
3059 5128 3230 5183 libero
3268 5128 3508 5194 arbitrio,
3545 5142 3663 5196 cap.
3700 5125 3751 5180 6.

2538 5197 2598 5266 2)
2634 5197 2698 5253 In
2735 5198 2879 5254 Psal.
2914 5194 3033 5251 137.
3873 5277 3943 5330 25
