4967 5992
586 306 718 371 295
1898 296 2427 365 RESPONSIO
2475 296 2855 365 CONTRA
2895 296 3315 365 PIGHJUM
4489 299 4620 360 296

589 494 729 577 pite
771 512 963 556 nono.
1038 492 1146 556 De
1189 491 1405 573 gratia
1448 487 1607 566 Dei,
1653 487 1895 569 inquit,
1944 507 2073 568 qua
2128 506 2402 551 suorum
2445 508 2561 551 vo-

587 578 879 644 luntates
922 583 1272 658 praeparat
1293 575 1528 654 Deus,
1574 572 1742 638 nihil
1785 573 1858 636 in
1899 571 2005 636 his
2048 571 2236 637 libris
2282 580 2383 637 est
2427 570 2561 638 dis-

589 669 916 746 putatum.
1017 660 1222 726 Aliud
1276 671 1376 726 est
1428 661 1606 724 enim
1649 678 1993 741 quaerere,
2050 657 2229 722 unde
2279 659 2368 724 sit
2419 679 2561 722 ma·-

589 749 759 825 lum,
817 755 886 812 et
936 745 1116 812 aliud
1161 767 1503 829 quaerere,
1561 743 1739 816 unde
1781 741 2089 808 redeatur
2115 747 2280 823 [pag.
2322 748 2431 822 87]
2476 742 2561 808 ad

590 833 963 916 pristinum,
1008 831 1116 896 vel
1153 831 1239 895 ad
1280 832 1495 895 maius
1539 831 1965 913 perveniatur
2009 830 2272 895 bonum.
2353 828 2562 894 Vides

591 919 772 984 hunc
815 918 1015 983 fuisse
1061 919 1202 982 eius
1238 937 1528 998 scopum,
1571 924 1648 980 ut
1688 916 2012 999 originem
2046 916 2295 997 peccati
2331 936 2416 979 ex
2446 915 2562 981 vo-

590 1003 882 1068 luntario
927 1004 1211 1069 hominis
1251 1002 1461 1084 lapsu,
1504 1022 1641 1065 non
1675 1001 1804 1065 Dei
1838 996 2202 1078 creationes
2231 1001 2563 1066 exstitisse

594 1090 1090 1155 demonstraret.
1203 1088 1400 1151 Nunc
1460 1095 1613 1169 post
1674 1085 1934 1168 lapsum
2013 1085 2208 1169 longe
2270 1086 2399 1150 alia
2463 1093 2564 1150 est

595 1175 881 1240 hominis
935 1171 1368 1238 consideratio
1418 1181 1486 1236 et
1543 1172 1740 1254 longe
1807 1171 1944 1236 alia
2001 1172 2325 1254 quaestio:
2384 1170 2562 1238 unde

593 1270 712 1326 aut
752 1281 883 1342 qua
923 1261 1175 1324 virtute
1216 1265 1609 1341 recuperent
1651 1256 1774 1321 filii
1817 1254 2004 1320 Adae
2048 1255 2219 1338 quod
2262 1258 2334 1321 in
2372 1265 2562 1340 patre

594 1367 712 1412 suo
766 1344 1214 1428 perdiderunt.
1322 1343 1556 1425 Itaque
1620 1343 1875 1423 quoties
1940 1343 2196 1407 occinet
2255 1342 2558 1425 Pighius,

592 1431 870 1497 liberam
924 1429 1289 1514 praedicari
1347 1428 1633 1493 hominis
1676 1427 2111 1505 voluntatem,
2157 1427 2324 1493 illud
2372 1429 2560 1493 vicis-

595 1518 721 1582 sim
780 1538 914 1581 non
959 1538 1040 1581 ex
1087 1536 1223 1593 me,
1271 1513 1385 1579 sed
1431 1533 1514 1577 ex
1558 1535 1670 1577 ore
1714 1513 2108 1595 Augustini,
2166 1512 2421 1579 audiat:
2481 1514 2561 1576 li-

594 1603 824 1668 beram
881 1601 1086 1666 fuisse
1144 1599 1582 1674 voluntatem,
1649 1619 1854 1681 quum
1917 1619 2077 1663 sana
2129 1599 2318 1663 foret:
2381 1620 2561 1665 nunc

593 1709 800 1771 quum
855 1693 994 1751 tam
1043 1685 1341 1769 graviter
1395 1693 1462 1748 et
1524 1682 1608 1748 ad
1662 1692 1942 1748 mortem
2009 1705 2213 1765 usque
2272 1686 2562 1752 sauciata

592 1775 710 1851 sit,
769 1771 1007 1836 humili
1059 1770 1494 1846 confessione,
1543 1791 1676 1838 non
1722 1769 2006 1853 superba
2042 1768 2415 1835 defensione
2456 1771 2560 1833 in·

711 1878 842 1922 ere.

594 1856 709 1941 (hg
773 1940 1085 2005 Alterum
1144 1923 1596 2005 testinionium
1639 1960 1723 2004 ex
1768 1939 1936 2005 libro
1984 1940 2179 2004 tertio
2230 1938 2560 2023 adiungit:

596 2027 713 2093 ubi
758 2025 1204 2092 voluntarium
1249 2048 1324 2092 ac
1366 2025 1650 2091 liberum
1693 2047 1836 2090 esse
1891 2035 2144 2090 motum
2199 2027 2557 2106 contendit,

595 2133 725 2195 quo
768 2112 964 2186 homo
1009 2111 1091 2175 ab
1134 2111 1656 2176 incommutabili
1706 2111 1877 2176 bono
1922 2111 2007 2176 ad
2049 2111 2365 2177 inferiora
2407 2132 2559 2194 pec-

593 2195 806 2264 cando
850 2197 1293 2262 convertitur:
1349 2217 1548 2279 quum
1596 2196 1834 2279 alioqui
1877 2217 2000 2262 1166
2042 2195 2411 2263 laudandus
2457 2218 2559 2262 es-

595 2290 714 2359 set,
760 2304 883 2347 nec
918 2281 1412 2364 vituperandae,
1457 2302 1579 2347 nec
1615 2283 1816 2347 etiam
1857 2283 2224 2348 monendus
2238 2306 2255 2362 ;
2302 2282 2556 2360 deinde,

595 2369 1094 2451 praescientiam
1137 2368 1268 2432 Dei
1321 2369 1572 2451 peccati
1616 2389 1882 2433 causam
1928 2389 2070 2448 esse
2113 2390 2198 2433 ne
2288 2375 2330 2433 t.
2420 2366 2559 2432 Vo-

592 2454 917 2520 luntatem
960 2454 1139 2519 enim
1182 2453 1468 2518 hominis
1519 2475 1654 2518 non
1712 2452 1907 2518 aliter
1947 2454 2086 2518 fore
2129 2475 2213 2518 vo
2240 2459 2557 2533 untatem,

593 2540 724 2605 nisi
779 2540 850 2604 in
904 2539 1173 2621 propria
1235 2539 1378 2603 eius
1443 2546 1766 2621 potestate
1825 2539 1928 2603 sit.
2019 2538 2122 2603 Ne
2179 2548 2561 2621 suspectum

594 2627 699 2704 sit,
747 2625 804 2688 si
845 2623 1005 2706 quid
1048 2623 1130 2688 de
1172 2643 1318 2688 meo
1363 2624 1720 2705 proferam,
1776 2625 1917 2705 ipse
1961 2644 2079 2705 pro
2124 2644 2194 2689 se
2238 2625 2559 2708 Augusti-

594 2733 723 2775 nus
767 2708 1178 2791 respondeat.
1268 2707 1417 2773 Hoc
1458 2717 1676 2773 autem
1719 2708 1878 2773 facit
1919 2730 2051 2773 uno
2091 2711 2309 2788 verb0,
2356 2732 2559 2792 quum

595 2794 938 2878 disputare
979 2815 1049 2858 se
1094 2801 1321 2876 negat,
1377 2792 1590 2875 qualis
1644 2794 1731 2860 sit
1773 2815 1950 2861 nunc
1994 2794 2280 2860 hominis
2325 2795 2559 2860 volun-

597 2887 721 2957 tas,
769 2879 885 2945 sed
929 2878 1142 2961 qualis
1185 2879 1383 2942 fuerit
1425 2898 1466 2941 a
1509 2877 1654 2943 Deo
1704 2877 1982 2945 condita.
2072 2881 2281 2945 Porro
2325 2878 2394 2944 id
2438 2887 2558 2960 est,

596 2964 771 3046 quod
813 2964 990 3028 inter
1035 2985 1155 3027 nos
1199 2963 1738 3030 controvertitur:
1770 2967 1818 3047 Ι’)
1875 2964 2032 3046 quid
2087 2987 2264 3031 nunc
2308 2966 2558 3030 homini

597 3050 903 3132 supersit,
949 3070 1034 3115 ex
1078 3070 1204 3131 quo
1247 3049 1697 3132 spiritualibus
1753 3050 1883 3115 illis
1940 3048 2188 3117 divitiis
2244 3051 2561 3135 spoliatus

595 3136 754 3214 fuit,
820 3135 1055 3217 quibus
1120 3134 1512 3200 naturaliter
1576 3135 1912 3219 praeditus
1980 3143 2141 3201 erat.
2229 3136 2562 3204 Voluntas

595 3230 715 3300 est,
760 3221 994 3303 inquit,
1039 3241 1171 3304 qua
1212 3228 1519 3303 peccatur
1552 3228 1621 3287 et
1654 3229 1832 3288 recte
1867 3222 2144 3288 vivitur:
2190 3222 2368 3306 quod
2401 3233 2561 3288 tunc

596 3327 794 3391 agere
846 3306 1043 3372 volui.
1137 3305 1460 3372 Voluntas
1515 3329 1671 3392 ergo
1722 3308 1896 3390 ipsa,
1965 3309 2094 3373 nisi
2147 3307 2280 3374 Dei
2345 3310 2562 3393 gratia

595 3392 916 3458 liberetur
959 3413 999 3455 a
1042 3393 1378 3470 servitute,
1424 3413 1554 3476 qua
1594 3393 1769 3459 facta
1810 3400 1913 3459 est
1948 3414 2142 3460 serva
2174 3396 2446 3476 peccati,
2493 3402 2563 3460 et

597 3486 676 3543 ut
725 3478 893 3542 vitia
944 3486 1210 3560 superet
1263 3477 1638 3558 adiuvetur,
1703 3487 1882 3545 recte
1946 3480 2180 3563 pieque
2211 3481 2370 3547 'vivi
2423 3502 2559 3545 non

597 3570 831 3646 potest.
922 3564 1015 3628 Et
1071 3563 1196 3629 hoc
1251 3562 1554 3630 divinum
1609 3566 2002 3631 beneficium
2048 3586 2175 3648 quo
2218 3566 2558 3645 liberatur,

597 3649 725 3713 nisi
768 3668 913 3711 eam
958 3648 1408 3730 praeveniret,
1460 3650 1596 3714 iam
1638 3651 1892 3716 meritis
1949 3651 2090 3716 61116
2146 3648 2440 3731 daretur,
2494 3659 2563 3716 et

597 3755 736 3799 11011
779 3743 954 3798 esset
996 3736 1237 3817 gratia,
1295 3756 1460 3817 quae
1519 3736 1741 3819 utique
1786 3736 1993 3820 gratis
2036 3734 2249 3801 datur.
2339 3738 2434 3801 Et
2475 3758 2562 3802 ne

599 3818 905 3900 videatur
945 3829 1284 3885 recantare
1328 3820 1504 3903 quod
1548 3820 1822 3902 dixerat,
1867 3820 2051 3887 illinc
2093 3821 2312 3886 locum
2356 3820 2562 3887 addu-

597 3905 690 3971 cit
729 3926 857 3986 quo
899 3912 1201 3970 constare
1247 3907 1481 3988 possit,
1527 3927 1663 3970 non
1709 3904 1790 3971 de
1831 3906 2094 3985 vitiata,
2143 3907 2258 3972 sed
2301 3908 2561 3991 integra

597 3999 838 4056 natura
894 3989 1071 4054 dicta
1123 4011 1267 4056 esse
1309 4012 1477 4072 quae
1526 3991 1688 4057 adeo
1743 4013 1889 4056 eam
1944 3992 2286 4057 extollunt.
2379 3992 2561 4073 Quo-

597 4077 807 4154 niam,
859 4077 1104 4158 inquit,
1151 4081 1301 4155 [pag.
1340 4080 1449 4154 88]
1494 4098 1623 4140 11011
1668 4078 1837 4141 sicut
1879 4085 2111 4159 sponte
2155 4078 2350 4144 homo
2394 4079 2560 4145 ceci-

599 4161 713 4240 dit,
758 4162 853 4225 ita
896 4162 1096 4225 etiam
1138 4169 1372 4243 sponte
1416 4182 1685 4244 surgere
1730 4169 1974 4245 potest,
2029 4171 2398 4244 porrectam
2438 4185 2559 4229 no·-

598 4247 700 4313 bis
745 4247 1026 4330 desuper
1069 4246 1411 4312 dexteram
1455 4245 1603 4325 Dei,
1648 4245 1718 4310 id
1761 4258 1878 4325 est,
1923 4245 2290 4314 Dominum
2332 4248 2556 4317 Iesum

598 4335 794 4397 firma
848 4333 977 4397 fide
1035 4342 1394 4399 teneamus
1482 4331 1716 4411 Vides,
1769 4340 1847 4398 ut
1898 4333 2068 4397 nihil
2124 4334 2300 4399 aliud
2361 4357 2559 4418 quam

601 4418 889 4499 primum
929 4419 1087 4482 mali
1129 4419 1379 4484 fontem
1423 4418 1733 4502 requirat.
1801 4419 2179 4484 Manichaei
2219 4421 2562 4504 fingebant

583 4502 824 4565 ,Deum
867 4524 1028 4577 6666,
1075 4505 1212 4586 ipse
1257 4527 1340 4570 ex
1381 4505 1590 4571 libero
1634 4504 1921 4569 hominis
1968 4504 2239 4568 arbitrio
2282 4505 2559 4571 fluxisse

603 4588 855 4650 asserit.
947 4588 1152 4653 Liber
1194 4612 1351 4673 ergo
1394 4591 1608 4657 factus
1653 4600 1825 4655 erat:
1884 4590 2030 4673 quis
2087 4589 2332 4675 negat?
2422 4590 2561 4656 Sed

602 4690 803 4753 quum
851 4691 924 4734 se
963 4671 1032 4733 in
1078 4677 1468 4740 servitutem
1513 4674 1907 4741 vendiderit:
1954 4697 2159 4758 quum
2201 4675 2407 4742 libero
2453 4698 2559 4742 ar-

602 4755 798 4820 bitrio
843 4754 1016 4818 male
1057 4779 1213 4824 usus
1256 4771 1322 4825 et
1363 4760 1530 4825 illud
1575 4768 1642 4824 et
1683 4782 1754 4826 se
1796 4760 2186 4844 perdiderit,
2245 4783 2560 4844 quorsum

602 4843 840 4906 attinet
894 4859 1430 4924 commemorare,
1491 4845 1702 4928 qualis
1757 4856 1918 4911 tunc
1959 4846 2199 4912 fuerit?
2289 4847 2384 4913 Ut
2426 4847 2560 4912 cla-

602 4927 741 4991 rius
784 4926 1147 4991 etiamnum
1189 4928 1452 5011 loquar,
1509 4930 1591 4994 de
1634 4932 1847 5012 prima
1900 4933 2188 4999 hominis
2232 4935 2562 4999 creatione

741 5199 803 5267 1)
838 5201 1169 5255 convertitur
1205 5196 1340 5251 1576
1372 5214 1513 5270 seqq.

2665 486 2828 551 satis
2870 486 3181 551 convenit
3222 486 3397 550 inter
3440 505 3579 550 1106.
3669 484 3900 551 Liberi
3954 483 4135 548 enim
4187 481 4444 549 arbitrii
4487 484 4627 549 fac-

2668 578 2811 635 tum
2852 571 3056 637 fuisse
3098 570 3451 649 hominem,
3498 572 3805 654 proponit
3846 568 4144 653 Pighius.
4177 569 4627 634 ‘Annuimusz

2665 677 2877 739 neque
2920 657 3444 739 exspectavimus
3488 657 3651 721 dum
3693 657 3817 722 hoc
3859 654 4239 739 postularet,
4291 653 4409 719 sed
4451 677 4631 720 sem-

2663 763 2784 824 per
2825 743 3097 825 professi
3140 763 3386 808 sumus.
3468 743 3614 806 Iam
3658 741 3955 808 diversas
3998 761 4268 824 prorsus
4312 762 4389 806 ac
4434 740 4629 806 dissi-

2664 828 2855 892 miles
2898 836 3173 893 naturas
3213 827 3499 893 hominis
3540 828 3789 912 integri
3830 827 4045 891 adhuc
4088 833 4157 891 et
4198 845 4321 908 per
4363 826 4629 909 lapsum

2666 915 2959 995 corrupti
3001 915 3245 996 ubique
3287 914 3529 979 clamat
3570 914 4007 998 Augustinus.
4085 910 4400 992 Quaestio
4443 934 4630 978 nunc

2666 1006 2767 1063 est
2822 999 2901 1064 de
2953 1001 3329 1082 posteriore.
3417 998 3699 1082 Pighius
3750 1006 3977 1063 autem
4028 995 4227 1081 longo
4271 999 4631 1064 verborum

2665 1085 2976 1164 circuitu,
3034 1085 3191 1168 quid
3246 1085 3326 1149 de
3378 1086 3595 1168 prima
3648 1085 3893 1150 sentiat
3931 1093 3998 1148 et
4037 1084 4346 1166 loquatur
4386 1084 4629 1167 Augu-

2665 1171 2895 1248 stinus,
2919 1169 3237 1235 edisserit.
3273 1170 3621 1235 Reclamat
3640 1171 3900 1235 fortiter
3920 1170 4355 1253 Augustinus.
4396 1167 4629 1249 Quum

2664 1252 2744 1320 de
2788 1255 2995 1321 libera
3037 1264 3213 1321 recte
3257 1256 3539 1321 faciendi
3584 1256 3920 1320 voluntate
3964 1254 4293 1337 loquimur
4309 1306 4325 1332 ,
4385 1253 4464 1319 de
4507 1254 4629 1320 illa

2664 1341 2913 1407 scilicet
2951 1342 3026 1406 in
3070 1362 3200 1424 qua
3233 1342 3444 1407 factus
3481 1347 3583 1406 est
3616 1341 3965 1423 loquimur.
4031 1340 4219 1405 Haec
4255 1341 4433 1404 enim
4469 1347 4629 1405 sunt

2664 1426 2806 1490 eius
2850 1427 3056 1492 verba
3097 1426 3169 1490 in
3212 1426 3442 1492 eodem
3483 1426 3669 1505 libre,
3713 1448 3797 1491 ex
3839 1448 3966 1508 quo
4000 1425 4282 1508 Pighius
4326 1427 4628 1491 testimo-

2663 1512 2778 1576 nia
2843 1534 2914 1578 66
2979 1520 3167 1578 tanta
3225 1512 3358 1577 fide
3437 1533 3512 1578 66
3577 1512 3895 1595 religione
3972 1510 4325 1576 adduxisse
4403 1513 4625 1578 iactat.

2663 1597 2903 1664 Nonne
2957 1598 3026 1662 id
3081 1607 3180 1662 est
3234 1596 3407 1681 quod
3457 1597 3802 1680 proverbio
3854 1596 4121 1662 dicitur:
4209 1596 4452 1663 Falces
4511 1618 4625 1680 po-

2666 1682 3010 1761 stulabam,
3054 1683 3166 1765 hic
3204 1683 3455 1766 ligones
3499 1683 3738 1767 negat?
3801 1682 4000 1748 Nunc
4045 1682 4475 1765 supercilium
4521 1691 4623 1747 at-

2665 1767 2851 1832 tollat
2891 1769 3200 1852 Pighius:
3246 1777 3315 1833 et
3356 1770 3767 1844 vociferetur,
3815 1768 3986 1833 sicut
4026 1768 4213 1845 facit,
4264 1769 4441 1833 nihil
4484 1790 4627 1835 esse

2660 1854 2735 1918 in
2778 1854 2883 1919 his
2926 1855 3143 1920 verbis
3188 1855 3591 1938 ambiguum,
3637 1853 3751 1918 ubi
3796 1852 3998 1918 tradit
4038 1855 4482 1938 Augustinus,
4526 1856 4628 1919 ni-

2665 1938 2762 2003 hil
2804 1940 3018 2020 magis
3060 1940 3134 2004 in
3179 1940 3467 2005 hominis
3507 1961 3649 2005 esse
3692 1945 4033 2022 potestate,
4080 1959 4279 2022 quam
4324 1941 4627 2005 volunta-

2663 2031 2816 2088 tem.
2905 2025 3317 2107 RespondeO,
3364 2046 3482 2090 cur
3524 2047 3660 2089 non
3702 2024 3908 2089 vertit
3951 2024 4306 2108 paginam?
4363 2025 4475 2090 ubi
4522 2047 4625 2091 re-

2660 2110 2875 2192 periet
2915 2109 3087 2193 quod
3127 2111 3407 2177 stultum
3441 2111 3623 2176 hunc
3658 2111 3798 2176 eius
3841 2109 4193 2176 clamorem
4230 2119 4619 2193 compescat.

2663 2193 2742 2261 Si
2785 2216 2920 2260 non
2964 2205 3080 2275 est,
3127 2196 3343 2278 inquit
3387 2198 3826 2279 Augustinus,
3887 2196 4018 2261 ista
4059 2217 4271 2277 poena
4314 2197 4618 2274 hominis,

2663 2281 2780 2346 sed
2822 2291 3084 2347 natura:
3143 2281 3329 2347 nulla
3370 2281 3501 2346 ista
3544 2291 3810 2364 peccata
3853 2289 4025 2347 sunt.
4117 2279 4195 2346 Si
4256 2283 4434 2356 enim
4484 2304 4622 2348 non

2661 2366 2991 2432 receditur
3046 2366 3130 2432 ab
3182 2388 3258 2431 eo
3313 2366 3534 2444 mod0,
3594 2388 3723 2450 quo
3789 2365 4184 2432 naturaliter
4234 2367 4451 2433 factus
4503 2375 4619 2447 est,

2660 2452 2757 2517 ita
2801 2462 2878 2516 ut
2918 2453 3157 2519 melius
3202 2473 3346 2518 esse
3391 2474 3526 2518 non
3578 2453 3818 2534 possit,
3877 2473 3955 2517 ea
4000 2473 4165 2534 quae
4209 2451 4408 2520 debet
4450 2455 4619 2534 facit,

2662 2559 2868 2620 quum
2911 2538 3076 2603 haec
3115 2539 3301 2604 facit:
3349 2540 3405 2604 si
3450 2547 3669 2603 autem
3711 2538 3922 2604 bonus
3960 2539 4157 2603 homo
4192 2549 4389 2617 esset,
4435 2541 4622 2605 aliter

2661 2631 2854 2689 esset.
2943 2624 3138 2688 Nunc
3166 2633 3403 2689 autem
3447 2624 3602 2707 quia
3643 2623 3739 2689 ita
3762 2622 3811 2707 ¹)
3858 2631 3991 2703 est,
4046 2645 4182 2688 non
4233 2633 4341 2689 est
4397 2626 4619 2705 bonus,

2661 2730 2784 2774 nec
2826 2708 3029 2774 habet
3070 2711 3142 2773 in
3185 2717 3533 2792 potestate,
3580 2716 3655 2774 ut
3694 2710 3906 2774 bonus
3949 2709 4052 2776 sit.
4141 2710 4440 2776 Poenam
4484 2733 4623 2778 esse

2661 2794 2860 2859 istam
2895 2794 3043 2877 quis
3087 2794 3385 2860 dubitet?
3453 2795 3719 2860 Deinde
3754 2794 3965 2860 addit:
4011 2795 4123 2859 Ex
4161 2800 4308 2875 [pag.
4346 2800 4456 2873 89]
4491 2818 4623 2879 qua

2661 2879 2928 2944 miseria
2969 2879 3207 2946 liberat
3229 2882 3356 2946 Dei
3404 2881 3635 2964 gratia,
3676 2881 3829 2963 quia
3870 2891 4104 2963 sponte
4148 2880 4359 2958 1101110,
4406 2881 4476 2946 id
4520 2891 4621 2948 est

2660 2964 2866 3030 libero
2923 2966 3220 3045 arbitrie,
3288 2965 3518 3034 cadere
3582 2966 3812 3048 potuit,
3878 2987 4013 3030 non
4069 2967 4270 3032 etiam
4330 2988 4618 3052 surgere.

2662 3051 2850 3115 Haec
2883 3059 3041 3116 sunt
3057 3052 3310 3118 invicta*
3344 3072 3528 3116 arma
3568 3051 3814 3135 Pighii,
3859 3051 4094 3134 quibus
4136 3053 4349 3117 fretus
4392 3054 4590 3138 Augu

2634 3136 2821 3201 .stini
2846 3137 3283 3219 patrocinium
3302 3136 3469 3200 mihi
3495 3137 3706 3219 eripit.
3767 3135 3932 3215 Iam,
3961 3138 4197 3219 inquit,
4222 3138 4614 3222 Augustino,

2662 3243 2857 3304 quem
2902 3243 3099 3287 suum
3146 3244 3289 3288 esse
3334 3222 3810 3301 mentiebatur,
3859 3222 4184 3288 Calvinus
4220 3223 4614 3290 destimitur.

2661 3307 2897 3372 Itane?
2921 3307 3694 3390 Mirabiliscertepraesti
3746 3308 3758 3321 '
3807 3315 3910 3373 tor
3931 3309 4078 3387 eris,
4102 3307 4227 3374 hoc
4245 3310 4301 3374 si
4318 3311 4617 3392 cuiquam

2663 3393 3075 3477 persuadeas.
3165 3392 3448 3471 Verum,
3506 3330 3807 3476 poia-iugi?
3836 3415 3913 3460 ac
3956 3395 4013 3459 si
4057 3395 4513 3477 Augustinum
4551 3398 4617 3460 in

2661 3500 2770 3544 me
2813 3486 3150 3558 armasset,
3197 3479 3281 3544 ad
3325 3500 3516 3562 opem
3564 3479 3662 3544 illi
3704 3480 4046 3545 ferendam
4086 3501 4243 3545 mox
4290 3500 4364 3545 se
4409 3484 4617 3548 accin-

2663 3565 2778 3648 git,
2826 3566 2880 3630 si
2924 3565 3091 3629 forte
3133 3565 3205 3628 in
3247 3586 3353 3630 me
3396 3564 3825 3647 opprimendo
3881 3564 4149 3630 laboret.
4239 3566 4617 3632 Ridiculum

2665 3671 2824 3714 vero
2875 3649 3239 3728 hominem,
3295 3651 3409 3733 qui
3460 3650 3557 3715 ita
3606 3650 3933 3717 inutiliter
3977 3671 4049 3717 se
4104 3651 4341 3734 fatigat
4396 3673 4617 3736 super·

2666 3755 2874 3801 vacuo
2914 3733 3165 3814 labore,
3222 3756 3417 3817 quem
3471 3737 3614 3818 ipse
3658 3736 3781 3801 sibi
3826 3747 4074 3802 temere
4117 3757 4194 3801 ac
4238 3737 4385 3803 sine
4429 3759 4617 3804 causa

2664 3821 2955 3886 accersit.
3061 3818 3408 3902 Siquidem
3470 3843 3593 3887 nec
3658 3820 4034 3888 defensione
4097 3821 4458 3888 adversum
4516 3844 4616 3887 me

2664 3905 2918 3988 indiget
2960 3907 3402 3990 Augustinus,
3458 3908 3571 3989 qui
3626 3909 3846 3971 omnia
3891 3929 4061 3990 quae
4105 3930 4189 3972 ex
4232 3929 4311 3972 eo
4358 3907 4618 3974 adducit

2663 3991 2978 4075 Pighius,
3035 3992 3176 4056 sine
3220 3993 3576 4058 certamine
3630 3993 4013 4075 amplector;
4072 4002 4139 4057 et
4196 3993 4253 4058 si
4310 3993 4614 4077 indigeat,

2665 4076 2832 4141 nihil
2887 4076 2969 4140 ad
3028 4098 3171 4142 rem
3224 4085 3396 4143 totus
3454 4078 3562 4143 hic
3620 4089 3973 4160 apparatus
4034 4078 4120 4143 ad
4186 4077 4616 4144 dirimendam

2664 4162 3023 4228 voluntatis
3069 4171 3138 4228 et
3177 4163 3583 4229 necessitatis
3629 4164 4027 4230 societatem.
4116 4164 4228 4229 An
4273 4165 4615 4230 convenire

2661 4269 2812 4314 cum
2858 4247 3200 4314 voluntate
3245 4249 3452 4331 possit
3491 4251 3844 4315 necessitas
3888 4270 4128 4328 necne,
4174 4249 4330 4314 alibi
4378 4250 4614 4316 videbi-

2663 4355 2836 4398 mus:
2894 4332 3010 4398 sed
3052 4333 3208 4399 huic
3251 4334 3616 4416 quaestioni
3660 4356 3838 4400 nune
3880 4336 4062 4401 locus
4117 4357 4252 4400 non
4298 4344 4431 4416 est,
4491 4357 4615 4401 non

2664 4419 2872 4501 magis
2917 4439 3112 4500 quam
3157 4441 3466 4502 cupresso
3511 4420 3581 4483 in
3627 4423 3954 4505 naufragii
4000 4421 4239 4487 tabula.

2834 4503 3067 4587 Pergit
3110 4503 3346 4570 deinde
3390 4505 3699 4570 ulterius:
3747 4507 3904 4589 quia
3944 4513 4146 4591 neget
4187 4507 4253 4571 A
4392 4508 4613 4583 stinus,

2663 4610 2930 4674 peccare
2984 4591 3057 4653 in
3111 4610 3188 4653 eo
3242 4592 3646 4674 quempiam,
3705 4591 3881 4673 quod
3930 4593 4150 4658 caveri
4202 4613 4295 4656 nu
4351 4611 4389 4655 0
4432 4589 4617 4657 1110ᾶο

2663 4675 2886 4759 possit.
2983 4674 3301 4757 Inspiciat
3352 4676 3569 4742 locum
3623 4676 3734 4759 qui
3781 4676 3988 4758 volet,
4042 4698 4129 4743 an
4172 4697 4309 4741 non
4352 4677 4436 4744 de
4474 4698 4618 4761 peo-

2665 4761 2791 4826 cati
2852 4760 3042 4825 initio
3107 4761 3445 4844 loquatur:
3526 4784 3654 4844 quo
3728 4762 3976 4829 scilicet
4037 4764 4412 4843 convincat,
4487 4783 4617 4828 non

2666 4844 2931 4912 aliunde
2985 4846 3184 4923 hanc,
3240 4868 3373 4930 qua
3424 4847 3617 4913 hodie
3682 4848 4075 4929 premimur,
4137 4850 4614 4924 necessitatem,

2666 4954 2865 5016 quam
2900 4954 2985 4998 ex
3016 4930 3386 4998 voluntario
3421 4934 3620 5017 primi
3662 4933 3947 4999 hominis
3982 4934 4171 5018 lapsu
4207 4936 4616 5017 provenisse:

2666 5039 2862 5101 quam
2907 5017 3296 5101 particulam
3339 5019 3621 5104 Pighius
3634 5071 3651 5098 ,
3695 5028 3834 5086 tam
3874 5019 4044 5086 fidus
4059 5071 4074 5098 ‚
4120 5041 4239 5087 suo
4283 5018 4616 5104 suffragio,

2812 5206 2870 5268 1)
2904 5205 2982 5260 ita
3016 5205 3270 5259 ominum
3304 5221 3489 5260 omnes
3512 5213 3739 5276 praeter
3772 5207 3852 5262 ed.
3880 5208 4191 5276 principem
4225 5213 4277 5262 et
4316 5205 4544 5261 Gallum.
