4967 5992
646 347 769 408 527

641 527 1113 615 provincialem
1167 525 1496 612 synodum
1549 525 1848 592 solebant
1898 546 2289 604 convocare,
2338 533 2415 591 61
2470 525 2604 591 11116

640 619 1138 698 componeretur
1203 612 1376 695 quod
1438 610 1780 676 turbatum
1844 610 2028 678 erat?
2130 611 2240 676 Ad
2297 613 2605 696 generale

639 721 796 766 vere
840 699 1223 777 concilium,
1272 698 1397 763 nisi
1445 704 1693 763 tentato
1738 698 1924 780 prius
1965 697 2083 762 illo
2125 697 2446 776 remedie,
2492 696 2605 761 de-

638 806 903 854 currere
946 804 1290 868 nunquam
1328 784 1533 849 moris
1574 783 1717 847 fuit.
1805 783 2205 866 Priusquam
2250 782 2334 848 ad
2377 784 2604 849 confu-

637 871 916 938 tandum
952 875 1102 951 [pag.
1133 875 1281 949 129]
1311 870 1548 935 Arium
1583 869 1854 934 Niceam
1887 869 2317 934 convenirent
2351 891 2434 934 ex
2464 876 2603 934 toto

639 958 796 1025 orbe
839 957 1195 1022 christiano
1238 956 1543 1039 episcopi,
1588 955 1717 1019 iam
1763 954 1986 1037 plures
2028 955 2098 1019 in
2123 952 2403 1020 Oriente
2444 976 2603 1040 syn-

642 1043 750 1109 odi
805 1043 1112 1110 colleetae
1165 1043 1446 1107 fuerant.
1533 1039 1819 1123 Reliqua
1874 1040 2208 1124 exempla,
2261 1040 2604 1106 brevitatis

641 1152 857 1209 causa,
901 1135 1256 1212 praetereo.
1347 1125 1484 1192 Sed
1527 1125 1704 1209 quod
1758 1125 1981 1192 hostes
2035 1127 2245 1191 nostri
2289 1134 2603 1207 tanquam

639 1214 1329 1297 inusitatum‘fugiunt,
1366 1211 1773 1277 ordinarium
1795 1212 2013 1291 fuisse,
2039 1219 2336 1278 veterum
2359 1213 2605 1294 scripta

638 1307 986 1367 testantur.
1074 1300 1391 1364 Facessat
1432 1319 1589 1381 erge
1634 1296 1922 1362 mendax
1963 1298 2092 1361 iste
2137 1305 2532 1379 praetextus.

811 1384 888 1452 Si
925 1386 1246 1451 africanos
1282 1385 1618 1467 episcopos
1653 1383 1975 1448 tenuisset
2006 1382 2169 1448 haec
2206 1383 2600 1465 superstitio,

638 1472 839 1537 nimis
881 1492 1026 1536 sero
1071 1469 1441 1534 Donatistis
1487 1491 1561 1534 66
1603 1467 1988 1551 Pelagianis
2031 1488 2373 1534 occursum
2409 1475 2599 1533 esset.

638 1558 786 1623 Iam
845 1577 1156 1641 magnam
1211 1555 1476 1620 Africae
1546 1559 1804 1637 partem
1861 1553 1934 1617 in
1993 1574 2182 1618 suam
2254 1554 2602 1618 factionem

639 1651 986 1710 traxerant
1027 1640 1422 1706 Donatistae
1433 1662 1451 1720 3
1509 1657 1631 1704 nec
1686 1638 1866 1705 loeus
1912 1640 2258 1722 quisquam
2319 1645 2463 1704 erat
2520 1638 2602 1704 ab

639 1751 868 1795 eorum
903 1725 1297 1811 cont-agione
1332 1724 1595 1790 omnine
1674 1746 1853 1791 urus.
1924 1726 2093 1789 Erat
2125 1726 2402 1790 maximi
2437 1745 2603 1808 pon-

640 1815 817 1880 deris
872 1811 1322 1879 eontreversia
1375 1810 1455 1875 de
1514 1829 1623 1876 666
1652 1811 1826 1876 66166
1885 1811 2135 1875 6611616
2181 1818 2248 1875 61
2301 1809 2605 1895 legitima

640 1898 1212 1966 administratione
1233 1907 1248 1920 “
1267 1895 1589 1979 baptismi.
1680 1894 2067 1961 Secundum
2132 1917 2380 1961 novam
2444 1897 2602 1960 isto-

641 2007 795 2051 rum
853 1982 1245 2067 sapientiam
1311 1981 1635 2048 debebant
1688 1981 1771 2046 ad
1830 1981 2199 2048 universale
2256 1981 2607 2048 concilium

641 2070 913 2137 reiicere
959 2067 1305 2133 orthodoxi
1346 2068 1628 2152 episcopi
1672 2068 1860 2132 illam
1904 2068 2350 2151 quaestionem
2365 2119 2381 2146 ,
2435 2089 2521 2132 ne
2566 2087 2606 2131 a

641 2156 913 2240 reliquis
956 2153 1266 2221 ecelesiae
1307 2153 1620 2219 membris
1664 2175 1734 2219 se
1789 2153 2263 2219 abscinderent.
2352 2154 2466 2218 An
2507 2153 2603 2217 fa-

643 2240 865 2309 ciunt?
959 2238 1144 2321 Quin
1207 2240 1455 2322 potius,
1524 2240 1679 2323 quia
1734 2238 2202 2324 restinguendo
2272 2239 2604 2323 praesenti

639 2326 943 2394 incendio
999 2325 1416 2390 festinatione
1472 2346 1636 2408 opus
1681 2346 1824 2390 esse
1876 2324 2201 2403 iudicant,
2254 2331 2499 2409 urgent
2539 2333 2607 2390 et

638 2416 1076 2498 insequuntur
1101 2410 1514 2476 Donatistae:
1562 2430 1739 2476 nunc
1779 2409 1864 2474 ad
1904 2410 2252 2495 synodum,
2298 2431 2476 2476 nunc
2521 2410 2606 2475 ad

639 2500 1150 2584 disputationem
1194 2517 1333 2575 eos,
1381 2498 1567 2580 quasi
1611 2518 1817 2562 manu
1859 2503 2234 2562 consertum
2274 2503 2602 2562 vocantes.

638 2586 984 2652 Damnent
1037 2582 1260 2648 hostes
1312 2583 1523 2646 nostri
1578 2582 1817 2666 impiae
1875 2583 1957 2649 ab
2017 2580 2293 2648 ecclesia
2335 2603 2603 2665 separa-

640 2671 840 2738 tionis
877 2678 945 2735 et
991 2668 1470 2752 Augustinum,
1526 2675 1594 2731 et
1648 2667 1810 2733 alios
1853 2669 1994 2733 eius
2041 2668 2275 2732 aetatis
2339 2675 2603 2734 sanctos

639 2759 835 2834 viros,
882 2756 993 2837 qui
1028 2774 1180 2819 eum
1216 2773 1292 2817 eo
1327 2753 1854 2818 consentiebant:
1887 2752 2060 2835 quod
2094 2759 2163 2817 et
2195 2753 2601 2833 Donatistas,

642 2840 970 2925 imperiali
993 2838 1363 2918 autoritate,
1409 2857 1547 2902 non
1566 2844 1927 2903 convocata
1949 2838 2307 2904 universali
2329 2838 2601 2923 synodo,

646 2947 872 2992 secum
934 2924 1267 3006 disputare
1330 2923 1696 3006 coegerint,
1769 2930 1836 2988 et
1887 2922 2275 3007 provinciali
2329 2923 2602 2990 concilio

645 3011 1014 3094 transigere
1069 3008 1150 3073 de
1204 3009 1648 3074 controversia
1705 3008 1995 3073 maxime
2051 3008 2259 3075 ardua
2310 3017 2379 3074 et
2428 3011 2602 3093 peri-

645 3096 872 3164 culosa
911 3114 1047 3160 non
1090 3093 1558 3160 dubitaverint.
1629 3092 1943 3178 Pelagius
1983 3094 2116 3161 illic
2152 3116 2406 3180 quoque
2441 3095 2600 3161 eris-

645 3190 748 3249 tas
807 3188 955 3262 [pag.
1013 3184 1159 3259 130]
1217 3179 1573 3244 extulerat:
1648 3181 1902 3258 statim,
1976 3180 2062 3245 ad
2113 3180 2600 3265 reprimendam

645 3270 789 3335 eius
833 3266 1191 3344 audaciam,
1241 3265 1464 3330 habita
1493 3265 1803 3350 synodus.
1876 3264 2120 3347 Quum,
2166 3267 2472 3333 simulata
2519 3266 2604 3332 ad

643 3353 844 3421 breve
911 3359 1176 3437 tempus
1242 3351 1683 3434 poenitentia,
1757 3353 2081 3417 vomitum
2149 3352 2599 3432 resorbuisset,

645 3439 860 3506 defixo
918 3439 988 3502 iu
1042 3436 1269 3503 Africa
1313 3437 1668 3521 impietatis
1711 3459 1870 3503 suae
1913 3437 2157 3516 aculeo,
2202 3439 2488 3505 Romam
2531 3460 2602 3504 se

643 3526 910 3608 recepit,
947 3522 1060 3589 ubi
1086 3525 1246 3588 satis
1280 3522 1566 3607 benigne
1590 3523 1717 3588 fuit
1749 3529 2084 3608 exceptus.
2137 3522 2317 3605 Quid
2351 3526 2603 3591 faciunt

642 3612 736 3696 pii
780 3607 1107 3694 episcopi?
1198 3609 1311 3674 An
1361 3629 1434 3673 se
1490 3608 1861 3673 membrum
1916 3609 2241 3675 duntaxat
2294 3610 2603 3676 ecclesiae

644 3718 789 3764 esse
832 3703 1222 3772 causantur,
1267 3701 1345 3758 ut
1384 3695 1466 3760 ab
1510 3694 1875 3760 universali
1916 3695 2189 3761 concilio
2233 3696 2603 3761 remedium

644 3778 1072 3865 exspectent?
1119 3778 1302 3861 Quin
1332 3779 1546 3863 potius
1579 3781 1981 3846 conveniunt
2009 3780 2155 3864 ipsi,
2199 3782 2417 3864 prima
2444 3802 2604 3865 qua-

646 3889 775 3952 que
819 3867 1189 3945 occasione,
1243 3865 1484 3931 iterum
1539 3873 1733 3948 atque
1783 3868 2058 3931 iterum:
2118 3867 2398 3951 impium
2439 3865 2604 3931 illud

648 3954 914 4039 dogma,
974 3972 1102 4034 quo
1145 3952 1280 4015 iam
1321 3951 1548 4017 infecti
1592 3953 1857 4017 fuerant
1900 3951 2124 4030 multi,
2182 3953 2604 4018 anathemate

646 4040 997 4116 damnant,
1054 4037 1497 4119 pronunciant
1555 4036 1759 4102 libere
1803 4057 1879 4102 ac
1915 4037 2267 4119 definiunt,
2322 4038 2480 4122 quid
2525 4038 2605 4103 de

644 4123 950 4209 originali
998 4129 1294 4205 peccato,
1354 4119 1564 4204 deque
1617 4123 2133 4206 regenerationis
2186 4126 2402 4209 gratia
2455 4146 2604 4189 sen-

647 4209 944 4276 tiendum
976 4208 1083 4274 sit.
1150 4208 1396 4273 Postea
1428 4207 1714 4272 Romam
1744 4207 2008 4291 quidem
2040 4216 2336 4275 actorum
2382 4231 2605 4275 exem-

642 4296 789 4380 plar
831 4296 1141 4371 mittunt,
1200 4293 1444 4377 partim
1506 4299 1583 4356 ut
1636 4295 1968 4358 communi
2028 4303 2094 4358 et
2148 4296 2499 4361 autoritate
2539 4304 2608 4361 et

643 4402 965 4448 consensu
1022 4379 1260 4446 melius
1317 4386 1384 4445 61
1429 4376 1710 4444 validius
1762 4377 2241 4445 haereticorum
2294 4382 2608 4465 frangant

644 4465 1156 4544 contumaciam,
1217 4466 1487 4548 partim,
1545 4472 1622 4529 ut
1664 4463 1827 4530 alios
1870 4464 2268 4531 admoneant
2308 4467 2603 4550 periculi,

645 4550 820 4633 quod
861 4558 1005 4616 erat
1044 4551 1347 4618 omnibus
1392 4549 1778 4617 cavendum.
1866 4551 2203 4636 Torquent
2244 4552 2368 4618 1166
2409 4553 2605 4619 61161·-

646 4657 795 4701 sum
853 4636 1107 4700 romani
1165 4637 1494 4720 pontificis
1545 4636 1951 4703 adulatores:
2008 4638 2198 4720 quasi
2248 4639 2605 4722 suspende-

644 4720 787 4786 rint
821 4722 1231 4801 sententiam,
1277 4723 1502 4802 donec,
1538 4722 1712 4805 quod
1752 4732 2043 4807 egerant,
2081 4731 2303 4789 ratum
2336 4725 2610 4790 haberet

646 4805 1094 4882 Innocentius,
1132 4808 1243 4889 qui
1289 4815 1429 4872 tum
1473 4829 1781 4874 romanae
1822 4809 2133 4876 ecclesiae
2172 4810 2604 4893 praesidebat.

644 4893 935 4969 Verum,
1004 4892 1164 4955 satis
1221 4907 1560 4975 superque·
1601 4894 1927 4960 refellitur
1980 4896 2144 4962 11666
2197 4896 2609 4979 impudentia

647 5001 732 5044 ex
777 4983 1159 5042 sanctorum
1201 4985 1468 5059 patrum
1511 4980 1746 5044 verbis.
1820 4981 2048 5063 Neque
2083 4982 2261 5046 enim
2295 4991 2413 5048 aut
2452 5002 2608 5048 con-

650 5063 873 5129 silium
932 5067 1173 5146 petunt
1224 5063 1306 5128 ab
1359 5063 1776 5145 Innocentio,
1830 5067 1988 5149 quid
2040 5068 2253 5133 facere
2307 5067 2605 5148 debeant,

646 5170 769 5215 666
806 5149 887 5213 ad
933 5168 1086 5213 eum
1120 5148 1432 5228 referunt,
1474 5156 1551 5214 61
1584 5153 1991 5232 pronunciet,
2037 5171 2157 5219 666
2198 5155 2337 5219 6166
2371 5161 2609 5218 nutum

649 5234 1199 5322 autoritatemque
1271 5241 1688 5318 exspectant:
1752 5235 1867 5301 sed
1920 5238 2054 5301 iam
2108 5259 2180 5304 se
2223 5240 2610 5324 cognovisse

2255 336 2384 403 DE
2428 335 3070 404 NECESSITATE

4536 343 4648 404 528

2709 525 2789 592 de
2830 546 3044 604 causa,
3089 533 3156 591 et
3197 525 3596 592 sententiam
3637 524 3870 592 tulisse
3913 532 4219 606 narrant,
4265 546 4398 608 qua
4439 531 4506 591 et
4542 525 4649 592 ho-

2706 613 2954 676 minem
3008 619 3075 676 et
3118 610 3488 676 doctrinam
3532 611 4026 689 damnaverint,
4085 617 4162 676 ut
4205 632 4405 676 suum
4448 632 4649 677 exem-

2707 697 2892 781 plum
2934 699 3073 780 ipse
3089 749 3105 775 ,
3150 697 3278 762 nisi
3323 698 3461 763 suis
3502 698 3802 782 partibus
3847 696 4073 763 deesse
4117 697 4305 776 velit,
4350 697 4646 763 imitetur.

2708 784 2930 866 Atque
2973 783 3137 848 11666
3178 780 3443 865 quidem
3480 791 3626 848 tum
3658 784 3924 862 fiebant,
3960 804 4166 865 quum
4206 783 4276 847 in
4313 803 4479 849 sana
4518 782 4651 848 dee-

2709 870 2887 934 trina
2950 869 3437 934 eonsentientes
3502 868 3717 934 adhuc
3782 876 4004 934 essent
4067 868 4249 933 inter
4304 874 4457 948 [pag.
4519 873 4647 947 131]

2710 975 2780 1020 se
2824 954 3154 1021 ecclesiae.
3243 953 3440 1019 Nunc
3483 974 3659 1038 ergo,
3705 976 3911 1037 quum
3956 954 4179 1019 omnia
4218 954 4539 1020 inclinent
4577 953 4649 1019 ad

2709 1041 3008 1119 ruinam,
3064 1041 3191 1106 nisi
3249 1039 3550 1105 celeriter
3592 1049 4041 1119 succurratur,
4110 1039 4268 1123 quid
4313 1041 4397 1105 ab
4443 1060 4647 1105 eorum

2707 1124 3108 1208 pendeamus
3151 1147 3503 1203 consensu,
3558 1127 3671 1209 qui
3710 1125 3970 1190 nullum
4011 1146 4147 1190 non
4191 1134 4467 1191 movent
4502 1125 4648 1210 lapi·

2709 1212 2889 1290 dem,
2950 1219 3024 1276 ut
3070 1212 3197 1277 Dei
3241 1213 3620 1290 veritatem,
3682 1232 3880 1294 quam
3935 1212 4405 1294 profligarunt,
4462 1212 4644 1294 impo-

2710 1296 2923 1375 diant,
2980 1297 3328 1379 quominus
3371 1298 3614 1362 iterum
3670 1295 4011 1381 emergat?
4100 1297 4273 1362 Erat
4316 1296 4647 1362 Ambrosio

2709 1403 2831 1448 sua
2873 1390 3085 1448 aetate
3126 1404 3279 1448 cum
3309 1384 3647 1449 Auxentio
3681 1391 4017 1448 certamen
4053 1381 4134 1448 de
4167 1382 4485 1465 primario
4516 1381 4646 1446 fidei

2707 1477 2970 1534 nestrae
3015 1469 3254 1551 capite,
3309 1468 3433 1534 hoc
3478 1477 3605 1546 661,
3664 1466 3745 1533 (16
3789 1466 4134 1533 divinitate
4178 1466 4452 1534 christi.
4534 1467 4645 1532 Fa-

2708 1555 2908 1620 vebat
2962 1554 3277 1619 Auxentii
3330 1555 3629 1637 partibus
3681 1554 4069 1637 Imperator.
4158 1553 4392 1636 Neque
4452 1561 4645 1618 tamen

2708 1638 2793 1704 ad
2838 1639 3144 1723 generale
3198 1640 3548 1706 concilium
3601 1647 3913 1722 provocat
3950 1640 4075 1705 1166
4119 1641 4428 1718 61116616,
4484 1639 4645 1722 quasi

2708 1724 2869 1791 alibi
2921 1733 3173 1790 tantam
3226 1745 3492 1791 causam
3544 1726 3724 1790 finiri
3781 1726 3870 1791 sit
3936 1725 4148 1791 nefas:
4223 1723 4342 1789 sed
4405 1732 4643 1789 tantum

2708 1810 3013 1893 postulat,
3058 1819 3134 1876 ut
3167 1812 3322 1895 quia
3359 1810 3515 1876 fidei
3551 1812 3639 1877 sit
3680 1810 3990 1893 quaestio,
4036 1811 4107 1875 in
4143 1809 4419 1876 ecclesia
4452 1829 4642 1876 coram

2708 1895 2950 1979 popule
3009 1896 3394 1981 disputetur.
3422 1899 3471 1980 ¹)
3560 1895 3898 1978 Quorsum
3956 1896 4155 1960 etiam
4221 1894 4461 1979 synodi
4514 1915 4642 1978 pre-

2708 1981 3056 2062 vinciales,
3114 2004 3281 2066 quae
3337 1982 3439 2048 bis
3492 1981 3648 2047 olim
3701 1982 4054 2065 quotannis
4108 2001 4191 2046 ex
4239 2001 4427 2045 more
4469 1980 4642 2046 habe-

2708 2065 2969 2146 bantur,
3015 2068 3147 2133 nisi
3209 2079 3287 2132 ut
3344 2067 3426 2133 de
3481 2068 3591 2146 iis,
3649 2089 3815 2150 quae
3875 2073 4312 2145 emerserant,
4370 2067 4539 2132 inter
4580 2085 4640 2130 se

2708 2153 3156 2219 consultarent
3201 2152 3532 2237 episcopi?
3590 2154 3759 2218 sieut
3817 2161 3885 2217 et
3926 2172 4138 2219 canon
4180 2151 4421 2236 synodi
4462 2150 4639 2217 Chal·

2708 2238 3094 2305 cedonensis
3138 2239 3430 2305 decimus
3464 2260 3680 2304 nonus
3715 2238 4021 2303 continet.
4096 2237 4294 2304 Iubet
4326 2238 4639 2320 antiquum

2707 2324 3120 2405 institutum,
3176 2325 3277 2391 bis
3333 2324 3681 2408 quotannis
3736 2324 4094 2390 convenire
4150 2322 4638 2405 uniuscuiusque

2708 2410 3084 2493 provinciae
3139 2412 3490 2495 episcopos.
3580 2410 3728 2475 Hoc
3782 2408 4071 2495 synodus
4115 2407 4637 2476 Chalcedonensis

2706 2496 3178 2579 interpretatur
3218 2497 3363 2561 fieri
3406 2494 3659 2574 debere,
3704 2501 3780 2560 ut
3822 2495 3880 2559 si
3922 2516 4054 2579 qua
4094 2496 4480 2561 emerserint
4516 2513 4637 2559 cor·

2707 2583 3030 2666 rigantur.
3101 2582 3228 2647 Isti
3266 2602 3435 2665 quae
3469 2580 3772 2647 omnibus
3818 2586 3976 2646 nota
4014 2588 4185 2660 sunt,
4230 2587 4302 2646 et
4336 2580 4636 2646 doctrinae

2708 2675 2777 2731 61
2819 2688 3081 2733 morum
3124 2667 3311 2746 vitia,
3356 2666 3491 2732 ullo
3535 2667 3728 2733 modo
3780 2667 4022 2752 attingi
4066 2667 4164 2732 fas
4207 2686 4355 2731 esse
4398 2688 4439 2730 6
4594 2671 4635 2741 1,

2708 2752 2914 2819 (16666
2948 2751 3033 2817 ad
3070 2753 3441 2819 universale
3476 2753 3825 2818 concilium
3873 2760 4153 2818 ventum
4195 2750 4408 2817 fuerit.
4534 2749 4637 2813 uin

2709 2839 2911 2904 etiam
2967 2838 3090 2903 1166
3144 2840 3285 2923 11166
3342 2838 3749 2922 subterfugio
3802 2837 4143 2903 Palladius
4196 2847 4263 2902 et
4302 2835 4637 2903 Secundis-

2708 2946 2866 3003 nus,
2885 2926 2945 3007 2)
3012 2924 3273 3004 Ariani,
3347 2924 3695 2990 concilium
3737 2923 4168 3007 Aquileiense
4210 2920 4633 3005 repudiabant,

2706 3009 2879 3161 {³:¹12}
2915 3010 4127 3179 32:33¹.⁰¹.3?.0{33:2‘²¹300¹²13¹3„:3‘i?5÷„
4152 3008 4392 3160 {baffi
4433 3007 4635 3157 ⁰¹:23:

3546 3147 3564 3175 2

2706 3202 3098 3265 comparere.
3172 3183 3265 3246 Et
3308 3191 3501 3260 certe,
3549 3203 3634 3246 ex
3668 3180 3904 3247 italicis
3944 3202 4200 3264 quoque
4234 3181 4351 3247 vix
4438 3179 4451 3192 '
4523 3176 4636 3242 ‘dia

2704 3288 2857 3350 pars
2899 3275 3316 3333 convenerat.
3375 3267 3721 3333 Romanus
3766 3267 4110 3350 episcopus
4153 3288 4367 3350 neque
4398 3269 4636 3331 venerat

2702 3354 2860 3436 ipse,
2906 3372 3118 3435 66666
3158 3354 3442 3436 aliquem
3484 3352 3759 3419 miserat
3791 3374 3875 3418 ex
3919 3353 4058 3419 suis
4092 3351 4498 3438 presbyteris,
4536 3346 4634 3432 qui

2705 3459 2823 3503 suo
2848 3439 3494 3504 nomineinteresset.
3525 3443 3673 3519 [pag.
3706 3442 3853 3517 132]
3874 3438 3985 3503 Ad
4006 3439 4133 3503 ista
4153 3440 4379 3503 omnia
4394 3455 4632 3521 respen-

2705 3523 2817 3590 det
2851 3522 3275 3589 Ambrosius:
3312 3545 3446 3589 nen
3478 3544 3621 3590 esse
3650 3545 3898 3590 nevum
3930 3523 4328 3607 exemplum,
4363 3529 4432 3589 ut
4455 3539 4632 3605 syno-

2706 3609 2865 3674 dum
2892 3617 3096 3694 agant
3124 3608 3558 3676 occidentales
3591 3610 3894 3693 episcopi,
3944 3631 4147 3693 quum
4176 3610 4381 3675 moris
4406 3625 4635 3689 semper

2706 3696 2925 3775 fuerit,
2971 3696 3320 3761 orientales
3364 3696 3539 3760 inter
3582 3716 3653 3761 se
3697 3696 4066 3761 convenire.
4153 3693 4515 3761 Prudenter
4552 3692 4631 3756 fe-

2708 3781 2876 3848 cisse
2912 3782 3053 3864 pios
3083 3782 3531 3865 imperatores,
3578 3782 3687 3864 qui
3725 3780 4081 3848 concilium
4112 3781 4463 3846 indixerint
4488 3778 4633 3843 facts

2709 3868 3011 3933 omnibus
3066 3866 3273 3932 libera
3327 3867 3640 3932 veniendi
3692 3873 4042 3950 potestate,
4100 3866 4290 3932 nulla
4343 3885 4485 3933 vero
4532 3882 4630 3927 ne-

2708 3953 3012 4018 cessitate
3069 3952 3394 4036 impesita.
3484 3953 3795 4031 Venisse,
3863 3953 4096 4036 quibus
4162 3953 4380 4018 visum
4423 3947 4627 4013 fuerit:

2709 4040 2866 4122 quia
2920 4059 3112 4103 nemo
3165 4039 3366 4104 fuerit
3434 4037 3824 4120 prohibitus.
3914 4036 4137 4120 Quum
4188 4041 4514 4124 pergerent
4564 4032 4632 4095 in

2711 4124 2850 4189 suis
2894 4124 3547 4209 tergiversationibus
3600 4123 3942 4202 haeretici,
3997 4146 4130 4189 non
4172 4135 4493 4208 propterea
4529 4116 4633 4182 de·

2710 4211 3022 4276 stiterunt
3077 4231 3116 4275 a
3186 4231 3303 4275 suo
3367 4211 3697 4294 proposito
3761 4210 3972 4275 sancti
4047 4218 4287 4293 patres.
4394 4204 4635 4272 Talibus

2712 4297 2997 4379 profecto
3023 4295 3343 4378 exemplis
3386 4317 3523 4360 nen
3567 4295 3953 4379 prehibetur
3986 4296 4303 4361 Maiestas
4344 4302 4461 4370 tua,
4484 4289 4637 4356 cao-

2711 4404 2849 4461 sar,
2916 4382 3265 4464 quominus
3318 4380 3401 4445 ad
3459 4380 3977 4465 recolligendum
4030 4382 4102 4446 in
4166 4387 4443 4447 sanctam
4490 4395 4640 4441 con·

2711 4467 3001 4533 cordiam
3043 4467 3303 4550 imperii
3345 4487 3583 4550 corpus
3628 4466 3771 4544 hac,
3817 4486 3983 4551 quae
4018 4489 4089 4534 se
4133 4466 4219 4533 ad
4260 4481 4503 4531 manum
4545 4459 4640 4524 of-

2710 4554 2857 4631 fert,
2906 4553 3160 4619 ratione
3203 4554 3433 4619 utaris.

2885 4637 3281 4721 Quanquam
3322 4659 3458 4703 non
3503 4638 3627 4704 1166
3672 4644 3882 4721 agunt
3923 4638 4034 4704 isti
4078 4636 4317 4717 nostri,
4359 4633 4461 4720 qui
4496 4650 4641 4717 pro·

2711 4723 3207 4790 crastinandum
3252 4723 3548 4803 suadent,
3594 4724 3765 4790 sicut
3802 4725 3932 4789 iam
3978 4724 4228 4790 dictum
4265 4730 4380 4801 est,
4420 4725 4489 4786 ut
4528 4715 4640 4782 ali-

2711 4810 3097 4894 quantisper
3140 4808 3532 4889 differendO,
3592 4808 3859 4874 tandem
3903 4809 4214 4877 ecclesiae
4256 4806 4638 4900 consulatur:

2711 4896 2830 4962 sed
2884 4896 3146 4962 lucrum
3199 4896 3391 4962 mode
3453 4917 3537 4961 ex
3582 4917 3764 4961 mera
3821 4904 4162 4979 quaerunt.
4254 4895 4455 4961 Porro
4495 4897 4641 4955 satis

2850 5186 2908 5252 1)
2945 5187 3122 5257 Epist.
3155 5185 3244 5240 32.
3414 5175 3421 5182 ’

2849 5255 2911 5322 2)
2949 5255 3373 5311 secundinianus
3409 5253 3546 5309 1576
3581 5271 3721 5326 seqq.
