4967 5992
387 309 512 370 529

385 495 618 580 longas
651 494 951 561 inducias
981 492 1321 561 habituros
1353 516 1425 562 se
1458 494 1862 574 existimant,
1888 495 1949 560 si
1970 494 2056 561 ad
2078 496 2345 561 univer-

385 581 522 648 sale
565 579 918 647 concilium
949 580 1217 646 rciicerc
1253 600 1377 646 nos
1410 581 1681 664 possint.
1755 579 2067 665 Agedum
2090 588 2345 646 tamen:

385 665 712 751 fingamus
775 666 910 731 iam
965 664 1134 731 nihil
1203 664 1491 745 obstare,
1563 666 1918 750 quominus
1971 665 2346 733 universale

392 750 742 820 concilium
795 772 954 818 mox
1008 759 1311 835 cogatur:
1369 753 1699 835 fingamus
1754 752 1956 817 etiam
2010 751 2184 818 serio
2238 752 2343 815 in-

387 836 637 906 dictum
689 857 864 917 esse,
918 834 1149 902 adesse
1204 836 1379 903 diem
1395 889 1412 917 ,
1470 837 1693 902 omnia
1750 858 1894 903 esse
1945 843 2340 921 comparata.

384 923 536 989 Illic
577 923 892 988 nimirum
933 923 1332 1005 praesidebit
1373 944 1685 989 romanus
1739 922 2065 1006 pontifex:
2127 929 2243 987 aut
2285 922 2345 986 si

385 1010 615 1078 venire
658 1007 1058 1093 gravabitur,
1103 1030 1313 1074 unum
1355 1008 1734 1092 quempiam
1776 1030 1861 1075 ex
1903 1006 2344 1073 cardinalibus

385 1096 409 1161 1
532 1094 655 1174 bit,
718 1094 830 1177 qui
873 1115 992 1160 suo
1033 1093 1177 1160 loco
1217 1094 1495 1178 praesit:
1552 1115 1833 1178 eumque
1876 1092 2106 1177 procul
2147 1091 2344 1158 dubio

385 1181 468 1247 de
497 1182 511 1196 ‘
563 1188 647 1260 et,
692 1200 887 1263 quem
923 1178 1315 1246 fidissimum
1349 1179 1475 1245 sibi
1515 1179 1654 1246 fore
1689 1177 2131 1246 arbitrabitur.
2211 1179 2342 1244 As-

384 1266 522 1335 side
567 1273 692 1331 unt
733 1263 1100 1332 cardinales
1135 1265 1389 1349 reliqui,
1434 1265 1720 1349 episcopi
1763 1263 1999 1330 deinde
2033 1272 2101 1330 et
2144 1263 2342 1329 abba-

383 1360 512 1419 tes:
568 1350 880 1417 subsellia
916 1349 1328 1435 occupabunt
1368 1349 1750 1418 consiliarii:
1811 1370 1974 1434 quos
2018 1359 2093 1415 ut
2133 1348 2342 1433 pluri-

382 1458 569 1504 mum
612 1436 900 1521 deligere
942 1456 1079 1501 non
1121 1436 1356 1515 solent,
1402 1437 1532 1501 nisi
1576 1436 1659 1501 ad
1702 1457 1891 1502 suam
1934 1436 2345 1501 voluntatem

387 1529 538 1604 [pag.
581 1526 730 1601 133]
783 1523 947 1588 bene
990 1522 1321 1590 formatos.
1409 1522 1595 1588 Fieri
1636 1520 1901 1604 quidem
1945 1521 2212 1606 poterit,
2268 1526 2346 1584 ut

387 1609 575 1693 pauci
645 1605 911 1691 quidam
982 1607 1137 1674 boni
1204 1609 1382 1674 inter
1449 1629 1561 1673 eos
1625 1606 1928 1673 sedeant:
1997 1627 2227 1673 verum
2278 1611 2346 1671 et

384 1701 654 1779 propter
695 1714 882 1759 suam
926 1694 1325 1776 paucitatem
1382 1693 1717 1777 despectui
1760 1699 1985 1772 erunt,
2045 1701 2113 1757 et
2164 1699 2347 1756 metu

389 1778 708 1846 debilitati
724 1830 740 1858 ,
798 1778 904 1844 vel
960 1779 1343 1863 proficiendi
1387 1778 1846 1863 desperatione
1889 1778 2112 1856 fracti,
2169 1784 2345 1842 tace-

387 1866 569 1931 bunt.
659 1862 856 1945 Quod
922 1864 979 1931 si
1037 1866 1185 1948 quis
1240 1866 1407 1930 forte
1472 1863 1752 1930 verbum
1813 1865 2026 1930 facere
2091 1861 2345 1943 audeat,

388 1952 670 2034 strepitu
715 1956 783 2015 et
821 1949 1234 2030 clamoribus,
1282 1950 1454 2017 dicto
1489 1950 1703 2028 citius,
1750 1950 2082 2015 obruetur.
2169 1946 2347 2013 Mul-

386 2037 601 2103 titudo
644 2045 865 2101 autem
908 2037 1001 2102 sic
1042 2037 1169 2102 erit
1209 2043 1604 2120 comparata,
1649 2040 1726 2099 ut
1768 2033 2031 2118 quidvis
2073 2053 2350 2117 passura

386 2123 477 2189 sit
517 2123 756 2206 potius,
800 2142 998 2204 quam
1045 2122 1384 2188 ecclesiam
1419 2121 1683 2186 restitui
1724 2120 1795 2185 in
1836 2127 2086 2185 statum
2122 2118 2348 2184 melio·

385 2230 545 2273 rem.
635 2208 741 2274 De
784 2206 1082 2274 doctrina
1126 2217 1327 2273 taceo.
1415 2206 1693 2272 Utinam
1736 2204 1928 2270 modo
1984 2203 2231 2289 integri
2273 2224 2349 2269 ac

386 2293 630 2361 dociles
684 2292 766 2358 ad
823 2313 1091 2359 causam
1151 2293 1468 2358 venirent.
1558 2292 1650 2356 At
1708 2298 1883 2356 certo
1918 2291 2160 2356 certius
2227 2295 2346 2367 est,

385 2400 593 2444 unam
646 2378 819 2444 hanc
877 2378 1016 2443 fore
1059 2378 1351 2443 omnium
1410 2375 1973 2442 deliberationem:
2030 2374 2350 2459 quidquid

386 2464 677 2544 dicatur,
776 2483 1156 2546 uaecunque
1212 2463 1573 2528 afferantur
1627 2463 1912 2528 rationes
1927 2513 1941 2539 ,
2010 2482 2146 2527 non
2201 2481 2347 2527 esse

386 2549 736 2616 auscultan
783 2570 915 2614 um.
1005 2547 1150 2614 Imo
1205 2569 1340 2614 non
1382 2548 1745 2631 pertinacia
1797 2547 1990 2612 modo
2032 2555 2101 2613 et
2143 2545 2346 2612 obsti-

385 2636 661 2700 natione
715 2654 907 2700 aures
961 2635 1084 2700 sibi
1140 2634 1512 2713 obstruent,
1566 2654 1652 2699 ne
1706 2633 2017 2699 obediant
2063 2631 2345 2710 veritati,

387 2719 510 2785 sed
541 2719 783 2786 ferocia
815 2720 1018 2785 etiam
1053 2719 1137 2785 ad
1161 2719 1599 2785 resistendum
1633 2741 1705 2784 se
1727 2716 2095 2783 armabunt.
2169 2716 2349 2799 Quid

387 2804 609 2871 enim?
681 2826 768 2869 an
821 2803 937 2887 qui
989 2805 1242 2870 nullam
1296 2825 1493 2871 sanae
1557 2803 1889 2870 doctrinae
1944 2803 2347 2868 mentionem

387 2889 657 2958 auribus
715 2889 1101 2969 admittunt,
1159 2911 1270 2955 eos
1322 2889 1633 2956 credibile
1691 2896 1823 2968 est,
1882 2888 2079 2954 simul
2139 2908 2216 2954 ac
2275 2888 2344 2952 in

389 2998 530 3042 rem
584 2981 1000 3059 praesentem
1065 2982 1342 3042 ventum
1407 2975 1636 3055 fuerit,
1701 2983 1935 3059 sponte
2003 2972 2344 3041 cessuros?

388 3084 478 3128 an
520 3061 633 3145 qui
675 3061 896 3126 omnia
939 3061 1332 3141 moliuntur,
1378 3083 1464 3127 ne
1498 3061 1860 3144 collapsum
1896 3059 2146 3126 Christi
2195 3081 2346 3145 reg-

387 3167 553 3213 num
604 3146 850 3211 iterum
912 3147 984 3211 in
1046 3146 1292 3213 mundo
1359 3157 1692 3231 resurgat,
1759 3166 1870 3211 eos
1937 3145 2347 3229 sperabimus

389 3230 722 3300 excitandi
774 3231 952 3297 illius
1010 3240 1077 3298 et
1122 3230 1552 3322 promovendi
1612 3230 1943 3296 adiutores
2012 3228 2191 3296 fore?
2259 3250 2346 3294 an

386 3318 503 3402 qui
545 3339 721 3384 nunc
765 3319 937 3383 ferro
968 3325 1036 3382 ct
1066 3318 1208 3402 igni
1244 3317 1589 3383 insaniunt
1620 3315 1942 3382 adversus
1976 3316 2344 3395 veritatem,

385 3403 677 3487 aliosque
720 3401 802 3467 ad
848 3404 1211 3483 saevitiam,
1257 3401 1471 3487 quoad
1515 3409 1812 3486 possunt,
1848 3408 2093 3468 acuunt
2135 3407 2202 3466 et
2241 3400 2346 3464 in-

386 3490 760 3567 flamfflant,
815 3487 1141 3554 humanos
1197 3510 1269 3555 se
1328 3496 1396 3554 et
1436 3487 1808 3553 moderatos
1852 3494 2014 3553 tunc
2058 3492 2347 3570 praesta·

388 3573 600 3642 bunt?
689 3574 972 3653 Verum,
1027 3583 1102 3640 ut
1145 3573 1316 3639 nihil
1372 3572 1553 3639 aliud
1620 3574 1734 3652 sit,
1802 3580 1957 3638 tuae
2011 3571 2134 3639 hoc
2189 3592 2347 3654 pru-

386 3659 667 3740 dentiae,
703 3659 1134 3726 invictissime
1171 3659 1435 3738 ansar,
1475 3664 1878 3741 vestraeque,
1915 3656 2347 3723 illustrissimi

383 3746 748 3829 Principes,
784 3745 1086 3829 relinquo
1129 3745 1636 3823 aestimandum,
1692 3765 1857 3809 num
1899 3742 2196 3827 pontifici
2241 3762 2348 3806 rc-

385 3852 588 3896 mano
632 3831 1109 3915 universaeque
1164 3831 1307 3898 eius
1348 3829 1620 3897 factioni
1663 3829 1978 3914 privatim
2023 3827 2345 3913 expediat,

385 3916 649 3983 restitui
694 3916 762 3980 in
810 3937 1041 3982 verum
1083 3916 1378 3982 ordinem
1425 3916 1800 3994 ecclesiam,
1860 3922 1928 3981 et
1972 3914 2055 3979 ad
2102 3921 2347 3979 rectam

386 4001 720 4086 evangelii
750 4022 1047 4067 normam
1080 4003 1649 4086 corruptissimum
1683 4001 1824 4067 eius
1853 4007 2101 4067 statum
2123 4020 2348 4065 emen-

389 4087 554 4154 dari.
645 4092 792 4166 [pag.
837 4092 983 4168 134]
1026 4086 1250 4169 Quam
1304 4095 1526 4153 autem
1578 4087 1766 4153 facile
1823 4109 1944 4152 sua
2007 4082 2349 4153 commoda

388 4171 689 4240 oblivisci
725 4173 1012 4254 soleant,
1069 4181 1145 4237 ut
1186 4173 1369 4238 nulla
1409 4194 1639 4239 eorum
1694 4171 1922 4238 habita
1965 4171 2221 4236 ratione
2264 4168 2350 4233 ad

390 4257 875 4342 suscipiendam
928 4278 1068 4323 com
1077 4260 1295 4324 munis
1350 4259 1582 4325 salutis
1624 4280 1850 4324 curam
1900 4257 2237 4324 voluntate
2284 4260 2350 4319 et

390 4342 608 4410 studio
653 4344 948 4411 ferantur
1003 4364 1258 4424 omneS,
1316 4345 1513 4412 certis
1569 4344 2040 4427 experimentis
2093 4341 2350 4408 habetis

387 4435 818 4516 compertum.
1789 4479 1796 4484 .

565 4515 725 4596 His,
786 4513 1065 4594 Caesar,
1121 4514 1461 4580 ecclesiam
1505 4515 1882 4597 permittes,
1939 4521 2014 4579 ut
2071 4513 2152 4578 de
2207 4511 2351 4577 eius

396 4599 827 4685 reparatione,
873 4621 994 4667 suo
1022 4599 1315 4680 arbitri0,
1361 4599 1466 4667 vel
1495 4619 1616 4664 sua
1657 4598 1876 4682 potius
1918 4598 2193 4664 libidine
2217 4603 2352 4665 sta-

395 4685 633 4753 tuant?
724 4685 832 4751 Ab
906 4706 1131 4752 eorum
1198 4691 1366 4750 nutu
1442 4705 1803 4768 suspensus
1867 4683 2198 4763 haerebis,
2277 4689 2354 4747 ut

395 4793 766 4856 nunquam,
813 4770 1019 4838 donec
1063 4770 1191 4855 ipsi
1233 4770 1713 4850 consenserint,
1761 4768 2073 4836 ecclesiae
2115 4790 2349 4834 consu-

394 4857 667 4924 lendum
713 4856 1071 4924 decernas?
1130 4854 1208 4923 Si
1250 4856 1515 4922 illorum
1551 4856 1678 4922 erit
1709 4853 2014 4940 cognitiO,
2059 4852 2234 4920 facili
2275 4873 2349 4921 se

394 4965 542 5011 com
627 4942 783 5009 ndio
816 4965 898 5009 ex
1033 4943 1183 5009 ‘ent
1273 4941 1821 5008 Pronunciabunt
1861 4940 2040 5006 enim
2074 4939 2167 5005 sic
2207 4961 2349 5006 ma-

395 5051 532 5095 nen
576 5050 709 5094 um.
797 5028 848 5128 β
909 5114 923 5128 .
987 5030 1344 5130 fingamus,
1400 5027 1510 5094 vel
1547 5026 1814 5128 'pudore
1858 5025 1974 5128 ’vel
2025 5033 2145 5090 tua
2189 5025 2350 5093 alio-

396 5134 926 5267 ffiissssninnffff
949 5120 1750 5286 ὲί-ῗιῑὲἓξὲῗΐῗρὲῗέἓῗ
1762 5119 2132 5266 .¹.¹'¹:1.¹¹⁶..{²3
2134 5112 2351 5266 ¹:3¹3}

613 5300 837 5360 Galum
860 5319 1049 5374 opera.
1127 5303 1240 5360 Vol.
1278 5302 1378 5361 VI.

1735 249 2461 376 nas-camma
2506 307 3053 380 Eoonnsmn.

4292 324 4423 389 530

2447 495 2725 580 imperio
2746 497 3231 582 aliquantulum
3261 501 3625 582 remittant,
3669 523 3831 569 eone
3863 511 4097 588 sponte
4119 528 4416 593 unquam

2450 580 2877 663 descendent,
2937 594 3015 651 ut
3069 607 3141 652 se
3193 587 3266 651 in
3321 586 3619 656 ordinem
3675 590 3915 656 coactis
3959 590 4215 659 Christi
4259 616 4411 680 reg-

2449 689 2611 733 num
2654 668 2996 754 erigatur?
3088 670 3425 751 Quorsum
3477 672 3683 773 igitur
3737 674 3869 741 illis
3912 676 4263 745 mandetur
4305 704 4413 747 re-

2446 751 2828 821 formandae
2870 755 3179 823 ecclesiae
3222 778 3414 838 cura,
3469 760 3598 824 msi
3652 765 3730 823 ut
3781 781 3939 827 oves
3992 761 4167 846 lupis
4209 785 4411 849 expo-

2448 839 2739 903 nantur?
2829 839 2908 907 Si
2948 841 3344 909 alterutrum
3400 842 3692 911 accidere
3736 865 4003 913 necesse
4046 849 4160 927 sit,
4217 872 4410 933 prae-

2448 929 2658 989 staret
2710 931 2937 991 tamen
2987 927 3330 994 ecclesiam
3381 950 3502 1012 pro
3568 929 3880 997 derelicta
3935 930 4407 1019 desperataque

2447 1008 2705 1087 haberi,
2765 1031 2966 1093 quam
3024 1014 3096 1078 in
3140 1014 3303 1080 tales
3347 1014 3636 1082 medicos
3680 1016 3985 1083 incidere.
4074 1019 4409 1087 Decuerat

2446 1093 2712 1176 quidem
2769 1117 2907 1176 eos,
2977 1099 3089 1181 qui
3142 1105 3483 1182 pastorum
3538 1122 3778 1166 nomen
3834 1101 4181 1187 locumque
4237 1105 4406 1172 obti-

2445 1186 2637 1259 nent,
2696 1181 2944 1263 primos
2987 1184 3282 1249 omnium
3337 1185 3645 1252 advolare
3690 1185 3772 1252 ad
3815 1208 4007 1271 opem
4050 1190 4147 1255 illi
4191 1191 4410 1258 feren·

2445 1261 2615 1330 dam.
2689 1265 3038 1346 Decuerat,
3082 1269 3313 1351 fateor,
3356 1270 3555 1337 duces
3596 1292 3707 1356 eos
3750 1293 3823 1338 se
3858 1275 4174 1356 profiteri:
4220 1278 4405 1360 prin-

2445 1350 2625 1433 cipes
2668 1372 2827 1418 vero
2870 1374 2941 1419 se
2998 1353 3129 1419 illis
3172 1357 3441 1422 comites
3485 1356 3845 1443 adiungere
3894 1359 3967 1425 in
4016 1382 4213 1444 opere
4266 1371 4404 1428 tam

2446 1443 2702 1515 sanct0,
2761 1444 2829 1503 et
2895 1436 3242 1506 adiutores.
3332 1439 3470 1506 Sed
3534 1442 3723 1526 quid,
3789 1442 3849 1508 si
3913 1466 4049 1510 non
4103 1447 4400 1513 faciunt?

2448 1519 2646 1600 Quid,
2699 1523 2756 1587 si
2798 1524 2943 1588 fieri
2998 1524 3081 1590 ab
3141 1525 3287 1591 aliis
3333 1525 3613 1592 nolunt?
3703 1527 3902 1610 Quid,
3962 1532 4019 1596 si
4067 1531 4152 1597 ad
4204 1534 4415 1616 impe·

2449 1605 2767 1672 diendum
2837 1608 3095 1674 nullum
3168 1631 3306 1676 non
3372 1620 3644 1678 movent
3705 1611 4037 1698 lapidem?
4136 1619 4249 1684 An
4311 1640 4417 1684 re-

2447 1691 2768 1776 spiciendi
2790 1702 2937 1759 tum
2960 1715 3220 1779 quoque
3256 1697 3445 1763 nobis
3482 1707 3654 1777 sunt,
3703 1720 3786 1764 ne
3828 1700 3976 1781 quis
4012 1723 4083 1768 sc
4128 1714 4411 1781 moveat,

2451 1776 2657 1844 donec
2707 1778 2838 1862 ipsi
2893 1779 3176 1863 digitum
3230 1782 3663 1849 sustulerint?
3745 1783 4045 1851 adhucne
4090 1788 4417 1854 audienda

2451 1863 2569 1928 illa
2611 1863 2901 1931 solennis
2944 1886 3174 1931 eorum
3226 1868 3583 1934 cantilena:
3641 1869 3808 1934 nihil
3854 1875 4004 1949 [pag.
4058 1878 4204 1952 135]
4265 1881 4410 1940 ten-

2451 1948 2728 2014 tandum
2770 1949 2973 2015 donec
3016 1952 3310 2034 pontifex
3346 1954 3808 2037 approbaverit
3829 1955 3861 2019 ?
3950 1954 4064 2024 Sic
4098 1979 4255 2042 ergo
4297 1958 4417 2024 ha-

2450 2033 2602 2099 beat
2644 2042 2758 2099 tua
2801 2035 3146 2102 Maiestas:
3195 2035 3482 2120 adeoque
3528 2059 3647 2104 vos
3704 2040 3903 2106 simul
3948 2062 4176 2110 omnes
4220 2066 4417 2129 repu-

2453 2126 2589 2185 tate
2632 2141 2783 2187 cum
2825 2122 3063 2187 animis
3110 2122 3366 2201 vestris,
3411 2122 3836 2191 illustrissimi
3878 2126 4260 2212 Principes,
4317 2129 4416 2195 vi-

2450 2206 2639 2287 rique
2682 2206 3102 2284 ornatissimi,
3150 2206 3494 2274 ecclesiam
3553 2231 3594 2273 a
3648 2210 3786 2275 suis
3846 2212 4222 2295 pastoribus
4276 2236 4411 2279 non

2452 2290 2645 2356 modo
2680 2290 3004 2375 proditam
3023 2343 3039 2372 ,
3082 2291 3437 2371 desertam,
3477 2292 3859 2361 destitutam
3877 2347 3894 2376 ,
3934 2297 4049 2362 sed
4085 2307 4412 2376 vexatam,

2450 2377 2766 2442 afflictam
2800 2384 3098 2443 extrema
3149 2378 3520 2444 calamitate
3535 2430 3551 2458 ,
3610 2379 3894 2463 denique
3951 2383 4152 2448 exitio
4213 2382 4414 2449 desti-

2453 2469 2709 2541 natam,
2765 2461 2851 2528 ad
2906 2461 3108 2528 fidem
3161 2471 3451 2530 vestram
3509 2465 3878 2550 confugere.
3972 2465 4155 2548 Quin
4198 2468 4416 2551 potius

2452 2547 2547 2614 sic
2604 2548 3002 2614 existimate:
3072 2549 3295 2615 offerri
3353 2550 3461 2615 hic
3518 2550 3704 2617 vobis
3760 2573 3799 2616 a
3855 2549 4001 2617 Deo
4049 2554 4414 2634 materiam,

2448 2632 2525 2697 in
2568 2655 2698 2717 qua
2737 2634 3069 2717 specimen
3112 2634 3323 2700 edatis
3364 2635 3626 2719 insigne
3669 2656 3745 2701 ac
3790 2643 4110 2703 testatum
4152 2647 4412 2705 vestrae

2453 2739 2614 2803 erga
2638 2740 2708 2785 se
2734 2719 3209 2785 observantiae.
3281 2717 3467 2787 Nihil
3503 2729 3620 2800 est,
3667 2722 3839 2804 quod
3884 2724 4074 2790 nobis
4111 2724 4415 2791 omnibus

2452 2805 2686 2870 maiori
2741 2826 2938 2872 curae
2981 2827 3156 2884 esse,
3215 2813 3283 2870 et
3325 2806 3399 2871 in
3448 2826 3578 2890 quo
3634 2808 3971 2874 elaborare
4027 2831 4150 2876 nos
4193 2810 4415 2875 inten-

2452 2891 2617 2955 tiore
2673 2889 2893 2956 studio
2950 2891 3111 2957 velit
3163 2891 3378 2972 Deus,
3448 2913 3647 2976 quam
3702 2901 3780 2960 ut
3838 2894 4094 2961 illibata
4149 2903 4417 2961 maneat

2451 2975 2742 3040 nominis
2779 2977 2882 3041 sui
2947 2976 3131 3057 loria,
3177 2984 3253 3042 ut
3291 2999 3571 3062 regnum
3594 3000 3788 3044 suum
3832 2981 4084 3060 floreat,
4131 2989 4208 3046 ut
4249 3002 4418 3065 pura

2451 3062 2679 3145 vigeat
2718 3061 2835 3127 illa
2877 2998 3195 3142 dgoctrina,
3240 3084 3406 3146 quae
3450 3062 3590 3129 sola
3643 3064 3727 3130 ad
3770 3066 3987 3149 ipsum
4030 3068 4157 3131 rite
4199 3067 4417 3132 colen-

2452 3144 2611 3211 dum
2653 3145 3031 3230 praelucere
3087 3147 3276 3214 nobis
3328 3147 3537 3215 debet.
3628 3147 3896 3230 Quanto
3948 3152 4158 3236 igitur
4206 3152 4417 3235 magis

2450 3231 2617 3298 haec
2659 3232 2989 3316 principes
3033 3254 3281 3313 curare,
3329 3234 3493 3299 haec
3529 3232 3831 3301 meditari
3845 3287 3861 3315 ,
3910 3236 4071 3303 haec
4115 3257 4310 3321 agere
4351 3243 4418 3301 et

2448 3317 2756 3401 persequi
2799 3316 3025 3383 decet?
3085 3338 3248 3401 quos
3293 3318 3440 3384 ideo
3486 3320 3775 3385 nominis
3819 3322 3923 3385 sui
3972 3322 4417 3387 communica-

2451 3402 2633 3467 tione
2678 3400 2989 3486 dignatus
3032 3410 3161 3483 est,
3208 3410 3283 3469 ut
3326 3403 3572 3489 gloriae
3618 3425 3777 3470 suae
3822 3404 4129 3472 custodes
4170 3406 4305 3470 sint
4347 3407 4418 3471 in

2450 3489 2647 3552 terris
2691 3508 2767 3553 ac
2809 3487 3119 3554 vindices.

2624 3572 2876 3653 Nolite,
2922 3573 3218 3654 obsecr0,
3274 3575 3568 3658 profanis
3614 3573 3989 3641 hominibus
4031 3597 4257 3641 aurem
4303 3596 4411 3639 ac-

2452 3658 2889 3739 commodare,
2935 3661 3047 3742 qui
3091 3660 3198 3726 vel
3239 3659 3457 3726 fallaci
3500 3660 3758 3726 concilii
3804 3661 4242 3734 ostentatione
4287 3681 4410 3726 vos

2451 3744 2718 3823 lactant,
2761 3764 2844 3809 ne
2878 3743 3035 3828 quid
3080 3745 3427 3812 levationis
3462 3768 3547 3811 ex
3590 3745 3774 3812 vobis
3818 3747 4061 3811 sentiat
4104 3747 4408 3813 ecclesia:

2453 3830 2563 3895 vel
2606 3830 2779 3895 hanc
2819 3850 3103 3911 causam,
3191 3852 3352 3896 uum
3397 3831 3485 3897 sit
3526 3832 3817 3896 omnium
3864 3833 4180 3911 maxima,
4227 3840 4411 3897 exte-

2453 3924 2695 3994 nuant,
2754 3936 2881 3999 quo
2926 3916 3072 3981 sitis
3260 3936 3408 3981 cam
3451 3916 3931 4000 suscipiendam
3976 3917 4410 3983 remissiores:

2455 4001 2559 4067 vel
2618 4000 2702 4066 ad
2754 4000 3075 4066 violentas
3129 4003 3272 4068 eius
3330 4001 3796 4086 transigendae
3848 4003 4134 4068 rationes
4176 4002 4413 4086 impel-

2455 4086 2620 4151 lunt.
2700 4086 3044 4152 Hactenus
3081 4108 3349 4171 operam
3387 4087 3833 4171 perdiderunt,
3879 4088 3991 4171 qui
4034 4097 4100 4152 te
4143 4087 4229 4152 ad
4269 4107 4411 4154 sae·

2456 4172 2687 4238 vitiam
2729 4171 3157 4253 inflammare,
3199 4172 3632 4240 invictissime
3677 4172 3939 4253 Caesar,
3982 4180 4050 4237 et
4084 4172 4205 4238 tibi
4249 4193 4411 4255 quo-

2456 4254 2807 4323 dammodo
2862 4278 3048 4324 arma
3111 4258 3385 4324 induere
3449 4259 3666 4326 conati
3731 4265 3902 4323 sunt.
3991 4256 4412 4323 Praeclaram

2457 4351 2636 4409 certe
2699 4351 2768 4408 et
2832 4343 3355 4411 mansuetudinis
3422 4352 3489 4409 et
3552 4343 3943 4428 prudentiae
4008 4342 4272 4409 laudem
4328 4341 4414 4407 ad

2453 4436 2750 4512 posteros
2792 4438 3234 4513 consequutus
3277 4451 3381 4509 es,
3438 4429 3611 4512 quod
3652 4428 4051 4495 turbulentis
4102 4428 4412 4508 consiliis,

2455 4515 2693 4598 quibus
2724 4535 2917 4598 saepe
2957 4520 3110 4596 [pag.
3154 4520 3302 4595 136]
3338 4516 3750 4598 multumque
3781 4519 4069 4580 tentatus
4103 4536 4193 4594 es,
4238 4536 4414 4579 nun-

2454 4621 2658 4683 quam
2712 4606 2779 4665 te
2837 4621 2877 4665 a
2926 4608 3250 4684 perpetua
3307 4600 3753 4666 moderatione
3804 4620 4039 4683 passus
4086 4621 4156 4666 es
4202 4599 4412 4665 dimo-

2454 4685 2614 4751 veri.
2687 4684 2791 4749 Ea
2827 4684 2974 4750 laus
3019 4706 3104 4750 ne
3146 4685 3405 4769 quando
3448 4687 3566 4752 tibi
3609 4693 4080 4769 extorqueatur
4121 4684 4409 4751 hostium

2453 4776 2833 4834 nostrorum
2887 4770 3413 4853 importunitate,
3475 4771 3673 4836 etiam
3732 4777 3927 4854 atque
3985 4771 4187 4836 etiam
4243 4770 4411 4837 vide.

2454 4853 2533 4920 si
2591 4861 2969 4920 terreantur
3022 4856 3365 4936 haeretici,
3418 4877 3553 4922 non
3602 4857 3990 4935 doceantur,
4048 4856 4415 4938 improbam

2451 4961 2596 5006 esse
2647 4940 3158 5007 dominationem
3211 4941 3627 5025 Augustinus
3653 4943 3701 5026 ¹)
3755 4941 4067 5026 agnoscit.
4157 4938 4234 5006 si
4289 4938 4416 5004 hac

2596 5212 2654 5280 1)
2693 5213 2795 5283 Ep.
2829 5211 2899 5267 48
2934 5213 3003 5269 ad
3038 5214 3396 5270 vincentium.
