4967 5992
618 354 746 416 279

614 536 930 613 siasticos,
978 537 1249 616 excepto
1293 531 1356 594 A
1494 529 1687 609 stino,
1729 529 1825 594 ita
1866 527 2188 611 ambigue,
2238 532 2354 592 aut
2387 526 2570 591 varie

614 622 689 686 in
732 621 856 685 hac
898 638 971 681 re
1017 616 1318 699 loquutos
1361 613 1662 694 dixerim,
1708 621 1783 679 ut
1825 622 2080 680 certum
2114 611 2447 695 quidpiam
2488 632 2572 677 ex

616 725 841 771 corum
887 702 1149 784 scriptis
1192 700 1419 767 haberi
1460 706 1758 782 nequeat.
1829 697 1962 765 Sed
2007 698 2221 782 primo
2268 718 2434 780 quae
2468 697 2572 762 vis

616 797 682 855 et
749 789 928 855 notio
994 788 1080 855 sit
1135 786 1437 854 vocabuli
1502 778 1747 851 definit.
1837 782 2208 849 Arbitrium
2274 789 2388 847 aut
2451 803 2574 865 pro

615 876 960 953 electione,
1014 881 1129 938 aut
1183 870 1679 937 convenientius
1728 891 1849 954 pro
1892 869 2232 936 voluntate
2274 867 2422 951 ipsa
2464 888 2573 932 ac·

615 961 745 1044 cipi
786 960 961 1027 vult:
1006 959 1288 1023 liberum
1332 962 1553 1021 autem
1598 956 1818 1022 vocari
1861 956 2359 1038 interpretatur,
2402 952 2574 1035 quod

616 1048 722 1113 sui
756 1046 921 1110 iuris
958 1051 1073 1123 est,
1111 1049 1227 1107 aut
1262 1043 1361 1106 sui
1398 1042 1609 1124 ipsius
1643 1040 1845 1106 habet
1878 1047 2297 1125 potestatem:
2336 1058 2576 1121 nempe

615 1133 713 1197 ita
754 1129 1032 1196 faciendi
1075 1127 1392 1211 quidquid
1434 1127 1608 1206 facit,
1652 1134 1732 1191 ut
1773 1147 1910 1191 non
1951 1125 2317 1191 necessario
2360 1123 2576 1203 faciat,

616 1217 733 1283 8οᾶ
773 1216 979 1300 possit
1029 1234 1164 1278 non
1218 1215 1447 1278 facere.
1535 1213 1683 1296 Ego
1723 1232 1883 1277 vero
1899 1263 1916 1290 ,
1975 1218 2291 1294 quantum
2333 1208 2417 1273 ad
2459 1229 2577 1275 vo-

616 1322 757 1367 cem
798 1301 1106 1384 pertinet,
1151 1296 1366 1363 adhuc
1407 1298 1735 1381 profiteor,
1782 1295 1955 1380 quod
1996 1296 2069 1359 in
2114 1315 2263 1360 mea
2293 1294 2577 1359 Institu-

613 1388 792 1452 tione
827 1392 1109 1451 testatus
1144 1405 1310 1463 sum,
1352 1404 1487 1448 non
1524 1382 1686 1447 adeo
1731 1402 1836 1447 me
1872 1380 2401 1465 superstitiosum
2436 1401 2579 1446 esse

612 1473 686 1536 in
729 1472 966 1551 verbis,
1010 1477 1089 1534 ut
1122 1470 1263 1534 01118
1307 1489 1504 1535 001180
1538 1467 1736 1533 velim
1773 1467 2257 1533 contentionem
2289 1465 2579 1549 aliquam

611 1576 910 1624 movere:
979 1553 1172 1620 modo
1239 1555 1336 1619 rei
1409 1552 1848 1637 intelligentia
1900 1573 2064 1617 sana
2127 1557 2409 1617 maneat.
2500 1549 2579 1616 Si

615 1642 932 1708 coactioni
975 1640 1327 1724 opponitur
1368 1637 1654 1718 libertae,
1697 1637 1982 1703 liberum
2023 1656 2167 1702 0880
2210 1636 2578 1716 arbitrium,

615 1736 683 1792 et
722 1728 968 1806 fateor,
1032 1732 1099 1790 et
1142 1731 1519 1789 constanter
1561 1744 1888 1788 assevero:
1946 1741 2022 1787 ac
2076 1742 2195 1805 pro
2247 1721 2579 1787 haeretico

619 1812 847 1891 habeo,
888 1811 1181 1895 quisquis
1214 1830 1403 1876 secus
1434 1805 1693 1873 sentiat.
1766 1806 1842 1874 Si
1877 1807 2019 1886 hoc,
2055 1808 2345 1890 inquam,
2381 1827 2582 1872 sensu

616 1897 898 1962 liberum
953 1901 1257 1972 vocetur,
1324 1894 1477 1977 quia
1526 1915 1658 1959 non
1716 1899 2019 1977 cogatur,
2087 1898 2202 1957 aut
2251 1892 2583 1957 violenter

618 1982 929 2050 trahatur
970 1988 1240 2046 externo
1284 1987 1494 2057 motu,
1551 1978 1666 2044 8οᾶ
1711 1986 1949 2062 sponte
1994 1984 2233 2061 agatur
2275 1997 2422 2056 sua,
2475 1978 2579 2041 ni-

617 2065 715 2130 hil
766 2087 1001 2130 100101.
1105 2063 1240 2131 Sed
1294 2085 1493 2148 quum
1553 2064 1731 2129 aliud
1783 2083 2053 2145 prorsus
2108 2061 2308 2147 vulgo
2364 2063 2580 2128 conci-

663 2152 829 2230 iant,
886 2151 1042 2216 dum
1101 2150 1224 2215 hoc
1278 2149 1614 2232 epitheton
1666 2148 1954 2214 hominis
2006 2148 2338 2213 voluntati
2391 2148 2579 2212 attri-

617 2173 850 2302 butum
902 2236 1012 2301 vel
1078 2234 1360 2300 audiunt
1401 2234 1507 2301 vel
1551 2235 1812 2319 legunt,
1871 2233 2035 2298 haec
2077 2254 2275 2298 causa
2318 2240 2420 2297 cst
2462 2252 2583 2297 cur

615 2321 781 2387 mihi
824 2321 1179 2406 displiceat.
1268 2320 1346 2386 Si
1404 2319 1671 2404 quidem
1722 2319 1807 2384 ad
1863 2319 2240 2384 facultatem
2286 2325 2432 2396 [pag.
2469 2322 2581 2398 65]

616 2407 917 2491 viresque
976 2408 1299 2486 referunt,
1355 2427 1476 2471 nec
1526 2404 1846 2488 impedire
1886 2404 2095 2486 possis
2110 2455 2126 2482 ,
2181 2405 2340 2486 quin
2384 2403 2582 2468 simul

618 2515 693 2560 ac
737 2493 944 2558 libera
1008 2492 1208 2557 fuerit
1249 2492 1563 2558 voluntas
1609 2489 1810 2570 dicta,
1865 2490 2029 2555 11000
2118 2488 2373 2555 1111111118
2414 2490 2581 2554 1100-

616 2578 866 2663 ginatio
921 2578 1223 2661 protinus
1276 2578 1345 2641 in
1411 2581 1704 2640 mentem
1756 2576 2015 2640 veniat:
2133 2574 2326 2639 abere
2378 2574 2583 2658 igitur

617 2663 738 2730 sub
796 2670 1118 2745 potestate
1174 2684 1296 2727 sua
1337 2661 1582 2726 bonum
1627 2667 1694 2725 et
1733 2660 2012 2738 malum,
2068 2667 2145 2724 ut
2189 2659 2584 2725 alterutrum

616 2748 702 2813 eli
751 2768 861 2813 ere
905 2756 1135 2829 suapte
1178 2747 1427 2812 virtute
1481 2753 1695 2831 queat.
1783 2746 1934 2810 Non
1979 2745 2184 2829 igitur
2226 2746 2422 2811 unius
2463 2766 2583 2811 vo-

618 2769 807 2898 cufae
844 2851 1051 2920 ‚causa
1092 2833 1338 2896 frustra
1380 2832 1596 2915 litigo:
1657 2830 1774 2895 sed
1817 2851 2083 2896 causam
2126 2830 2292 2895 mihi
2334 2832 2583 2897 iustam

618 2917 862 2982 habere
911 2916 1168 2996 videor,
1227 2937 1344 2982 cur
1386 2915 1689 2983 voculam
1733 2925 1954 2999 optem
1995 2916 2318 2981 sublatam
2364 2937 2401 2980 e
2445 2938 2582 2982 me-

620 3001 758 3082 dio,
825 3000 908 3065 ad
952 3022 1143 3085 quam
1202 3003 1412 3067 maior
1464 3023 1665 3087 prope
1708 3001 1937 3066 mundi
1979 3022 2132 3084 pars
2176 3008 2363 3067 tanto
2406 3003 2583 3085 peri-

619 3086 781 3152 culo·
806 3087 1013 3170 impin
1067 3088 1130 3151 ἰ.
1220 3086 1622 3170 Quanquam
1675 3108 1760 3152 110
1820 3107 1971 3153 cum
2024 3087 2389 3170 scripturae
2437 3089 2583 3169 qui-

619 3172 771 3238 dem
809 3194 938 3238 usu
978 3170 1242 3240 videtur
1286 3171 1642 3238 admodum
1679 3172 1847 3238 bene
1889 3174 2256 3238 convenire.
2344 3173 2583 3238 Liber-

615 3266 719 3325 tas
763 3259 940 3323 enim
981 3265 1049 3323 et
1090 3259 1373 3324 servitus
1414 3259 1594 3323 inter
1636 3279 1706 3323 se
1755 3265 2084 3341 pugnant:
2145 3265 2220 3322 ut
2262 3259 2375 3341 qui
2418 3259 2582 3323 alte-

615 3366 765 3409 rum
823 3343 1097 3424 dixerit,
1153 3344 1434 3409 alterum
1478 3351 1694 3427 neget.
1782 3343 2100 3423 Proinde,
2146 3344 2203 3409 81
2248 3363 2439 3410 serva
2482 3351 2586 3409 est

614 3428 904 3495 hominis
947 3430 1283 3509 voluntas,
1326 3430 1537 3495 libera
1578 3427 1804 3508 simul,
1851 3429 1977 3494 nisi
2023 3430 2408 3513 improprie,
2452 3428 2582 3514 dici

613 3537 751 3580 non
805 3521 1036 3598 potest.
1124 3515 1320 3581 Nunc
1364 3514 1742 3594 audiamus,
1798 3513 1956 3598 quid
1999 3515 2268 3596 spiritus
2313 3522 2581 3582 sanctus

614 3602 1027 3684 pronunciet.
1126 3599 1498 3665 Contentus
1548 3607 1771 3665 autem
1836 3620 1947 3664 ero
2003 3620 2136 3664 uno
2195 3599 2368 3666 loco:
2426 3602 2582 3683 quia

569 3719 585 3733 =
615 3706 753 3749 non
811 3684 891 3749 de
945 3707 1018 3750 re
1076 3685 1252 3768 ipsa,
1310 3685 1425 3750 8οᾶ
1481 3684 1561 3750 de
1617 3685 1753 3749 solo
1809 3685 2074 3749 nomine
2118 3686 2414 3768 quaestio
2458 3693 2577 3751 est.

618 3768 845 3851 Quum
882 3777 1279 3835 sanctorum‘
1297 3769 1732 3836 conditionem
1770 3768 2083 3836 describit
2115 3769 2387 3850 Paulus,
2424 3791 2579 3836 con-

615 3855 854 3938 stringi
908 3856 1199 3938 captivos
1251 3856 1372 3922 sub
1429 3856 1675 3938 peccati
1740 3854 2022 3922 vinculis
2075 3861 2384 3934 testatur,
2452 3876 2583 3940 qua

614 3946 806 4025 parte
848 3940 1140 4006 nondum
1184 3961 1305 4024 per
1341 3941 1644 4022 spiritum
1683 3939 1815 4005 Dei
1856 3947 2014 4007 sunt
2043 3939 2307 4006 liberati
2352 3941 2577 4025 (Rom.

619 4031 677 4105 7,
717 4024 850 4109 23).
940 4027 1033 4091 Et
1075 4046 1278 4109 quum
1322 4025 1404 4090 de
1445 4026 1733 4090 hominis
1777 4033 2016 4091 natura
2059 4025 2374 4109 loquitur,
2423 4026 2581 4092 dicit

615 4133 770 4177 eum
815 4110 1159 4178 venditum
1216 4132 1358 4177 0880
1414 4110 1538 4176 sub
1592 4119 1855 4193 peccato
1914 4109 2135 4195 (Rom.
2182 4116 2239 4191 7,
2283 4113 2409 4195 14).
2501 4111 2581 4179 Si

616 4197 792 4263 servi
835 4204 995 4262 sunt
1050 4216 1136 4261 ex
1179 4217 1256 4262 ea
1298 4204 1488 4280 parte
1531 4196 1772 4275 sancti,
1828 4217 1959 4279 qua
2000 4197 2123 4262 sibi
2169 4204 2580 4281 naturaeque

616 4302 773 4347 suae
825 4280 1041 4349 adhuc
1080 4282 1564 4365 relinquuntur,
1620 4281 1778 4364 quid
1822 4282 1903 4346 de
1944 4281 2316 4348 hominibus
2360 4282 2580 4350 dicen-

617 4366 776 4432 dum
826 4368 980 4447 erit,
1031 4368 1102 4433 in
1154 4367 1388 4452 quibus
1440 4368 1581 4433 sola
1635 4368 1824 4452 viget
1876 4388 1953 4433 ac
2004 4376 2243 4452 regnat
2293 4369 2576 4434 natura?

618 4448 697 4516 si
751 4460 899 4533 post
938 4454 1506 4538 regenerationem
1565 4472 1699 4518 non
1752 4453 1881 4519 nisi
1925 4450 2195 4518 dimidia
2238 4462 2339 4519 est
2378 4454 2577 4520 liber-

616 4540 749 4613 tas,
810 4536 966 4617 quid
1022 4540 1091 4602 in
1145 4540 1359 4621 prima
1410 4539 1626 4605 carnis
1680 4538 2130 4623 generatione,
2184 4539 2312 4604 nisi
2382 4539 2578 4622 plena

619 4619 943 4685 servitus?
1025 4622 1220 4704 Quod
1259 4626 1457 4690 etiam
1500 4627 1715 4708 ipsum
1759 4632 1955 4690 antea
1998 4623 2256 4690 dixerat
2297 4624 2571 4691 Paulus.

616 4703 785 4787 Agit
826 4706 1005 4768 enim
1046 4717 1231 4774 sexto
1273 4712 1485 4794 capite
1520 4712 1767 4795 gratias
1809 4712 1972 4790 Deo,
2018 4710 2192 4793 quod
2236 4732 2277 4776 a
2309 4719 2574 4796 peccato

618 4789 882 4856 liberati
936 4791 1182 4855 fuerint
1222 4794 1534 4873 Romani,
1579 4796 1687 4862 cui
1731 4805 1885 4862 ante
1927 4796 2305 4863 serviebant
2350 4797 2569 4881 (Rom.

619 4880 680 4956 6,
724 4876 854 4961 17).
871 4961 884 4975 0
939 4875 1282 4955 Videmus,
1327 4888 1402 4943 ut
1444 4891 1595 4946 ante
1643 4882 2207 4980 regenerationem
2250 4903 2387 4947 non
2429 4902 2572 4948 car·

617 4962 723 5027 nis
766 4961 1102 5044 reliquias,
1158 4959 1275 5027 8οᾶ
1314 4969 1529 5028 totum
1571 4965 1903 5032 hominem
1943 4966 2203 5034 addicat
2244 4967 2569 5033 servituti.

620 5045 754 5127 Qui
810 5065 968 5130 ergo
1027 5046 1307 5112 liberum
1362 5051 1596 5114 asserit
1649 5051 2020 5132 arbitrium,
2079 5054 2206 5119 alio
2257 5054 2572 5119 idiomate

616 5152 818 5216 quam
859 5132 1135 5216 spiritus
1176 5140 1440 5198 sanctus
1491 5134 1718 5199 utitur.
1805 5137 1898 5202 Et
1936 5145 2158 5204 tamen
2203 5139 2379 5205 inter
2406 5138 2571 5205 doc-

615 5225 720 5284 tos
760 5218 817 5284 si
862 5216 943 5285 de
986 5218 1462 5303 significatione
1504 5221 1881 5300 conveniat,
1909 5226 2127 5305 patior
2159 5232 2237 5290 ut
2270 5246 2415 5291 0010
2450 5245 2571 5291 vo-

1914 334 2447 412 RESPONSIO
2493 332 2870 402 CONTRA
2910 334 3332 403 PIGHIUM

4508 334 4632 399 280

2677 543 2819 589 00111
2848 524 2897 609 ι)
2941 531 3281 606 usurpent.
3372 524 3474 589 Ac
3516 544 3601 589 ne
3643 521 3728 588 ad
3775 522 4094 606 populum
4133 519 4404 605 quidem
4447 540 4634 585 usur-

2674 629 2836 693 pare
2877 608 3194 693 prohibeo
3209 660 3226 688 ,
3286 610 3340 672 si
3386 629 3493 676 res
3534 610 3795 693 signata
3837 608 4002 673 bene
4045 606 4427 690 explicetur.
4504 604 4637 670 Ve-

2676 717 2831 760 rum
2888 695 3000 760 ubi
3052 694 3179 759 hoc
3232 695 3573 778 impetrari
3616 695 3875 778 nequit,
3915 694 4196 759 lectores
4235 691 4344 756 hic
4387 709 4634 768 moneo,

2676 789 2754 846 ut
2807 779 2890 845 ad
2946 801 3087 845 rem
3146 781 3359 864 magis
3414 801 3614 864 quam
3667 779 3753 846 ad
3804 799 4048 844 nomen
4089 775 4635 844 animadvertant.

2680 863 2817 931 Sed
2860 868 3170 949 quoniam
3229 872 3443 931 astute
3494 865 3780 950 Pighius
3824 884 3976 929 cum
4030 863 4420 930 necessitate
4463 880 4640 927 coac-

2678 952 2928 1017 tionem
2969 957 3118 1031 [pag.
3159 955 3267 1031 66]
3310 957 3628 1036 perpetuo
3672 949 4042 1030 confundit,
4088 969 4370 1033 quarum
4416 946 4640 1012 discri-

2679 1057 2835 1102 men
2886 1044 3111 1103 tenere
3164 1046 3234 1102 et
3288 1036 3638 1122 diligenter
3679 1036 4087 1116 meminisse,
4144 1033 4509 1118 plurimum
4562 1031 4644 1097 ad

2678 1124 3080 1205 propositam
3133 1123 3581 1205 quaestionem
3631 1122 3861 1202 refert,
3931 1122 4096 1187 haec
4149 1126 4434 1203 quatuor
4487 1116 4641 1201 011111

2679 1208 2859 1272 1οι01
2909 1230 2979 1274 80
3036 1207 3374 1289 differant,
3437 1208 3784 1274 observare
3840 1206 4176 1273 convenit:
4231 1204 4645 1270 voluntatem

2682 1300 2799 1357 aut
2840 1292 3117 1359 liberam
3160 1315 3321 1374 0880,
3370 1301 3485 1360 0οι
3527 1313 3815 1373 servam,
3861 1299 3979 1358 aut
4020 1297 4452 1375 spontaneam
4469 1341 4486 1369 ,
4531 1294 4643 1354 aut

2681 1385 2991 1444 coactam.
3080 1380 3395 1446 Liberam
3439 1379 3851 1446 voluntatem
3888 1378 4091 1462 vulgo
4130 1376 4538 1461 intellig-unt,
4580 1381 4643 1440 et

2682 1465 2775 1530 sic
2813 1464 3093 1549 Pighius
3136 1486 3393 1549 quoque
3439 1465 3698 1544 definit,
3744 1485 3911 1548 quae
3953 1464 4199 1530 bonum
4238 1467 4355 1528 aut
4396 1460 4639 1525 malum

2683 1549 2765 1615 eli
2816 1570 2928 1615 ere
2982 1549 3225 1616 habeat
3288 1553 3361 1615 in
3429 1573 3549 1617 sua
3601 1557 3940 1634 potestate.
4043 1548 4289 1614 Coacta
4344 1545 4640 1614 voluntas

2682 1572 2869 1700 nnita
2933 1657 3075 1701 esse
3129 1642 3361 1719 potest,
3443 1657 3645 1719 quum
3712 1636 3999 1701 alterum
4043 1633 4234 1700 alteri
4297 1639 4636 1716 repugnet.

2681 1721 2936 1798 Verum
2974 1720 3248 1786 docendi
3290 1741 3505 1802 001180,
3551 1720 3712 1805 011111
3748 1721 4091 1805 significet,
4133 1715 4490 1784 dicendum
4532 1722 4640 1796 est,

2682 1820 2760 1870 ut
2797 1806 3213 1890 intelligatur
3264 1806 3422 1890 quid
3477 1807 3566 1872 sit
3616 1808 3880 1873 coactio.
3981 1806 4152 1870 Eam
4195 1824 4352 1887 ergo
4396 1803 4493 1868 sic
4532 1823 4639 1870 vo·

2684 1910 2939 1970 camus,
2993 1911 3161 1974 quae
3215 1914 3347 1957 non
3390 1898 3623 1975 sponte
3665 1913 3787 1958 8110
3803 1943 3819 1970 ,
3864 1912 3988 1956 1100
4029 1890 4345 1955 1οι011010
4388 1887 4639 1954 electio-

2684 1976 2790 2040 nis
2831 1983 3035 2056 motu,
3080 1976 3438 2043 inclinatur
3472 1978 3602 2044 huc
3637 1977 3744 2044 vel
3780 1976 3954 2054 illuc,
4002 1975 4119 2042 scd
4151 1980 4432 2040 externo
4468 1979 4638 2038 motu

2683 2059 3014 2126 violenter
3067 2062 3295 2127 fertur.
3387 2061 3839 2146 Spontaneam
3882 2059 4192 2140 dicimus,
4250 2081 4422 2142 quae
4475 2058 4636 2124 ultro

2686 2166 2757 2212 se
2810 2147 3043 2226 flectit,
3100 2168 3488 2232 quocunque
3546 2147 3835 2227 ducitur,
3910 2168 4045 2212 non
4098 2153 4319 2212 autem
4377 2145 4635 2227 rapitur,

2685 2238 2806 2296 aut
2846 2232 3138 2297 trahitur
3189 2233 3416 2299 invita.
3521 2232 3734 2301 Serva
3783 2241 4111 2316 postremo
4163 2231 4479 2297 voluntas
4529 2235 4635 2310 est,

2688 2338 2858 2400 quae
2914 2324 3183 2401 propter
3236 2320 3724 2403 corruptionem
3776 2320 3897 2384 sub
3952 2317 4282 2384 malarum
4326 2314 4634 2400 cupidita·

2685 2408 2831 2467 tum
2874 2403 3150 2486 imperio
3190 2405 3454 2488 captiva
3493 2412 3786 2484 tenetur,
3833 2411 3910 2469 ut
3947 2402 4118 2468 nihil
4159 2423 4358 2486 quam
4401 2402 4634 2467 malum

2687 2487 2930 2572 eligere
2983 2489 3219 2572 possit,
3275 2490 3476 2555 etiam
3533 2492 3590 2555 si
3641 2487 3709 2554 id
3763 2496 3996 2573 sponte
4038 2497 4107 2554 et
4144 2489 4462 2568 libenter,
4517 2507 4636 2552 non

2686 2581 2959 2638 externo
3013 2581 3199 2640 motu
3261 2571 3575 2659 impulsa,
3630 2576 3842 2641 faciat.
3933 2573 4313 2642 Secundum
4371 2573 4498 2640 has
4538 2572 4634 2637 de-

2685 2660 3017 2725 finitiones
3058 2660 3311 2726 homini
3352 2661 3699 2728 arbitrium
3742 2659 4173 2739 concedimus,
4215 2659 4414 2742 idque
4454 2680 4635 2742 spon-

2685 2750 2985 2825 taneum,
3042 2753 3148 2827 ut,
3203 2747 3266 2811 81
3304 2746 3460 2830 011111
3501 2747 3662 2812 mali
3703 2747 3887 2826 facit,
3943 2746 4068 2812 sibi
4112 2766 4188 2811 ac
4230 2743 4636 2810 voluntariae

2688 2851 2846 2896 suae
2890 2831 3193 2898 electioni
3233 2833 3559 2917 imputare
3601 2830 3849 2898 debeat.
3939 2831 4360 2897 Coactionem
4403 2837 4470 2895 et
4500 2830 4633 2894 vio·

2684 2915 2959 2981 lentiam
3002 2917 3319 2998 tollimus,
3375 2919 3529 3002 quia
3569 2923 3822 3003 pugnet
3860 2939 4013 2983 01110
4056 2923 4300 2982 natura
4344 2916 4636 2982 volunta

2686 3002 2789 3078 tis,
2836 3024 2958 3068 nec
3002 3002 3197 3068 simul
3252 3004 3580 3070 consistat.
3680 3003 4000 3069 Liberum
4045 3008 4268 3068 autem
4310 3021 4633 3086 negamus,

2685 3087 2840 3237 ffl
2877 3089 3582 3240 1010131ξὲ0
3634 3088 4326 3240 &mamma
4340 3087 4634 3256 ..110

2683 3265 2896 3340 queat.
2987 3260 3210 3342 Atque
3254 3258 3410 3326 hinc
3451 3259 3756 3343 colligere
3797 3259 3976 3339 licet,
4034 3267 4356 3342 quantum
4400 3259 4492 3324 sit
4531 3278 4633 3322 ne-

2684 3344 3006 3409 cessitatis
3059 3353 3127 3410 et
3169 3346 3520 3412 coactionis
3577 3344 3946 3412 discrimen.
4029 3345 4259 3427 Neque
4303 3343 4487 3408 enim
4527 3343 4634 3407 ho·

2682 3428 2931 3493 minem
2985 3428 3263 3496 dicimus
3326 3432 3610 3496 invitum
3665 3430 3843 3495 trahi
3912 3429 3994 3496 ad
4057 3428 4481 3513 peccandum,
4533 3424 4634 3494 sed

2684 3516 2993 3596 quoniam
3038 3517 3282 3582 vitiosa
3324 3517 3413 3581 sit
3455 3518 3594 3581 eius
3637 3516 3943 3582 voluntas
3957 3569 3974 3596 ,
4034 3516 4452 3599 sub.peocati
4495 3514 4556 3579 iu

2683 3601 2894 3665 teneri
2937 3601 3285 3684 captivam,
3329 3601 3603 3685 ideoque
3643 3602 4012 3668 necessario
4054 3601 4228 3666 male
4262 3601 4453 3669 velle.
4516 3533 4634 3668 [1ἱῖ

2685 3686 2866 3751 enim
2908 3688 3213 3765 servitus,
3257 3687 3394 3753 illic
3437 3689 3812 3753 necessitas.
3876 3686 4013 3753 Sed
4046 3686 4410 3771 plurimum
4445 3687 4636 3750 inter-

2685 3778 2815 3850 est,
2873 3772 3331 3837 voluntariane
3386 3774 3474 3838 sit
3516 3774 3830 3852 servitus,
3892 3793 3978 3837 an
4022 3777 4259 3838 coacta.
4349 3772 4488 3837 Nos
4527 3792 4633 3836 au-

2684 3864 2817 3922 tem
2853 3877 2990 3922 non
3025 3858 3183 3923 alibi
3219 3860 3571 3924 statuimus
3606 3856 3918 3942 peccandi
3959 3857 4415 3924 necessitatem
4449 3875 4636 3939 quam

2682 3943 2754 4006 in
2797 3942 2961 4007 vitio
2996 3943 3383 4009 voluntatis:
3428 3943 3606 4009 unde
3650 3951 4080 4027 spontaneam
4116 3963 4259 4009 0880
4292 3943 4502 4026 ipsam
4537 3962 4634 4006 80-

2683 4028 2924 4110 0111ι1ι1.
3013 4028 3211 4095 Ν1ιο0
3253 4028 3438 4096 vides
3481 4037 3918 4112 spontaneum
3961 4037 4029 4096 et
4069 4030 4506 4095 necessarium
4547 4026 4634 4090 si-

2681 4113 2823 4177 mul
2864 4115 3211 4179 convenire
3266 4135 3482 4198 posse,
3539 4115 3711 4198 quod
3753 4123 3901 4181 astu
3943 4123 4166 4200 tegere
4209 4122 4482 4181 conatur
4521 4112 4633 4178 Pi-

2682 4199 2879 4286 ghius
2933 4198 3093 4265 dum
3144 4199 3424 4266 liberum
3476 4201 3815 4266 hominem
3859 4205 4009 4280 [pag.
4047 4205 4156 4281 67]
4206 4201 4280 4266 in
4325 4220 4402 4265 00
4445 4199 4633 4264 aesti-

2668 4291 2835 4364 mat,
2883 4285 2939 4348 si
2974 4305 3111 4349 non
3153 4286 3521 4352 necessario
3560 4287 3775 4366 faciat,
3822 4292 3937 4354 aut
3975 4285 4160 4366 bene,
4204 4295 4326 4351 aut
4366 4284 4547 4350 male.

2853 4368 3037 4451 Quid
3080 4379 3300 4436 autem
3345 4371 3717 4455 Origenes?
3806 4372 3944 4437 Eos
3986 4373 4381 4455 pronunciat
4411 4370 4630 4435 haere-

2678 4454 2875 4534 ticos,
2928 4457 3039 4538 qui
3092 4455 3372 4521 liberum
3429 4456 3683 4521 homini
3747 4457 4094 4523 arbitrium
4149 4458 4470 4523 auferunt
4557 4453 4636 4521 Si

2679 4537 2761 4604 de
2815 4540 3031 4624 prima
3082 4549 3361 4608 naturae
3413 4542 3783 4608 conditione
3836 4543 4156 4626 loquitur,
4213 4542 4384 4607 nihil
4426 4541 4631 4618 affert,

2677 4625 2852 4707 quod
2896 4646 3029 4691 non
3083 4626 3213 4709 ipsi
3255 4648 3513 4710 quoquc
3568 4630 4015 4710 profiteamur.
4106 4626 4184 4693 Si
4226 4629 4403 4693 inter
4441 4625 4633 4692 vitia-

2676 4717 2812 4775 tam
2855 4718 2924 4776 et
2963 4711 3294 4796 integram
3335 4718 3646 4778 naturam
3698 4734 3833 4778 non
3876 4713 4250 4797 distinguit,
4306 4732 4491 4778 nemo
4517 4719 4636 4776 est

2675 4798 2951 4879 piorum,
2998 4799 3112 4881 qui
3146 4819 3279 4863 non
3314 4799 3466 4864 fidei
3502 4799 3824 4882 principia
3859 4821 4009 4865 eum
4045 4796 4442 4864 confundere
4479 4817 4634 4879 pro-

2675 4883 2963 4949 nunciet.
3072 4883 3292 4967 Negat
3347 4884 3443 4949 ita
3502 4904 3624 4950 nos
3679 4905 3824 4951 esse
3867 4885 4246 4950 necessitati
4291 4883 4632 4960 subiectos,

2674 4972 2753 5032 ut
2791 4969 2970 5034 omni
3012 4968 3223 5049 modo,
3266 4969 3463 5034 etiam
3509 4971 3565 5035 si
3608 4970 3919 5050 nolimus,
3957 4970 4065 5038 vel
4106 4970 4274 5036 bene
4322 4968 4422 5036 vel
4454 4965 4633 5033 male

2816 5241 2874 5309 1)
2909 5257 3097 5296 vocem
3134 5242 3334 5297 omittit
3360 5242 3636 5312 princeps.
