4967 5992
1744 480 1755 489 η
2060 376 2804 453 PnoffleomiNA.
3333 358 3344 373 '
3603 322 3628 398 .·
4235 388 4456 458 xvn

410 560 848 652 habebamus,
916 578 1066 637 utro
1117 569 1537 654 potissimum
1597 568 1761 637 duce
1814 574 2156 635 uteremur
2214 572 2289 635 in
2355 578 2582 636 nostro
2634 576 2827 637 textu
2891 569 3267 638 recudendo
3275 590 3298 651 ,·
3365 570 3661 658 ambigui
3713 572 4069 644 haesimus:
4183 577 4440 651 Verum

364 764 375 775 .
410 708 498 754 ex
538 670 669 770 quo
714 682 1276 779 stuttgardianum
1318 680 1658 764 exemplar
1711 682 1870 746 anni
1919 684 2082 745 1542
2128 670 2310 746 nacti
2353 702 2615 763 sumus,
2659 680 2770 748 r‘es
2812 682 3003 750 nobis
3056 684 3194 749 iam
3237 684 3399 749 satis
3444 684 3756 768 expedita
3797 687 4081 757 videtur.
4173 686 4454 765 Scilicet,

412 800 487 865 in
528 797 707 891 serie,
741 816 971 877 rerum
1015 802 1085 861 et
1123 793 1557 859 formularum
1599 791 1763 859 haec
1806 798 2035 859 nostra
2076 792 2347 873 omnino
2389 813 2543 860 cum
2586 792 2874 859 editione
2916 795 3217 879 principe
3257 795 3447 876 facit,
3502 796 3792 881 adeoque
3843 799 4036 881 plura
4080 800 4163 865 ab
4205 816 4286 865 ea
4327 803 4444 869 ab·

413 916 571 977 sunt
612 912 803 994 quae'
835 905 1107 973 exhibet
1157 904 1717 988 argentoratensis
1771 903 1941 970 liber
1983 914 2180 987 quem
2236 924 2438 988 supra
2491 904 2992 989 locupletiorem
3046 913 3118 973 et
3165 908 3247 973 ab
3292 906 3544 974 editore
3587 908 3918 975 Garnerio
3962 917 4229 978 auctum
4272 911 4446 980 dixi-

413 1004 623 1089 mus..
674 1020 763 1085 In
804 1020 948 1103 ipso
990 1034 1148 1085 vero
1193 1022 1397 1095 textu,
1442 1014 2028 1099 deprehenduntur
2080 1015 2403 1098 plurimae
2462 1017 2779 1082 lectiones
2821 1016 3159 1083 variantes
3203 1040 3365 1103 quas
3403 1004 3560 1085 libri
3603 1040 4005 1106 genevenses
4047 1027 4452 1108 posteriores

414 1135 554 1201 fere
619 1152 847 1198 omnes
914 1129 1221 1211 deinceps
1246 1172 1255 1181 -
1282 1135 1651 1194 servarunt.
1741 1127 1970 1203 Facile
2023 1148 2109 1193 ex
2158 1125 2265 1193 his
2324 1128 2599 1207 efficies,
2660 1128 3070 1212 singularem
3120 1128 3307 1195 illam
3361 1130 3760 1198 Knoblochii
3817 1133 4174 1201 editionem
4227 1138 4444 1209 coetui

416 1245 768 1314 Gallorum
810 1240 1334 1325 argentoratensi
1380 1238 1780 1322 peculiarem
1822 1239 2053 1318 fuisse,
2111 1245 2406 1305 nostram
2459 1260 2617 1306 vero
2662 1237 3137 1305 Girardianam
3190 1262 3434 1309 novam
3490 1242 3776 1326 aliquam
3821 1240 4088 1312 Oalvini
4131 1247 4445 1317 exhibere
4577 1266 4580 1267 *
4659 1264 4668 1275 ·

416 1356 954 1441 recognitionem.
1053 1350 1158 1417 Ne
1214 1370 1376 1416 vero
1431 1350 1575 1433 quis
1626 1349 1873 1416 iudicet
1926 1330 2047 1416 nos
2111 1350 2315 1417 talem
2357 1351 2735 1433 opinionem
2785 1351 3146 1435 professos,
3197 1372 3637 1437 praepropere
3691 1344 4142 1425 calvinianam
4195 1361 4444 1445 aliquid

408 1466 892 1554 suppressisse,
960 1458 1411 1530 additamenta
1473 1462 2040 1545 argentoratensia
2093 1461 2345 1541 omnia,
2403 1468 2471 1526 et
2520 1462 2856 1528 variantes
2907 1463 3218 1529 lectiones
3271 1464 3381 1531 vel
3434 1464 3712 1533 minoris
3766 1469 4089 1534 momenti
4153 1474 4445 1558 margini

418 1580 725 1661 editionis
776 1584 1041 1643 nostrae
1096 1574 1576 1651 commisimus,
1642 1593 1769 1655 quo
1823 1573 2078 1639 facilius
2120 1573 2250 1639 viri
2294 1572 2499 1654 docti,
2553 1575 2666 1657 qui
2709 1595 2933 1640 rerum
2976 1575 3434 1659 liturgicarum
3478 1577 3823 1644 historiam
3866 1582 4206 1664 speciatim
4251 1580 4444 1651 inda—

421 1698 687 1779 garunt,
732 1687 907 1771 quod
944 1687 1134 1753 nobis
1176 1685 1451 1750 dubium
1493 1705 1635 1751 esse
1675 1684 1887 1766 potuit
1929 1705 2054 1750 sua
2094 1685 2431 1779 illustrent
2473 1684 2860 1751 eruditione.
2951 1685 3151 1751 Certe
3194 1689 3307 1770 qui
3364 1687 3496 1754 huc
3539 1709 3747 1772 usque
3790 1689 3873 1755 (18
3913 1691 4193 1759 historia
4233 1697 4442 1764 eccle-

272 1874 283 1879 ,
421 1802 688 1872 siastica
723 1797 1249 1884 argentoratensi
1292 1797 1697 1880 scripserunt
1711 1846 1727 1874 ‚
1771 1795 2020 1862 librum
2062 1796 2365 1862 nostrum
2404 1817 2540 1861 non
2583 1803 3038 1880 respexerunt,
3075 1803 3274 1881 atque
3316 1799 3430 1864 ubi
3469 1799 3554 1864 de
3585 1799 3896 1867 Gamerii
3939 1803 4091 1870 fatis
4134 1811 4202 1870 et
4243 1808 4454 1890 gestis
4501 1816 4514 1829 ’

421 1924 659 2001 agunt,
714 1911 870 1978 huic
923 1910 1196 1976 minime
1238 1915 1463 1991 partes
1518 1907 1768 1990 aliquas
1824 1908 2164 1992 assignant
2194 1907 2280 1975 jn
2333 1906 2782 1991 componendo
2826 1909 2937 1974 vel
2993 1908 3246 1976 edendo
3288 1909 3458 1976 libro
3501 1910 3616 1976 illo
3659 1911 3985 1999 liturgico,
4077 1915 4175 1983 Of.
4224 1918 4453 1985 30811-

422 2026 620 2093 1101111
674 2026 748 2089 Τ.
806 2023 899 2087 Π.
955 2042 1106 2106 pag.
1155 2022 1256 2085 69.
1357 2016 1662 2099 Maeder‚
1720 2018 2014 2085 Notice
2067 2018 2541 2102 historique
2596 2040 2735 2084 sur
2787 2020 2867 2085 la
2917 2021 3298 2103 paroisse
3353 2022 3755 2090 reformee
3799 2024 3904 2089 de
3936 2024 4447 2116 Strasbourg

430 2141 615 2204 1853.
660 2156 807 2220 pag.
854 2138 914 2198 8.
1280 2146 1293 2157 ·

356 2254 371 2267 “
640 2320 651 2329 ‚
736 2247 842 2312 De
885 2244 1159 2310 caeteris
1192 2172 1597 2307 editionibus
1641 2240 1893 2325 gallicis
1937 2262 2098 2323 quas
2139 2240 2552 2323 inspeximus
2605 2261 2744 2305 non
2786 2248 2887 2307 est
2929 2241 3104 2325 quod
3148 2247 3215 2307 te
3257 2242 3569 2325 pluribus
3612 2266 3962 2312 moremur.
4055 2248 4276 2333 Supra
4316 2255 4454 2320 iam

426 2382 655 2429 omnes
697 2357 1151 2429 recensuimus
1195 2374 1400 2438 quum
1443 2350 1524 2417 de
1567 2350 1987 2418 catechismo
2032 2371 2396 2436 ageremus.
2486 2350 2666 2417 Sunt
2714 2373 2830 2417 eae
2872 2352 3026 2418 1188.
3078 2356 3165 2418 1⁰.
3211 2354 3578 2436 Exemplar
3619 2353 3935 2439 ἀκέφαλον,
3982 2358 4097 2424 ubi
4140 2362 4458 2448 Liturgia

320 2504 327 2511 ·
429 2479 649 2541 exstat
699 2490 846 2554 pag.
891 2471 1117 2533 1—-43,
1209 2467 1300 2529 2⁰.
1359 2463 1581 2530 Biblia
1634 2463 1875 2547 gallica
1927 2484 1983 2528 a.
2028 2466 2211 2529 1559.
2303 2465 2394 2528 3⁰.
2441 2462 2664 2528 Editio
2725 2463 3034 2547 bilinguis
3088 2484 3143 2530 8.
3195 2468 3393 2551 1561.
3484 2468 3578 2531 4⁰.
3635 2467 3900 2534 Novum
3945 2470 4453 2541 Testamentum

429 2585 744 2671 gallicum
787 2603 844 2646 a.
898 2580 1080 2649 1562.
1172 2582 1263 2641 5⁰.
1308 2575 1710 2642 Psalterium
1752 2574 2065 2658 gallicum
2102 2595 2159 2639 8.
2212 2578 2395 2639 1563.
2484 2574 2678 2641 Adde
2720 2574 2977 2659 Corpus
3019 2576 3363 2643 Bezanum
3399 2597 3550 2662 pag.
3598 2581 3940 2644 248—257
3987 2588 4054 2646 et
4095 2582 4455 2652 editionem

400 2694 722 2781 ‚eiusdem
766 2689 1180 2758 Stoerianam
1223 2706 1374 2772 pag.
1421 2684 1502 2751 27
1508 2686 1545 2749 7
1548 2690 1782 2751 -288,
1868 2685 2300 2752 Recentiores
2342 2680 2505 2769 qua's
2544 2686 2771 2769 plures
2813 2684 3223 2770 possidemus
3262 2687 3389 2755 hoc
3432 2687 3573 2755 loco
3614 2691 4030 2776 negligimus.
4134 2676 4455 2762 Veterem

282 2812 299 2825 ‘
428 2808 630 2874 etiam
672 2803 1043 2872 versionem
1084 2800 1363 2865 latinam
1394 2798 1462 2891 ⁸si
1498 2798 1716 2864 fusius
1760 2803 2199 2864 tractaremus
2243 2798 2363 2863 vix
2405 2818 2642 2883 operae
2684 2798 2971 2881 pretium
3012 2799 3253 2864 facturi
3296 2800 3486 2866 nobis
3528 2799 3934 2882 videremur,
3981 2805 4222 2889 quippe
4266 2808 4456 2873 cuius

426 2938 586 2986 usus
624 2915 830 2999 vulgo
872 2914 1009 2993 fere
1052 2910 1275 2977 nullus
1319 2930 1462 2976 esse
1501 2908 1820 2975 debuerit.
1904 2906 2018 2975 Ad
2058 2930 2296 2997 manus
2340 2916 2566 2975 tamen
2605 2909 2966 3005 habuimus.
3003 2910 3534 2993 antiquissimum
3570 2912 3742 2996 quod
3785 2914 4075 2982 nancisci
4119 2918 4457 3000 potuimus

427 3026 770 3112 exemplar
807 3022 1243 3107 bibliothecae
1281 3020 1840 3101 francofurtensis,
1886 3020 2076 3087 cuius
2120 3021 2350 3086 titulus
2395 3028 2497 3089 est
2539 3020 2675 3086 hic:

736 3143 1343 3232 FORMVLA
1419 3143 1430 3249 Ι
1497 3154 2348 3224 SAORAMENTORVM
2421 3151 2433 3255 Ι
2494 3143 3388 3256 administrandorum,
3450 3147 3541 3230 in
3599 3177 3846 3233 vsum
3921 3150 4095 3236 Ec-
4116 3149 4124 3266 Ι
4147 3153 4454 3240 0188188

296 3276 305 3287 ’
429 3276 962 3371 Geneuensis
1026 3282 1525 3394 conscripta,
1593 3279 1604 3385 Ι
1668 3290 1935 3361 Dudum
1989 3316 2033 3360 a
2088 3294 2330 3359 Ioanne
2376 3292 2644 3360 Caluino
2691 3293 2932 3359 Gallice
2984 3290 3355 3378 commenta,
3406 3296 3417 3380 Ι
3466 3316 3634 3363 nunc
3685 3299 3757 3363 in
3807 3299 4112 3367 Latinum
4164 3323 4460 3371 conversa
4563 3368 4566 3371 ,

425 3406 504 3472 ab
545 3409 673 3475 alio
715 3410 1028 3492 quopiam.
1066 3405 1080 3493 Ι
1116 3415 1418 3485 (Emblema
1461 3415 1731 3471 anchorae
1767 3432 1887 3470 cum
1933 3413 2223 3485 serpente.)
2267 3404 2739 3503 GENEVAE,
2793 3406 2804 3490 Ι
2857 3404 2970 3470 ΡΛ)
3011 3405 3268 3488 officina
3312 3406 3584 3475 Ioannis
3641 3408 3944 3493 Crispini.
3999 3412 4010 3498 Ι
4062 3413 4156 3478 Μ.
4181 3414 4267 3479 D.
4290 3412 4456 3481 LH.

732 3520 985 3586 Forma
1026 3525 1130 3586 est
1171 3515 1402 3584 eadem
1446 3537 1521 3583 ac
1563 3516 1968 3584 Catechismi
2012 3539 2053 3583 a
2091 3516 2398 3602 Crispino
2442 3538 2500 3582 a.
2555 3521 2713 3581 1551
2763 3514 2952 3598 editi,
2997 3521 3458 3603 quaterniones
3502 3520 3634 3587 duo
3677 3521 3789 3602 (A.
3825 3522 3950 3607 B),
4004 3523 4285 3609 paginae
4327 3548 4455 3593 nu-

426 3640 713 3697 meratae
756 3633 1032 3715 triginta
1080 3638 1150 3696 et
1189 3649 1343 3709 una,
1387 3627 1622 3694 ultima
1663 3651 1891 3696 vacua.
1981 3628 2335 3697 Caeterum
2380 3628 2610 3694 eadem
2654 3628 2872 3695 versio
2915 3650 3150 3697 recusa
3203 3638 3303 3696 est
3357 3631 3430 3696 in
3484 3631 3792 3727 omnibus
3835 3632 4269 3703 Tractatuum
4313 3658 4456 3703 cor-

423 3742 727 3826 poribus;
766 3741 944 3826 apud
988 3741 1361 3809 Gallasium
1402 3761 1552 3829 pag.
1595 3745 1955 3820 205—215,
2002 3740 2177 3829 apud
2221 3742 2471 3808 Bezam
2506 3761 2656 3826 pag.
2696 3743 2947 3806 55—-62
3010 3740 3208 3826 (1597
3245 3762 3393 3826 pag.
3431 3745 3719 3825 43—493
3773 3749 3927 3809 1611
3969 3766 4118 3833 pag.
4146 3728 4464 3835 38—43),

426 3852 708 3937 denique
753 3853 827 3919 in
868 3844 1155 3919 editione
1198 3851 1772 3923 amstelodamensi
1813 3873 1962 3939 pag.
2005 3856 2280 3918 32—37.

736 4125 872 4193 Sed
939 4090 1295 4210 antequam
1347 4127 1433 4194 ad
1489 4128 1621 4195 alia
1663 4135 2078 4197 transeamus
2132 4126 2458 4193 monitum
2513 4133 2579 4193 te
2637 4127 2950 4206 velimus,
3005 4125 3325 4194 benevole
3381 4127 3611 4209 lector,
3667 4128 3933 4196 dubiam
3984 4127 4200 4194 adhuc
4241 4128 4455 4197 videri
4529 4106 4540 4117 ⁶

425 4258 618 4322 posse
661 4208 1038 4303 traditionis
1079 4238 1282 4323 vulgo
1321 4248 1622 4323 receptae
1666 4239 1897 4320 fidem,
1952 4220 2314 4306 secundum
2356 4260 2555 4321 quam
2600 4238 2867 4306 Calvini
2920 4239 3170 4305 autoris
3223 4259 3466 4309 nomen
3519 4239 3677 4305 huic
3723 4239 3943 4305 libello
3997 4239 4301 4324 liturgico
4344 4242 4451 4311 in·
4509 4302 4520 4311 ,
4559 4288 4566 4293 -
4667 4238 4710 4249 ”

428 4349 759 4451 scribitur.
850 4348 1049 4415 Oerte
1100 4348 1504 4418 Oolladonus
1558 4373 1782 4436 quem,
1837 4359 2100 4418 tacente
2139 4350 2348 4431 Beza,
2407 4350 2946 4435 antiquissimum
2986 4356 3055 4417 et
3096 4349 3341 4434 alioqui
3383 4348 3780 4415 fidissimum
3822 4349 3904 4414 (18
3945 4349 4141 4416 rebus
4183 4350 4452 4420 calvini

426 4468 666 4528 testem
722 4458 907 4525 adire
958 4480 1340 4544 possumus,
1398 4463 1597 4528 aliam
1655 4463 1872 4548 potius
1930 4462 2334 4530 collectionis
2375 4461 2811 4527 formularum
2850 4461 3176 4546 originem
3227 4460 3433 4528 fuisse
3489 4461 3767 4527 innuere
3810 4458 4101 4542 videtur,
4157 4463 4453 4548 aliasque

424 4570 657 4637 Nostri
698 4578 920 4654 partes
961 4571 1033 4636 in
1076 4593 1156 4637 ea
1198 4573 1598 4639 adornanda.
1688 4570 1804 4641 Sic
1848 4576 2025 4641 enim
2069 4574 2299 4641 scribit
2341 4562 2426 4639 ad
2471 4594 2529 4639 a.
2581 4575 2746 4641 1543
2792 4572 2922 4657 (ed.
2964 4571 3297 4638 Franklin
3340 4590 3403 4654 p.
3444 4575 3523 4634 57
3561 4571 3758 4656 seq.):
3816 4566 3886 4638 Il
3923 4574 4228 4640 recueillit
4267 4578 4452 4642 aussi

426 4702 503 4748 en
542 4686 701 4749 ceste
742 4699 970 4748 meme
1010 4683 1235 4763 ambe,
1280 4704 1455 4765 pour
1508 4684 1742 4768 l’usaqe
1787 4686 1864 4751 de
1923 4684 2187 4770 l'Eylise
2229 4684 2306 4750 de
2354 4684 2629 4765 Geneve,
2684 4685 2754 4749 la
2791 4683 2991 4765 some
3044 4682 3155 4747 des
3193 4682 3451 4761 prieres
3489 4682 3981 4767 ecclesiastiqnes
4021 4706 4166 4751 avec
4206 4687 4280 4752 la
4314 4708 4449 4753 ma-

426 4794 596 4865 m‘ere
638 4792 1114 4861 &administra
1157 4795 1248 4861 les
1294 4793 1661 4863 sacremezs
1703 4801 1761 4861 et
1799 4796 2063 4864 celebrer
2106 4797 2164 4862 le
2203 4796 2492 4880 mariaqe
2533 4800 2591 4861 et
2629 4794 3272 4861 κη’(ιῶυενίἀςεεηιεπί
3308 4792 3386 4858 de
3426 4791 3493 4858 la
3523 4794 3708 4861 visite
3739 4796 3849 4862 des
3882 4796 4182 4877 mezades,
4216 4818 4446 4866 comme

423 4902 829 4987 auiourdlmy
871 4904 928 4970 ze
970 4910 1102 4972 tout
1138 4926 1206 4972 se
1245 4914 1367 4989 met
1398 4907 1664 4974 avecles
1708 4906 2082 4986 Pseaumes,
2138 4906 2544 4991 accompayne
2586 4907 2770 4971 d'une
2810 4903 2960 4970 belle
2996 4894 3258 4985 preface
3297 4904 3492 4987 faicte
3520 4926 3659 4988 par
3699 4907 3813 4990 luy
3847 4927 4098 4988 mesme,
4139 4908 4220 4973 oa
4260 4909 4313 4975 a
4352 4917 4445 4977 est

409 5014 604 5100 par&
645 5015 724 5081 de
764 5014 1003 5101 Pueaqe
1041 5017 1121 5082 de
1160 5016 1414 5117 chent&
1453 5021 1620 5086 dans
1661 5018 2042 5088 z‘aesembtee
2069 5016 2375 5101 pubbique
2412 5018 2491 5084 de
2531 5016 2810 5100 l’quise.
2895 5013 3106 5080 Vides
3148 5036 3303 5081 eum
3346 5038 3482 5083 non
3521 5016 3606 5083 de
3643 5019 4035 5102 conscriptis
4077 5040 4119 5084 a
4159 5018 4444 5089 Calvino

418 5122 742 5208 formulis,
814 5125 931 5193 sed
986 5134 1249 5195 tantum
1300 5130 1383 5196 de
1423 5130 1713 5199 collectis
1756 5131 2004 5210 dicere,
2043 5128 2364 5196 nimirum
2404 5126 2650 5195 talibus
2691 5147 2861 5212 quae
2903 5127 3038 5193 iam
3080 5132 3278 5193 antea
3318 5148 3437 5212 pro
3481 5129 3790 5195 0011010118
3831 5129 4100 5196 recitari
4142 5131 4458 5200 solebant

422 5239 860 5394 1811880318
912 5237 1192 5308 diversis
1246 5244 1676 5328 compositae,
1730 5263 2136 5328 quarumque
2192 5261 2356 5308 usus
2398 5239 2715 5308 Genavae
2758 5244 2825 5306 et
2878 5238 2951 5304 in
2995 5238 3168 5329 10018
3208 5239 3445 5307 vicinis
3488 5239 3784 5353 obtinere
3827 5238 4142 5397 debugrat
4183 5262 4268 5311 ex
4309 5263 4442 5327 quo

736 5341 857 5395 omi
882 5357 1068 5409 opera.
1132 5344 1245 5400 Vel.
1293 5348 1389 5401 VI.
3349 5386 3358 5393 “
