4967 5992
402 275 525 338 305

396 462 608 543 ipsam
665 462 1052 543 praeveniat
1106 463 1538 526 voluntatem:
1607 482 1775 542 quae
1841 463 1899 525 si
1966 483 2098 526 non
2165 468 2353 539 esset,

396 565 533 611 non
579 558 1084 629 praepararetur
1128 547 1435 613 voluntas
1481 567 1520 610 a
1563 547 1869 611 Domino.
1940 546 2113 611 Item
2149 569 2356 631 quum

399 632 560 697 alibi
602 631 1003 714 scripsisset,
1064 634 1134 696 in
1179 641 1501 716 potestate
1543 642 1773 696 nostra
1808 653 1981 709 6886,
2040 632 2198 716 quid
2244 653 2357 698 ve-

398 717 614 792 limus,
661 724 973 782 retractat
1014 719 1216 781 ctiam
1261 718 1384 783 hoc
1428 717 1649 782 modo:
1689 717 1741 798 ¹)
1801 717 1936 782 Sed
1980 717 2153 784 hanc
2197 739 2356 800 quo-

400 824 525 885 que
569 801 652 865 ad
697 802 862 867 bene
905 802 1263 868 vivendum
1322 803 1600 884 desuper
1657 802 2015 884 accipimus
2064 813 2355 885 potesta-

398 900 553 964 tem,
599 908 802 969 quum
865 897 1291 971 praeparatur
1346 894 1395 952 a‘
1431 889 1718 952 Domino
1781 888 2100 953 voluntas.
2191 887 2354 969 Qui-

396 973 522 1038 bus
566 974 830 1039 funibus
872 972 1036 1040 haec
1079 975 1283 1039 verba
1326 974 1548 1039 trahet
1581 972 1879 1056 Pighius,
1926 982 2004 1038 ut
2037 994 2188 1038 cum
2232 976 2356 1037 im-

398 1061 507 1142 pio
586 1081 703 1123 suo
772 1071 1140 1124 commento
1212 1059 1648 1125 cohaereant?
1759 1058 2111 1124 Voluntati
2173 1059 2355 1123 —nihil

401 1144 692 1210 ablatum
737 1166 878 1209 esse
926 1145 1069 1210 vult
1110 1166 1229 1228 per
1273 1144 1592 1228 originale
1628 1155 1986 1227 peccatum,
2033 1146 2161 1210 nisi
2208 1151 2353 1224 [pag.

407 1234 554 1308 101]
608 1229 970 1294 dominium
1024 1233 1094 1295 in
1160 1232 1456 1296 membra
1512 1230 1831 1312 corporis:
1902 1229 2076 1311 quod
2132 1241 2354 1295 autem

398 1314 480 1378 ad
538 1315 782 1379 malum
850 1336 1046 1398 quam
1112 1316 1195 1380 ad
1242 1317 1490 1382 bonum
1535 1317 1624 1380 sit
1666 1316 2077 1397 propensior,
2136 1316 2205 1380 id
2250 1337 2353 1381 so-

398 1399 620 1464 cordia
687 1415 755 1464 et
809 1402 1078 1484 ignavia
1145 1401 1477 1484 pravaque
1536 1400 2008 1466 consuetudine
2065 1403 2350 1478 evenire,

397 1506 531 1549 non
578 1488 734 1567 quia
776 1486 1123 1551 resistendi
1180 1487 1558 1552 facultatem
1602 1508 1734 1550 non
1777 1486 2033 1551 habeat.
2120 1489 2352 1570 Augu-

398 1572 612 1636 stinus
670 1592 828 1635 vero
883 1573 1219 1647 reclamat,
1291 1573 1533 1637 malam
1589 1593 1731 1636 6886
1786 1572 2219 1637 voluntatem:
2276 1594 2352 1637 ac

398 1658 612 1720 teneri
661 1655 783 1721 sub
838 1658 1011 1721 malo
1066 1660 1395 1741 captivam
1441 1658 1646 1722 donec
1692 1657 2025 1722 liberetur.
2114 1658 2209 1721 Et
2251 1667 2351 1722 ta-

398 1762 554 1804 men
599 1755 732 1805 tam
780 1741 1152 1824 deploratae
1213 1743 1663 1828 impudentiae
1710 1751 1810 1807 est
1866 1742 1976 1808 hic
2018 1744 2230 1816 canis.
2276 1749 2355 1806 ut

395 1827 774 1910 Augustino
840 1829 1269 1911 ignominiam
1335 1830 1507 1893 hanc
1560 1830 1830 1893 inurere
1898 1831 2097 1906 ausit,
2167 1829 2354 1911 quasi

395 1932 548 1976 eum
599 1912 871 1978 haberet
913 1934 1068 1978 suae
1113 1916 1467 1996 impietatis
1516 1927 1887 1996 patronum.
1977 1912 2239 1978 Deinde
2281 1913 2353 1976 in

396 1997 866 2078 cupiditatibus
911 2001 1126 2064 carnis
1151 1998 1508 2075 vincendis,
1555 1999 1802 2080 primas
1834 1998 2157 2064 voluntati
2204 2019 2354 2081 par-

393 2097 501 2146 tes
556 2083 884 2160 concedit,
941 2087 1126 2165 quasi
1183 2085 1346 2149 haec
1410 2104 1705 2166 pugnam
1759 2085 2061 2164 incipiat:
2093 2083 2355 2147 -deinde

393 2168 685 2250 gratiam
712 2169 842 2233 Dei
877 2168 1283 2246 adiutricem,
1328 2171 1516 2250 quasi
1551 2170 1620 2233 in
1666 2166 2050 2245 subsidium,
2096 2168 2191 2232 illi
2238 2167 2353 2231 ad-

392 2255 629 2336 iungit.
733 2254 992 2336 Ubique
1047 2266 1268 2318 autem
1325 2254 1640 2320 reclamat
1693 2254 2139 2336 Augustinus,
2185 2253 2355 2317 nihil

391 2347 661 2422 praeter
703 2338 956 2403 malum
999 2340 1341 2421 concipere
1381 2340 1786 2404 voluntatem
1805 2390 1818 2414 ,
1865 2338 2072 2404 donec
2117 2339 2355 2420 spiritu

387 2425 843 2507 praevenitur.
946 2426 1165 2507 Atque
1221 2426 1318 2489 ita
1382 2426 1582 2489 etiam
1635 2425 1708 2487 in
1766 2424 2038 2488 concilio
2081 2424 2355 2488 Arausi-

390 2529 563 2575 cano
607 2509 941 2574 decretum
977 2521 1102 2575 est:
1151 2508 1230 2576 Si
1266 2511 1432 2592 quis,
1479 2524 1555 2574 ut
1594 2530 1634 2573 a
1667 2523 1931 2590 peccato
1970 2529 2352 2592 purgemur,

391 2592 808 2660 voluntatem
890 2605 1182 2660 nostram
1250 2597 1469 2660 Deum
1549 2603 1929 2676 exspectare
1996 2592 2350 2671 contendit,

392 2700 534 2744 non
579 2689 819 2756 autem,
868 2691 942 2744 ut
983 2702 1113 2762 pur
1161 2681 1261 2745 ari
1307 2680 1606 2758 velimus,
1652 2701 1773 2763 per
1828 2680 2098 2762 spiritus
2143 2680 2354 2745 sancti

393 2766 849 2847 operationem
906 2766 975 2829 in
1033 2787 1119 2830 no
1164 2767 1218 2830 is
1263 2767 1404 2830 fieri
1462 2766 1839 2840 confitetur,
1897 2786 2049 2828 eum
2093 2764 2355 2846 spiritui

395 2861 626 2914 sancto
687 2848 1035 2916 adversari.
1142 2850 1368 2931 Quum
1422 2861 1680 2916 tantum
1749 2873 1820 2916 se
1874 2849 2185 2916 ecclesiae
2240 2850 2352 2916 de-

393 2937 574 3000 ferre
630 2939 719 2998 fin
771 2947 865 3012 at,
921 2936 1079 3018 quid
1122 2958 1298 3002 nunc
1341 2937 1731 3019 subterfugii
1777 2936 2093 3014 inveniet,
2150 2957 2353 3018 quum
2391 2938 2403 2955 “

393 3022 479 3086 ab
528 3021 721 3085 ortho
767 3041 894 3085 oxa
936 3021 1191 3105 synodo
1233 3022 1443 3087 hostis
1491 3021 1762 3104 spiritus
1805 3023 2014 3087 sancti
2059 3041 2351 3103 pronun-

392 3105 654 3173 cietur?
747 3106 1002 3171 Deinde
1053 3109 1145 3173 sio
1203 3107 1510 3189 impediri
1553 3106 1963 3171 voluntatem
2018 3106 2354 3170 existimat

393 3193 616 3256 carnis
671 3193 1140 3275 repugnantia,
1207 3204 1280 3256 ut
1333 3193 1630 3273 superior
1684 3205 1910 3256 tamen
1967 3213 2110 3256 esse
2153 3199 2354 3272 queat

392 3279 466 3341 in
524 3279 908 3354 certamine,
972 3279 1027 3342 si
1083 3279 1257 3343 vires
1315 3296 1466 3342 suas
1523 3277 1965 3359 experiretur:
2028 3286 2096 3340 et
2149 3297 2352 3358 quum

392 3364 598 3428 etiam
645 3363 969 3428 illecebris
1013 3364 1229 3429 carnis
1271 3373 1532 3427 tenetur
1575 3363 1828 3425 irretita
1867 3371 2161 3440 tantum,
2204 3360 2353 3426 ideo

393 3449 648 3530 requiri
704 3450 898 3531 fingit
955 3449 1277 3512 auxilium
1334 3449 1584 3531 gratiae
1642 3446 1727 3512 ad
1768 3468 1912 3512 eam
1964 3447 2038 3510 in
2080 3467 2352 3528 recupe-

393 3531 631 3598 rando*
653 3553 771 3597 suo
814 3531 959 3597 iure
1003 3533 1462 3610 adiuvandam,
1507 3533 1662 3615 quia
1704 3553 1834 3596 non
1878 3532 2068 3597 facile
2111 3531 2355 3613 alioqui

391 3619 608 3701 possit
681 3619 1022 3683 victoriam
1098 3620 1412 3685 obtinere.
1537 3618 1642 3683 De
1715 3619 2103 3683 necessitate
2167 3617 2350 3682 nulla

391 3704 664 3769 mentio,
755 3702 935 3783 Quid
979 3716 1200 3769 autem
1244 3702 1324 3768 de
1368 3725 1447 3768 ea
1488 3724 1563 3768 re
1606 3713 2007 3768 censuerunt
2047 3702 2351 3767 veteres?

391 3790 647 3855 Exstat
688 3788 1028 3854 decretum
1063 3790 1491 3855 Milevitanae
1536 3789 1769 3872 synodi
1811 3789 1880 3853 in
1927 3790 2089 3852 haec
2134 3787 2353 3866 verba,

392 3874 574 3959 quod
639 3877 705 3938 in
786 3875 1076 3941 conciliis
1165 3876 1468 3940 africanis
1545 3876 1895 3957 repetitur:
1964 3871 2356 3955 Quicunque

394 3961 675 4036 dixerit,
736 3960 880 4025 ideo
936 3960 1124 4025 nobis
1179 3961 1320 4025 dari
1378 3960 1862 4025 iustificationis
1920 3960 2237 4042 gratiam,
2283 3966 2358 4022 ut

393 4046 578 4130 quod
621 4044 925 4111 iubemur
966 4068 1083 4128 per
1131 4046 1410 4111 liberum
1448 4044 1812 4122 arbitrium,
1854 4043 2106 4109 facilius
2149 4044 2355 4125 possi-

392 4152 552 4197 mus
597 4152 716 4213 per
758 4132 1038 4215 gratiam
1083 4131 1377 4214 implere,
1423 4143 1733 4213 tanquam
1773 4133 1916 4195 sine
1953 4129 2165 4213 gratia
2206 4149 2355 4210 pos-

395 4218 648 4292 simus,
709 4217 832 4281 etsi
878 4216 1258 4295 difficulter,
1317 4217 1672 4281 anathema
1715 4215 1860 4280 sit?
1908 4215 2198 4279 Tametsi
2239 4213 2357 4277 illa

394 4303 755 4368 verborum
810 4300 1088 4365 fulmina
1148 4323 1275 4366 non
1327 4301 1606 4378 iaculor,
1662 4302 1897 4383 quibus
1954 4301 2023 4363 in
2079 4320 2199 4363 nos
2245 4299 2356 4363 de-

393 4388 619 4452 saevit
661 4386 970 4469 Pighius,
1027 4408 1216 4469 spero
1274 4401 1494 4451 tamen
1549 4408 1632 4450 ex
1692 4386 1816 4451 hac
1859 4386 2153 4449 oratione
2197 4384 2357 4449 satis

392 4474 539 4538 fore
595 4471 1041 4555 perspicuum,
1110 4494 1308 4553 quam
1364 4472 1489 4536 hoc
1530 4491 1773 4535 novum
1820 4471 1964 4535 eius
2019 4474 2164 4548 [pag.
2210 4475 2356 4549 102]

392 4558 709 4623 delirium
765 4558 846 4621 ab
891 4559 1252 4640 Augustini
1307 4578 1502 4621 sensu
1554 4555 1844 4619 alienum
1895 4557 1983 4619 sit
2025 4576 2102 4620 ac
2143 4574 2358 4619 remo-

393 4655 579 4708 tum:
626 4644 817 4709 cuius
862 4645 1124 4707 nomine
1167 4641 1331 4706 illud
1376 4648 1775 4723 praetexere,
1811 4643 1983 4704 mira
2024 4640 2358 4705 confiden-

394 4731 514 4807 tia,
567 4727 783 4792 audet.

581 4812 1004 4893 Quantopere
1061 4825 1284 4876 autem
1336 4832 1487 4877 cum
1539 4819 1679 4875 tota
1720 4812 2044 4892 scriptura
2086 4819 2357 4893 pugnet,

390 4920 643 4982 operae
713 4898 991 4980 pretium
1050 4897 1392 4963 ostendere
1444 4901 1642 4974 foret,
1710 4897 1838 4960 nisi
1904 4895 2075 4959 libro
2126 4896 2359 4977 quinto

549 5172 612 5232 1)
649 5169 885 5224 Retract-
923 5169 958 5223 1.
997 5169 1039 5224 1.

622 5259 645 5298 1
651 5254 842 5307 76161111·
871 5270 1053 5320 opera.
1137 5253 1247 5309 Vol.
1299 5254 1393 5307 VI.

1889 275 2017 339 nn
2055 253 2412 340 LIBERO
2456 272 2932 340 ARBITRJO.

4302 283 4431 345 306

2462 469 2859 526 recurreret:
2905 462 3022 527 ubi
3062 465 3492 545 opportunior
3526 465 3652 529 erit
3691 464 3890 530 locus.
3961 463 4179 544 Quam
4221 467 4427 532 etiam

2464 546 2546 612 ob
2591 567 2885 625 causam,
2941 547 3111 630 quod
3158 547 3239 613 de
3292 557 3556 631 peccato
3600 550 3908 633 originali
3950 563 4272 634 nugatur,
4319 572 4427 616 re-

2461 631 2688 696 fellere
2742 633 2815 695 in
2869 634 3244 715 praesentia
3297 633 3722 717 supersede0‚
3793 655 3879 700 ne
3934 635 4111 700 idem
4168 636 4267 702 bis
4320 635 4424 700 di-

2462 716 2745 782 cendum
2802 719 2906 783 sit.
3017 717 3165 783 Hoc
3223 739 3379 785 vero
3456 730 3673 786 tacere
3730 719 4197 803 disputationis
4263 721 4423 786 ordo

2461 824 2595 866 non
2651 804 2928 886 patitur,
2991 803 3165 886 quod
3222 804 3388 868 nihil
3446 813 3583 870 tam
3640 805 3999 871 absurdum
4056 806 4241 886 dicit,
4311 808 4417 871 cui

2461 888 2879 969 approbando
2933 889 3293 972 Augustini
3346 890 3618 954 titulum
3675 913 3810 956 non
3854 890 4181 955 obtendat.
4271 892 4423 957 Hoc

2462 981 2596 1048 cst,
2656 973 2887 1055 inquit,
2944 974 3114 1056 quod
3171 975 3329 1040 dicit
3399 976 3562 1041 libro
3614 977 3809 1041 tertio
3868 977 4418 1060 Hypognosticoev
4516 1058 4520 1061 Α

2461 1058 2905 1140 Augustinus:
2951 1059 3315 1142 perdidisse
3348 1081 3470 1125 nos
3514 1060 3903 1140 libertatem,
3939 1084 4075 1126 non
4110 1062 4191 1126 ad
4228 1062 4422 1142 velle,

2461 1142 2575 1206 sed
2632 1164 2849 1225 posse,
2928 1155 3043 1208 aut
3113 1146 3442 1226 perficere.
3556 1147 3859 1211 Primum
3935 1147 4069 1212 iam
4134 1149 4415 1226 ostendi,

2459 1228 2636 1292 aliud
2675 1230 2867 1294 toties
2914 1228 3143 1294 docere
3201 1233 3680 1313 Augustinum;
3739 1231 3971 1297 deinde
4026 1234 4185 1300 satis
4240 1234 4419 1299 inter

2460 1314 2750 1379 eruditos
2793 1315 3117 1389 convenit,
3164 1336 3297 1379 non
3334 1337 3476 1381 esse
3513 1319 3871 1400 Augustini
3907 1317 4151 1382 librum
4184 1318 4412 1396 illum;

2458 1401 2652 1463 tertio
2693 1419 3039 1481 perperam
3095 1402 3566 1484 interpretatur
3608 1402 3893 1485 Pighius
3937 1403 4108 1485 quod
4151 1403 4412 1486 allegat.

2457 1484 2642 1549 Dicit
2695 1483 2956 1566 quidem
3026 1487 3304 1569 scriptor
3359 1486 3504 1565 ille,
3573 1489 3945 1569 quicunque
3978 1488 4104 1566 811,
4170 1489 4415 1554 61111886

2458 1569 2908 1652 possibilitatis
2963 1571 3129 1635 bono
3146 1623 3161 1648 ,
3221 1571 3434 1636 solum
3491 1570 3837 1636 arbitrium
3886 1571 3969 1635 ad
4013 1573 4182 1638 velle
4225 1573 4417 1639 nobis

2459 1655 2758 1720 relictum
2804 1675 2973 1730 esse,
3030 1655 3226 1739 idque
3280 1657 3723 1722 vulneratum.
3827 1658 3962 1723 Sed
4017 1678 4146 1740 quo
4192 1679 4413 1737 sensu,

2458 1761 2594 1804 non
2634 1741 2986 1805 obscurum
3033 1748 3157 1806 est:
3217 1744 3274 1806 si
3324 1744 3470 1824 quis
3526 1746 3910 1826 coniungat,
3966 1764 4135 1824 quae
4186 1753 4415 1826 postea

2460 1836 2848 1907 sequuntur.
2940 1826 3107 1890 Esse
3149 1828 3395 1890 fatetur
3430 1827 3713 1892 liberum
3747 1828 4114 1906 arbitrium,
4162 1829 4414 1897 habens

2459 1910 2723 1993 quidem
2777 1910 3091 1976 iudicium
3145 1911 3452 1988 rationiS,
3521 1933 3655 1976 non
3712 1934 3833 1994 per
3893 1913 4070 1995 quod
4127 1915 4216 1978 sit
4272 1913 4415 1980 ido-

2458 2016 2679 2073 neum,
2739 2016 2906 2078 quae
2957 1996 3040 2060 ad
3085 1995 3307 2060 Deum
3353 1997 3713 2078 pertinent,
3773 1999 3917 2062 sine
3960 2000 4106 2063 Deo
4152 2008 4269 2064 aut
4311 2001 4417 2064 in·-
4509 2003 4515 2012 '

2459 2081 2698 2145 choare
2754 2091 2872 2144 aut
2926 2084 3267 2162 perficere,
3325 2081 3439 2146 sed
3484 2091 3745 2146 tantum
3779 2084 3852 2147 in
3894 2082 4198 2165 operibus
4241 2086 4417 2151 vitae

2457 2167 2843 2248 praesentis.
2897 2165 3074 2247 Quid
3119 2176 3237 2244 est,
3281 2167 3564 2244 obsecre,
3611 2168 3902 2249 incipere
3945 2170 4012 2232 in
4059 2168 4264 2233 libero
4309 2192 4417 2234 ar-

2460 2251 2689 2328 bitrio,
2748 2252 2878 2315 nisi
2931 2253 3181 2334 primus
3236 2252 3597 2317 voluntatis
3650 2253 3914 2316 motus?
4016 2251 4205 2318 Sicut
4266 2275 4417 2336 per-

2461 2358 2657 2420 agere
2673 2388 2687 2412 ,
2735 2347 2836 2402 est
2890 2338 3155 2401 firmum
3209 2339 3618 2420 propositum
3661 2359 3811 2403 cum
3857 2339 4103 2402 efficaci
4153 2349 4415 2405 conatu.

2461 2420 2597 2487 Sed
2640 2423 2809 2486 forte
2848 2421 3144 2487 nondum
3180 2423 3531 2505 acquiescit
3565 2422 3865 2506 Pighius.
3930 2422 4203 2488 Faciam
4239 2445 4416 2507 ergo,

2459 2517 2535 2573 ut
2608 2527 2875 2589 prorsus
2943 2508 3393 2573 obmutescere
3467 2517 3755 2591 cogatur.
3869 2507 4231 2592 Subiungit
4296 2510 4416 2574 ali-

2461 2601 2706 2675 quanto
2742 2604 2917 2676 post:
2979 2590 3204 2672 Quum
3249 2592 3331 2657 de
3374 2592 3578 2658 libero
3618 2593 3889 2658 arbitrio
3933 2595 4220 2676 agimus,
4278 2615 4416 2660 non

2460 2678 2542 2744 de
2595 2688 2781 2760 parte
2838 2678 3125 2743 hominis
3170 2679 3457 2761 agimus,
3504 2679 3622 2743 sed
3662 2676 3742 2742 de
3790 2687 3955 2743 toto:
4013 2678 4169 2761 quia
4213 2701 4416 2762 quum

2457 2764 2756 2847 peccavit
2790 2764 2986 2827 homo
3031 2765 3311 2846 primus,
3358 2785 3487 2828 non
3534 2775 3719 2847 parte
3764 2764 4013 2846 aliqua,
4060 2763 4176 2828 sed
4218 2774 4412 2845 totus,

2458 2869 2589 2932 qua
2631 2847 2930 2914 conditus
2976 2859 3078 2913 est
3120 2857 3360 2914 natura
3376 2900 3391 2926 ,
3448 2849 3739 2932 deliquit.
3830 2848 4046 2913 Audis
4090 2870 4223 2914 non
4264 2871 4416 2934 par-

2457 2943 2592 2999 tem
2646 2934 2937 3017 aliquam
2992 2935 3193 2999 fuisse
3237 2936 3307 2999 in
3364 2935 3632 2999 homine
3677 2935 3979 2999 vitiatam
4025 2935 4225 3016 (sicut
4265 2957 4415 3018 pro-

2456 3022 2611 3084 fana
2644 3019 3116 3102 imaginatione
3150 3020 3655 3102 philosophatur
3688 3018 4000 3103 Pighius)
4044 3019 4159 3085 sed
4205 3031 4417 3086 totam

2457 3104 2746 3170 hominis
2799 3113 3105 3170 naturam
3152 3105 3511 3170 subiectam
3554 3105 3754 3170 fuisse
3808 3106 4142 3187 pravitati.
4232 3104 4415 3188 Quid

2456 3189 2728 3273 postea?
2832 3191 3084 3254 Vitiato
3141 3191 3372 3276 igitur,
3419 3191 3657 3272 inquit,
3704 3190 3910 3256 libero
3955 3189 4254 3268 arbitrio,
4313 3200 4412 3257 16-

2456 3287 2564 3340 1118
2600 3276 2795 3339 1161116
2840 3285 2942 3340 681
2986 3275 3303 3339 1111161683·
3345 3296 3545 3357 quare
3605 3275 3850 3357 absque
3895 3274 4216 3339 adiutorio
4260 3297 4414 3359 gra-

2457 3362 2589 3426 tiae
2631 3361 2781 3436 Dei,
2826 3359 2996 3442 quod
3039 3360 3184 3423 Deo
3229 3359 3498 3442 placeat,
3548 3364 3696 3439 [pag.
3740 3365 3887 3438 103]
3934 3380 4055 3424 nec
4097 3359 4277 3424 valet
4310 3362 4415 3425 in-

2456 3448 2702 3530 cipere,
2760 3468 2881 3511 nec
2940 3446 3252 3527 perficere
3296 3446 3555 3510 sufficit.
3643 3445 3775 3510 Ubi
3818 3445 3935 3508 illa
3976 3444 4204 3528 Pighii
4246 3446 4415 3510 ima-

2456 3532 2738 3616 ginatiO,
2803 3531 3292 3615 corruptionem
3357 3537 3564 3594 totam
3628 3530 3701 3594 in
3767 3550 4036 3612 corpore
4098 3530 4282 3596 velut
4340 3533 4413 3597 in

2458 3618 2679 3684 cloaca
2719 3617 3043 3681 inclusam
3088 3615 3272 3680 esse?
3361 3615 3746 3698 Pergamus,
3815 3615 4260 3680 Praevenitur
4295 3638 4413 3681 au-

2457 3713 2593 3768 tem
2636 3700 2978 3780 medicina,
3025 3711 3099 3765 ut
3143 3710 3412 3767 sanetur
3453 3701 3524 3764 in
3566 3719 3644 3764 eo
3680 3712 3747 3764 et
3780 3708 4126 3782 reparetur
4160 3702 4411 3780 vitiata,

2459 3797 2654 3869 atque
2710 3796 3138 3870 praeparetur
3180 3787 3505 3852 voluntas.
3548 3823 3553 3828 -
3595 3784 3808 3850 Audis
3859 3785 3932 3848 in
3988 3787 4133 3867 ipsa
4174 3789 4414 3851 volun-

2459 3883 2598 3938 tate
2660 3872 2951 3938 residere
3009 3871 3287 3938 vitium?
3349 3870 3536 3936 audis
3592 3870 3762 3935 nihil
3815 3890 4005 3952 posse
4060 3891 4208 3935 eam
4261 3872 4415 3937 boni

2460 3960 2829 4039 concipere,
2887 3957 3093 4021 donec
3148 3965 3411 4032 sanata,
3468 3967 3803 4039 reparata,
3860 3977 3936 4021 ac
3982 3956 4181 4019 etiam
4224 3976 4417 4037 prae-

2459 4053 2690 4127 parata
2732 4042 2974 4107 fuerit?
3041 4042 3146 4106 De
3183 4063 3310 4124 qua
3352 4041 3848 4125 praeparatione
3892 4042 4215 4123 sequitur:
4262 4041 4416 4106 Non

2461 4150 2618 4212 ergo
2673 4128 2870 4192 homo
2928 4128 3262 4194 voluntate
3314 4148 3434 4192 sua
3487 4126 3704 4191 adhuc
3745 4128 3816 4190 111
3862 4126 4022 4190 vitio
4075 4124 4264 4191 liberi
4308 4147 4415 4190 ar-

2460 4214 2639 4279 bitrii
2683 4213 3093 4278 claudicante
3149 4212 3494 4295 praevenit
3535 4212 3784 4289 Deum,
3838 4220 3914 4275 ut
3956 4223 4306 4293 cognoscat
4348 4221 4416 4277 et

2462 4315 2734 4382 quaerat
2785 4319 2931 4362 eam
2986 4299 3269 4381 gratiam
3284 4348 3299 4374 ,
3359 4311 3674 4378 tanquam
3723 4317 3841 4378 pro
3885 4296 4141 4360 meritis
4185 4316 4415 4379 accep-

2462 4394 2671 4463 turus,
2719 4384 2834 4449 sed
2876 4382 3236 4466 praecedit,
3282 4394 3360 4447 ut
3402 4383 3535 4446 iam
3580 4382 3749 4459 dixi,
3805 4378 4251 4445 misericordia
4295 4402 4415 4447 sua

2463 4469 2653 4535 Deus
2697 4470 3012 4545 hominis,
3058 4468 3356 4532 nondum
3398 4488 3467 4532 sc
3510 4466 3917 4548 quaerentis,
3974 4465 4417 4532 voluntatem:

2463 4565 2538 4620 ut
2602 4575 2756 4618 eum
2817 4553 3014 4617 faciat
3070 4576 3139 4617 se
3195 4554 3363 4617 scire
3417 4559 3486 4615 61
3542 4571 3872 4633 quaerere.
3965 4548 4097 4630 Qui
4150 4573 4415 4618 omnem

2461 4639 3030 4722 praeparationem
3109 4637 3360 4702 homini
3447 4636 3638 4716 tollit,
3728 4634 3885 4719 quid
3952 4634 4132 4699 aliud
4209 4638 4413 4701 relin-

2463 4725 2609 4806 quit
2676 4744 2873 4805 quam
2957 4742 3337 4805 perversam
3415 4721 3872 4786 voluntatem?
3989 4719 4123 4785 Sed
4198 4722 4414 4787 adhuc

2465 4810 2705 4875 clarius
2747 4816 2976 4890 postea
3017 4807 3330 4890 explicat:
3377 4808 3483 4871 De
3528 4828 3661 4871 non
3698 4806 4024 4884 credente,
4060 4807 4293 4888 inquit,
4340 4819 4419 4872 ut

2466 4903 2812 4978 cognoscat
2857 4903 2924 4956 et
2966 4892 3219 4971 credat,
3280 4893 3354 4956 in
3394 4914 3521 4975 quo
3565 4892 3736 4956 bona
3778 4911 3976 4975 opera
4015 4890 4202 4955 nulla
4241 4907 4416 4972 sunt,

2468 4980 2718 5045 dictum
2776 4987 2902 5042 est:
2959 4978 3024 5042 N
3026 4998 3114 5042 611
3177 4977 3477 5056 volentis,
3542 4998 3753 5060 neque
3808 4977 4134 5042 currentis
4194 4977 4417 5048 (Rom.

2469 5070 2529 5142 9,
2576 5068 2710 5147 16):
2767 5065 2920 5146 quia
2972 5065 3046 5127 in
3100 5064 3393 5129 vanitate
3447 5084 3714 5142 sensus,
3773 5072 3971 5145 atque
4012 5061 4085 5125 in
4124 5063 4415 5128 tenebris

2467 5151 2887 5216 obscuratum
2938 5148 3190 5215 habens
3244 5148 3650 5215 intellectum
3717 5146 3905 5212 liberi
3971 5146 4223 5211 arbitrii
4240 5198 4255 5222 ,
4311 5147 4417 5211 lu-
