4967 5992
2014 394 2756 467 PROLEGOMENA.
2811 422 2820 431 ·
3771 420 3776 425 ·
4218 401 4418 473 XXI.

312 590 319 599 ’
364 586 618 654 80111085
659 586 938 685 triginta
995 593 1067 650 et
1117 590 1400 669 quatuor
1440 585 1614 650 notis
1665 584 1933 683 musicis
1989 586 2317 651 instructi.
2354 593 2422 652 et
2465 587 2642 653 suis
2656 586 2815 654 locis
2855 587 3090 654 inserti
3142 587 3323 653 inter
3358 588 3788 655 marotianos:
3850 593 3949 655 16.
4001 593 4099 656 17.
4147 590 4251 657 20.
4296 594 4402 658 21.
4491 644 4498 651 .

296 678 303 685 ’
368 701 455 762 26
498 678 597 763 'ad
628 702 730 762 31
781 700 883 762 34.
924 684 1033 761 85.
1093 698 1176 760 39
1222 694 1307 762 ad
1351 699 1456 761 42.
1515 700 1617 761 44.
1660 694 1782 762 4-7.
1842 674 1943 761 ²73.
1995 701 2097 761 90.
2162 701 2281 761 119
2328 680 2416 762 ad
2465 702 2992 765 127.129.131
3043 699 3129 764 ad
3173 703 3326 778 134,
3361 706 3428 765 et
3469 699 3538 765 in
3583 697 3943 784 appendice
3986 709 4239 785 septem
4283 703 4438 791 5111,

370 809 515 875 81118
526 809 732 879 notis
774 807 1074 874 musicis.
1136 810 1235 871 52.
1285 780 1384 871 58.
1435 810 1514 870 63
1575 806 1660 872 811
1705 810 1807 873 65.
1856 812 1936 871 67
1983 815 2051 873 et
2098 812 2237 874 111.
2302 808 2600 892 Reliqui
2653 810 3000 894 sexaginta
3051 811 3342 893 primum
3405 811 3711 896 impressi
3761 811 4071 878 videntur
4119 834 4175 880 a.
4236 820 4398 882 1561
4519 840 4524 847 ·
4587 896 4590 903 Ι

373 938 603 986 081888
638 920 722 985 ab
771 919 999 1025 eodem
1044 919 1223 984 Beza
1264 919 1471 1000 versi,
1502 918 1641 984 ‘ubi
1684 917 2193 998 observandum,
2241 920 2404 985 duos
2440 921 2726 987 bezanos
2769 921 3059 1029 psalmos
3107 926 3230 986 120
3274 928 3341 987 et
3390 926 3509 987 142
3554 922 3755 1006 plane
3799 924 3962 991 alios
4006 945 4149 992 esse
4192 933 4260 992 et
4303 925 4404 995 di-

266 1022 275 1031 ’
368 1052 596 1099 versos
636 1016 729 1107 ab
763 1031 845 1095 118
889 1050 1053 1113 quos
1090 1030 1451 1112 praebebat
1488 1028 1689 1096 editio
1733 1026 2327 1114 argentoratensis
2337 1052 2395 1096 a.
2448 1034 2635 1096 1545.
4439 1102 4442 1103 ⁷
4489 1012 4494 1019 ’

674 1142 786 1207 Ex
830 1140 1029 1205 modo
1074 1139 1270 1206 dictis
1314 1148 1603 1223 apparet,
1648 1142 1719 1206 in
1764 1139 2019 1208 duabus
2063 1142 2539 1226 antiquissimis
2583 1144 2992 1226 psalmorum
3035 1143 3420 1228 gallicorum
3460 1143 3861 1210 editionibus
3903 1167 4071 1230 quae
4112 1148 4408 1219 ecclesiis
4587 1126 4594 1133 ”

300 1338 307 1347 ·
366 1253 739 1319 reformatis
783 1250 1147 1319 destinatae
1191 1252 1477 1332 fuerunt,
1526 1250 1606 1317 de
1642 1252 1881 1336 quibus
1920 1273 2041 1319 nos
2077 1253 2344 1336 quidem
2388 1261 2638 1321 certam
2683 1254 2990 1319 notitiam
3032 1253 3355 1325 habemus
3409 1253 3657 1338 tibique
3709 1257 4129 1345 suppeditare
4171 1282 4403 1345 possu-
4513 1240 4520 1245 η

294 1452 305 1461 ⁰
366 1385 550 1443 mus,
604 1364 799 1448 plura
841 1364 1163 1431 contineri
1205 1363 1741 1447 08118188ος888
1751 1386 1793 1429 8
1842 1365 2312 1447 posterioribus
2355 1367 2628 1443 absunt,
2675 1365 2964 1447 adeoque
3022 1364 3107 1430 ad
3162 1365 3617 1433 collectionem
3662 1371 4231 1436 marotobezanam
4277 1374 4405 1438 mi-

366 1476 551 1541 nime
592 1474 923 1558 pertinere
964 1473 1291 1552 videntur,
1337 1488 1503 1556 quae
1544 1474 1700 1540 inde
1744 1475 1826 1540 ab
1871 1496 2045 1540 anno
2098 1481 2251 1541 1561
2303 1476 2607 1543 absoluta
2648 1476 2774 1541 fuit
2817 1483 2887 1541 et
2927 1477 3061 1541 iam
3106 1477 3187 1542 ab
3231 1499 3405 1543 anno
3446 1482 3630 1556 1547,
3676 1488 4002 1560 quantum
4036 1481 4119 1546 ad
4154 1481 4402 1548 Mai-oti

226 1560 269 1677 ‘⁶
366 1585 631 1652 labores
675 1587 931 1665 attinet,
952 1585 1307 1657 invariata
1351 1586 1614 1652 mansit.
1706 1584 1932 1667 Quum
1986 1586 2262 1653 minime
2304 1607 2465 1654 vero
2511 1586 2725 1653 simile
2769 1587 2884 1666 sit,
2945 1608 3161 1670 neque
3204 1588 3287 1653 ab
3328 1588 3463 1653 ullo
3507 1595 3674 1654 teste
3717 1611 4008 1674 unquam
4050 1594 4251 1658 fuerit
4293 1613 4401 1660 as-

367 1704 654 1776 sertum,
711 1696 892 1760 hu‘nc
934 1695 1198 1763 eosdem
1241 1674 1491 1780 aliquot
1540 1684 1832 1781 psalmos
1886 1698 1988 1765 bis
2032 1697 2291 1765 diverso
2346 1705 2560 1765 metro
2603 1699 2910 1777 vertisse,
2968 1704 3154 1782 patet
3196 1699 3628 1778 Garnerium‚
3674 1698 3781 1766 vel
3824 1702 4119 1786 quisquis
4163 1726 4400 1789 argen-
4501 1690 4504 1691 ⁷

366 1816 769 1875 50185888818
812 1807 1168 1873 editionem
1207 1810 1566 1889 curaverit,
1622 1811 1847 1876 omnia
1903 1832 1944 1876 8
1998 1832 2068 1876 88
2127 1810 2601 1892 conquisita
2653 1809 2940 1889 0885108,
2997 1818 3066 1875 85
3109 1812 3418 1876 maxima
3441 1833 3526 1876 ex
3568 1820 3760 1896 parte
3804 1833 3889 1878 ex
3934 1812 4219 1879 editione
4263 1816 4400 1898 pri·-

364 1922 583 1985 maria
620 1940 680 2005 a.
731 1922 896 1985 1542
939 1920 1217 2001 repetita
1256 1918 1399 2004 (ubi
1442 1928 1748 1997 autorum
1790 1922 2062 1993 nomina
2103 1943 2236 1986 non
2281 1920 2644 2004 adduntur)
2688 1920 3017 1987 incautius
3053 1923 3170 1986 uni
3215 1922 3476 1987 Maroto
3528 1921 3853 1989 tribuisse.
3941 1921 4130 2004 Quod
4179 1946 4254 1990 eo
4297 1947 4401 1992 se-

367 2032 709 2099 curius‘et
748 2031 981 2096 fortius
1025 2030 1462 2112 affirmamus,
1520 2031 1693 2115 quo'd
1744 2034 1924 2099 inter
1965 2033 2097 2099 alia
2153 2032 2353 2097 habet
2407 2031 2538 2097 duo
2582 2032 2741 2109 (120
2784 2040 2852 2097 85
2903 2032 3052 2115 142)
3109 2053 3276 2115 quae
3321 2033 3626 2099 Marotus
3679 2054 4017 2117 nunquam
4075 2038 4398 2117 tractavit,

365 2143 550 2209 Beza
590 2163 746 2208 vero
789 2142 1018 2207 multis
1063 2141 1331 2235 demum
1371 2150 1524 2226 post
1566 2144 1794 2225 annis,
1850 2144 2157 2231 alterum,
2184 2142 2449 2225 quidem
2492 2143 2624 2208 iam
2671 2163 2726 2208 a.
2782 2138 2976 2223 1559,
3035 2143 3322 2209 alterum
3386 2143 3652 2210 demum
3708 2165 3765 2211 a.
3819 2149 3979 2209 1561
4041 2148 4399 2231 evulgavit,
4485 2140 4496 2151 ⁰

367 2255 453 2321 ab
500 2253 634 2319 illis
682 2251 1156 2336 antiquioribus
1198 2252 1661 2320 diversissima.
4387 2266 4394 2275 ‘

568 2438 577 2449 ⁸
677 2362 1053 2430 Editionem
1119 2364 1488 2449 principem
1550 2364 1971 2435 Psalmorum
2027 2358 2556 2431 Marotianorum
2622 2385 2678 2429 8.
2745 2369 2902 2429 1541
2983 2364 3109 2448 ipsi
3163 2364 3427 2448 quidem
3489 2386 3625 2431 non
3681 2366 4014 2448 vidimus,
4072 2368 4190 2434 sed
4243 2370 4394 2437 081.

361 2475 556 2542 Read
600 2475 927 2560 (Bullatin
969 2474 1060 2539 Π.
1090 2475 1267 2560 418)
1312 2476 1572 2561 singula
1612 2476 1894 2561 triginta
1936 2478 2234 2543 carmina
2274 2476 2348 2541 in
2391 2475 2624 2541 eadem
2667 2476 2999 2542 exstantia
3040 2482 3368 2554 recenset,
3421 2483 3704 2559 suntque
3747 2478 4008 2551 numeri
4047 2478 4251 2545 iidem
4294 2492 4398 2547 at-

364 2608 495 2671 que
538 2588 612 2652 in
654 2585 754 2652 ed.
801 2606 857 2650 a
908 2589 1070 2650 1542
1117 2608 1319 2671 supra
1354 2587 1733 2670 descripta,
1751 2588 2043 2670 exceptis
2085 2588 2192 2653 his
2236 2588 2553 2671 quinque:
2602 2590 2703 2651 25.
2752 2590 2858 2652 36.
2899 2592 3001 2651 46.
3050 2592 3128 2651 91
3171 2596 3246 2652 85
3295 2591 3447 2666 138,
3505 2588 3641 2652 iam
3689 2589 3948 2671 saepius
3991 2594 4391 2660 memoratis.

675 2697 822 2763 Iam
879 2696 939 2763 81
990 2697 1154 2763 haec
1209 2699 1304 2763 158
1357 2720 1426 2764 88
1481 2697 1757 2779 habent,
1822 2699 2161 2782 quaeritur
2212 2701 2361 2783 quis
2414 2696 2684 2764 tandem
2728 2698 3096 2764 carminum
3147 2698 3422 2764 illorum
3465 2696 3818 2763 desonam
3862 2707 4050 2766 autor
4094 2722 4238 2768 esse
4280 2725 4399 2787 po-

328 2808 613 2877 ·tuerit?
670 2790 896 2875 utrum
950 2807 1173 2891 aliqua
1226 2826 1375 2892 spes
1430 2809 1519 2874 sit
1556 2810 1861 2876 nominis
1915 2812 2058 2878 eius
2101 2809 2574 2895 comperiendi,
2624 2809 2836 2875 etiam
2882 2816 3030 2893 post
3082 2817 3183 2877 tot
3235 2809 3500 2877 saecula
3542 2817 3612 2877 et
3653 2809 4022 2877 tacentibus
4064 2814 4400 2882 veteribus

360 2923 689 3001 omnibus,
731 2943 820 2986 an
862 2924 1078 3005 potius
1118 2942 1230 2986 res
1267 2921 1340 2984 in
1365 2918 1569 3003 dubio
1605 2912 2087 3005 relinquenda?
2170 2924 2392 3006 Atque
2437 2921 2565 3001 hic,
2610 2906 2741 2988 nisi
2783 2920 3007 2987 omnia
3050 2942 3168 2986 nos
3211 2921 3470 3000 fallunt,
3516 2921 3701 2987 viam
3734 2922 4020 3005 aliquam
4063 2923 4400 2992 invenisse

359 3034 560 3099 nobis
601 3031 926 3119 videmur,
969 3039 1328 3117 praeeunte
1370 3029 1635 3115 quidem
1677 3033 1757 3098 1³³.
1803 3034 2080 3112 BovetO,
2127 3033 2212 3099 811
2256 3031 2720 3099 stabiliendam
2761 3032 2911 3097 Viri
2955 3031 3315 3097 doctissimi
3356 3033 3820 3098 coniecturam.

680 3145 1002 3229 Legimus
1062 3144 1352 3228 primum
1416 3143 1488 3209 in
1546 3144 1823 3227 epistola
1877 3144 2162 3228 quadam
2212 3143 2478 3210 Calvini
2548 3142 2632 3210 ad
2686 3142 3058 3222 Farellum,
3128 3143 3559 3227 Argentorati
3614 3142 3674 3208 d.
3723 3147 3824 3208 27.
3877 3142 4180 3213 Octobris
4231 3102 4396 3215 1539

364 3258 634 3342 scripta,
680 3256 869 3323 cuius
913 3254 1368 3339 autographon
1413 3263 1633 3321 exstat
1672 3255 1986 3323 Genevae
2031 3255 2235 3343 (0011.
2272 3259 2413 3320 106.
2459 3255 2568 3321 fol.
2618 3254 2751 3335 32),
2795 3257 2971 3320 inter
3012 3254 3227 3321 multa
3270 3254 3402 3320 alia
3441 3261 3511 3319 et
3554 3256 3748 3322 11800.
3811 3255 3958 3322 Non
4001 3258 4189 3339 potui
4228 3278 4400 3325 nune
4517 3250 4546 3339 J
4655 3328 4662 3335 ,

363 3370 453 3434 acl
496 3366 875 3434 Mwhaezem
913 3366 1199 3434 scribere.
1282 3366 1486 3434 Velim
1539 3372 1752 3433 tamen
1790 3367 1895 3433 illi
1937 3368 2239 3451 iniunyas
2256 3418 2271 3449 ,
2315 3368 2533 3452 primo
2585 3366 2817 3433 nuncio
2867 3366 3101 3432 scribat
3138 3367 3214 3431 de
3242 3366 3523 3450 psalmis
3567 3367 3727 3449 quid
3766 3372 3974 3432 actum
4015 3368 4116 3432 sit.
4202 3366 4398 3434 Man-

361 3478 522 3546 daei
562 3483 632 3544 ut
672 3484 911 3545 centum
953 3478 1351 3560 exemplaria
1398 3476 1712 3545 Genevoem
1752 3480 2162 3545 mitterentur.
2253 3477 2444 3545 Nune
2484 3479 2778 3562 primum
2829 3476 3112 3544 intellexi
3165 3498 3289 3545 non
3326 3476 3532 3559 fuisse
3570 3477 3641 3542 id
3684 3481 3988 3543 curatum.
4081 3476 4254 3546 Certe
4295 3480 4397 3555 ni,-

360 3592 494 3657 nois
536 3590 906 3674 neyliyenter
924 3630 927 3635 -
944 3589 1192 3656 tamdiu
1229 3590 1484 3657 distulit
1523 3590 1684 3656 mihi
1724 3589 2100 3675 siynificare.
2191 3589 2484 3673 Quinam
2527 3598 2687 3656 sunt
2725 3588 2826 3654 illi
2867 3589 3104 3672 psalmi
3148 3608 3430 3673 quorum
3473 3595 3740 3654 centum
3784 3589 4188 3672 exemplaria
4221 3591 4396 3657 Neo-

359 3722 555 3768 como
590 3702 938 3769 Genevam
978 3699 1299 3766 mittenda
1341 3701 1574 3767 erant?
1664 3703 1845 3768 Num
1888 3703 2023 3768 iam
2066 3702 2415 3786 impressi?
2463 3722 2550 3767 an
2587 3723 2792 3768 manu
2828 3707 3090 3765 tantum
3127 3699 3482 3784 descripti?
3548 3699 3728 3766 Num
3763 3701 4029 3779 Maroti,
4067 3710 4183 3768 aut
4227 3702 4395 3768 alius

359 3812 753 3897 cuiuspiam,
798 3818 914 3877 aut
948 3812 1293 3877 variorum
1336 3812 1634 3879 carmina
1677 3812 1991 3878 collecta?
2059 3813 2265 3879 Haec
2289 3813 2513 3879 omnia
2553 3810 2744 3878 nobis
2787 3811 3143 3879 cimmeriis
3185 3813 3475 3878 tenebris
3500 3818 3819 3895 teguntur
3854 3810 4143 3894 adeoque
4176 3812 4395 3896 ipsum
4445 3856 4448 3857 ν

358 3926 575 3991 istum
614 3923 1042 4003 Michaelem,
1099 3923 1288 3990 cuius
1344 3924 1820 4008 negligentiam
1878 3925 2212 4007 vituperat
2252 3930 2507 4003 noster,
2551 3924 2937 4008 ignoramus
2953 3973 2968 4001 ‚
3014 3923 3162 4007 quis
3203 3923 3415 3989 fuerit.
3449 3940 3454 3946 ·
3506 3918 3900 3988 Coniectura
3942 3923 4002 3989 si
4046 3944 4150 3989 res
4193 3942 4395 4007 expe-
4565 3886 4572 3891 ι
4635 3932 4666 3945 “·

357 4035 489 4101 diri
550 4044 797 4119 posset,
866 4032 1262 4113 diceremus,
1322 4034 1681 4102 Calvinum
1735 4036 2023 4119 psalmos
2077 4034 2398 4118 quosdam
2450 4035 2687 4119 gallico
2730 4041 2944 4100 metro
3001 4034 3275 4100 donatos
3331 4034 3887 4099 Neocomensibus
3940 4034 4225 4110 misisse,
4282 4032 4395 4115 qui

355 4146 571 4231 primi
613 4152 681 4210 et
713 4146 1078 4211 carminum
1123 4151 1191 4210 et
1232 4145 1577 4211 modorum
1628 4148 2029 4212 musicorum
2087 4148 2277 4230 (quos
2321 4144 2578 4211 additos
2630 4147 2833 4211 fuisse
2873 4134 3310 4229 suspicamur)
3366 4142 3440 4208 in
3492 4145 3783 4211 coetibus
3838 4143 3976 4208 suis
4029 4140 4396 4225 periculum

358 4259 694 4335 facerent,
740 4266 809 4321 et
848 4254 1115 4335 deinde,
1170 4257 1228 4321 si
1286 4257 1819 4341 approbaverint,
1879 4257 2389 4324 Genevensibus
2431 4258 2504 4321 in
2548 4256 2832 4323 similem
2872 4278 3066 4322 usum
3109 4255 3658 4322 commendarent.
3748 4252 4040 4319 Centum
4082 4272 4237 4318 vero
4279 4253 4395 4318 illa

357 4368 774 4451 exemplaria
816 4387 1032 4450 neque
1073 4369 1388 4451 impressa
1432 4389 1646 4452 neque
1687 4367 2128 4452 imprimenda
2169 4369 2575 4436 Neocomum
2618 4368 2821 4435 missa
2862 4367 3350 4445 crediderimus,
3395 4386 3630 4433 verum
3672 4364 3756 4429 ab
3789 4364 3948 4447 ipsis
3986 4363 4394 4430 Neocomen-

357 4481 550 4547 sibus
593 4499 797 4543 manu
838 4476 1266 4543 describenda
1307 4478 1527 4545 fuisse.
1617 4480 1791 4545 Nam
1834 4482 1890 4545 si
1933 4479 2069 4545 iam
2110 4482 2294 4565 typis
2336 4500 2582 4546 excusa
2623 4480 2904 4545 fuissent
2921 4531 2937 4559 ‚
2995 4498 3311 4545 numerus
3355 4475 3766 4542 centenarius
3809 4475 3984 4539 iusto
4027 4474 4249 4561 minor
4288 4476 4394 4542 vi-

358 4591 580 4669 detur,
627 4609 824 4673 quam
881 4591 992 4673 qui
1032 4588 1144 4654 vel
1198 4592 1615 4656 neocomensi
1671 4591 1780 4659 vel
1834 4592 2193 4676 genevensi
2251 4592 2565 4658 ecclesiae
2614 4592 2914 4657 sufficere
2966 4590 3305 4674 potuisset.
3396 4584 3623 4668 Quum
3667 4605 3825 4652 vero
3869 4606 4071 4650 manu
4113 4587 4394 4670 scriptos

360 4703 652 4771 dicimus
692 4699 839 4766 illos
880 4700 1187 4784 psalmos,
1233 4699 1436 4766 simul
1474 4703 1906 4785 paucissimos
1945 4703 2147 4770 fuisse
2190 4703 2549 4769 innuimus.
2639 4701 2925 4767 Videtur
2967 4698 3287 4766 Calvinus
3326 4696 3612 4780 experiri
3664 4695 3954 4763 voluisse
3998 4718 4126 4781 quo
4168 4697 4394 4762 favore
4445 4770 4446 4773 Ἴ

360 4816 470 4881 vel
515 4832 858 4891 successu,
914 4812 1056 4877 sive
1112 4832 1363 4879 novum
1415 4812 1542 4879 hoc
1595 4813 2039 4880 canendorum
2092 4813 2500 4897 psalmorum
2542 4812 2941 4889 institutum,
2988 4812 3129 4878 sive
3170 4810 3300 4895 ipsi
3338 4807 3441 4873 illi
3474 4808 3814 4892 pauciores
3856 4808 4091 4893 psalmi
4135 4828 4394 4874 eorum·

361 4947 494 5011 que
552 4922 737 4990 modi
798 4944 960 5007 quos
1015 4927 1160 4989 tum
1214 4924 1546 5003 mittebat,
1591 4923 1673 4989 ab
1716 4924 2007 4991 ecclesiis
2049 4923 2401 4991 Helvetiae
2454 4916 2708 5007 gallicis
2752 4922 3229 5006 reciperentur,
3298 4928 3453 4987 ante
3498 4940 3696 5003 quam
3751 4940 3862 4985 eos
3917 4918 4395 5005 typographiae
4501 4932 4502 4935 ’

360 5060 487 5122 ope
532 5036 743 5102 latius
783 5042 1197 5120 propagaret.
1283 5033 1541 5101 Verum
1598 5035 1704 5101 his
1758 5057 1894 5101 non
1950 5034 2320 5101 insistimus
2333 5086 2350 5115 ‚
2404 5039 2635 5116 utpote
2689 5032 2907 5099 dubiis
2950 5039 3018 5098 et
3060 5030 3345 5099 incertis.
3433 5031 3583 5097 Hoc
3624 5038 3850 5096 tamen
3890 5029 4077 5096 nobis
4118 5051 4254 5095 non
4295 5032 4393 5096 fa-

359 5150 490 5217 cile
532 5144 1041 5233 persuademus,
1090 5147 1501 5213 Marotianos
1552 5148 1841 5230 psalmos
1893 5147 2027 5212 iam
2093 5154 2246 5212 ante
2300 5167 2357 5212 a.
2402 5150 2568 5210 1540
2625 5144 2935 5228 vulgatos
2987 5144 3187 5210 fuisse
3238 5144 3334 5210 ita
3375 5150 3455 5208 ut
3510 5141 3590 5208 de
3646 5141 3750 5208 liis
3794 5139 4114 5208 Calvinus
4156 5141 4228 5204 in
4273 5160 4394 5219 8118

361 5259 659 5351 epistola
701 5255 945 5323 dixisse
986 5257 1319 5340 putandus
1360 5258 1464 5327 sit.
1532 5257 1706 5325 Vide
1749 5257 2139 5324 Sleidanum
2182 5257 2225 5324 l.
2270 5258 2313 5324 1.
2358 5257 2449 5323 H.
2499 5260 2624 5322 308
2672 5254 2772 5324 ed.
2816 5261 2978 5321 1786
3025 5263 3094 5321 85
3134 5255 3461 5322 Readium
3502 5254 3546 5319 l.
3590 5253 3634 5318 l.
3681 5273 3744 5336 p.
3789 5255 3890 5316 95.
3965 5247 4406 5334 Argentorati‘
4473 5282 4482 5289 ·
