4967 5992
499 329 623 393 231
1807 318 2337 389 RESPONSIO
2382 315 2761 387 CONTRA
2800 317 3235 385 PIGHIUM.
4398 319 4527 381 232

498 522 723 580 ratum
759 497 918 580 sunt
955 514 1226 591 intenti,
1273 521 1340 578 et
1382 510 1784 597 colligendas
1828 510 2077 595 copias,
2124 530 2286 592 quas
2328 508 2564 574 deinde
2605 527 2725 593 per
2771 528 2960 574 suam
3003 506 3561 591 opportunitatem
3605 507 3676 572 in
3719 526 3844 571 nos
3887 506 4215 585 emittant,
4263 507 4321 571 si
4365 505 4532 591 quid

496 626 901 710 fatigationis
958 625 1254 691 sentiunt
1297 646 1381 689 ex
1434 644 1570 690 uno
1612 642 1970 707 congressu
1984 672 2001 701 ,
2056 621 2342 704 quietem
2398 628 2467 684 et
2519 618 2819 685 inducias
2873 625 3032 686 tunc
3085 638 3340 702 quoque
3394 639 3515 701 pro
3573 638 3692 684 suo
3738 617 4009 684 arbitrio
4065 616 4189 684 sibi
4235 625 4530 700 sumunt,

500 735 705 802 donec
747 736 1009 802 refectis
1053 735 1293 801 animis
1335 743 1404 801 et
1444 733 1696 801 viribus
1751 734 1994 799 iterum
2048 731 2134 797 ad
2183 751 2307 798 nos
2349 730 2763 815 impetendos
2805 730 3116 796 instructi
3160 737 3320 796 sunt
3360 750 3436 795 ac
3478 730 3713 813 parati.
3806 731 3962 796 Huc
4006 731 4208 795 etiam
4255 729 4530 811 accedit,

499 847 672 931 quod
710 848 915 914 tantis
955 846 1246 914 locorum
1265 832 1515 930 'spatiis
1560 845 1783 926 divisi,
1837 844 1952 910 illa
1997 843 2216 924 etiam,
2260 841 2440 909 unde
2489 864 2624 908 non
2667 862 2903 925 parum
2955 841 3302 908 levationis
3357 841 3757 924 sperandum
3810 842 4008 921 foret,
4067 840 4534 908 commoditate

500 958 954 1039 destituimur,
1008 957 1533 1025 communicandi
1588 956 1835 1023 scilicet
1888 958 2064 1021 inter
2110 976 2261 1035 nos,
2325 953 2724 1037 consiliaque
2778 974 2897 1037 pro
2965 974 3187 1019 rerum
3245 959 3312 1018 et
3379 959 3754 1036 temporum
3811 954 4064 1019 ratione
4130 954 4530 1021 conferendi.

501 1071 717 1152 Haec,
778 1078 855 1136 ut
897 1069 1064 1149 dixi,
1121 1092 1255 1135 non
1300 1071 1443 1137 sine
1499 1069 1754 1155 gemitu
1799 1070 2123 1152 sortisque
2176 1075 2442 1133 nostrae
2501 1065 2950 1148 deploratione
2994 1073 3227 1149 reputo
3281 1085 3543 1131 mecum
3585 1086 3660 1132 ac
3703 1065 4055 1148 perpendo.
4147 1064 4533 1147 Caeterum,

503 1184 853 1266 quominus
896 1183 1025 1248 ista
1068 1181 1465 1267 cogitatione
1511 1181 1800 1265 frangar,
1846 1180 2131 1246 occurrit
2174 1200 2258 1243 ex
2302 1178 2513 1243 altera
2550 1183 2738 1261 parte
2782 1198 2913 1243 non
2956 1177 3304 1242 minimum
3349 1177 3674 1243 solatium.
3764 1177 4072 1243 Primum
4116 1176 4275 1261 quia
4308 1185 4534 1243 statuo
4614 1179 4627 1192 ‘

503 1315 624 1360 nos
668 1316 800 1361 non
846 1296 986 1360 sine
1031 1303 1207 1359 certo
1250 1294 1383 1359 Dei
1429 1292 1714 1370 consilio,
1761 1299 1830 1357 et
1871 1288 2113 1356 talibus
2155 1288 2435 1356 obsideri
2480 1289 2817 1372 premique
2861 1289 3203 1373 angustiis,
3248 1297 3315 1353 et
3355 1288 3456 1366 iis,
3502 1307 3670 1372 quae
3712 1288 4097 1358 humanitus
4137 1289 4372 1356 iuvare
4406 1310 4536 1357 nos

501 1412 798 1489 possent,
856 1404 1163 1471 subsidiis
1209 1405 1430 1472 defici:
1494 1413 1570 1470 ut
1609 1403 1848 1468 melius
1891 1400 2334 1486 expergefacti
2387 1401 2715 1483 respicere
2758 1400 2829 1464 in
2870 1401 3090 1484 ipsum
3136 1398 3348 1465 solum
3396 1399 3743 1466 discamus.
3829 1399 4093 1466 Deinde
4140 1402 4294 1484 quia
4336 1409 4534 1467 vetus

502 1517 625 1584 hoc
669 1538 811 1583 esse
862 1518 1238 1599 exemplum
1296 1537 1445 1582 cum
1502 1515 1721 1579 animo
1764 1535 1911 1579 meo
1939 1514 1990 1598 ¹)
2045 1511 2368 1579 recordor.
2458 1512 2692 1577 Refert
2731 1512 2908 1576 enim
2955 1531 3140 1577 sacra
3178 1511 3471 1589 historia,
3515 1511 3875 1592 Israelitas,
3935 1533 4139 1596 quum
4185 1533 4270 1577 ex
4315 1512 4532 1596 capti-

499 1628 704 1695 vitate
759 1630 1043 1693 restituti
1113 1628 1447 1694 civitatem
1501 1634 1947 1704 exstruerent,
2008 1626 2150 1708 pari
2204 1623 2589 1689 difficultate
2631 1622 2979 1689 laborasse.
3067 1623 3243 1688 Nam
3286 1643 3491 1706 quum
3533 1622 3679 1707 ipsa
3734 1623 3951 1706 operis
4004 1623 4395 1710 magnitudo
4452 1646 4535 1692 ac

503 1740 739 1819 moles,
798 1761 1002 1823 quum
1044 1740 1361 1823 temporis
1407 1739 1749 1823 angustiae
1789 1736 1941 1820 plus
1982 1737 2143 1804 satis
2186 1757 2296 1802 eos
2340 1743 2682 1820 urgerent,
2730 1734 2812 1800 ab
2858 1734 3155 1824 hostibus
3196 1734 3531 1817 aliquanto
3573 1737 3726 1818 plus
3771 1737 4020 1821 negotii
4062 1735 4537 1821 molestiaeque

501 1852 932 1917 sustinebant.
1022 1852 1116 1916 Et
1163 1861 1384 1918 tamen
1429 1849 1728 1917 videmus
1782 1848 1849 1915 id
1891 1870 2025 1915 non
2068 1848 2398 1914 obstitisse
2415 1900 2431 1926 ,
2490 1846 2843 1930 quominus
2886 1855 3264 1913 constanter
3307 1847 3733 1931 inb-actisque
3776 1848 4014 1934 animis
4057 1854 4418 1933 pergerent
4458 1848 4535 1913 in

500 1983 726 2045 opere,
795 1983 1000 2045 usque
1044 1961 1202 2027 dum
1259 1962 1340 2028 ad
1392 1971 1761 2028 extremum
1819 1963 2147 2027 constanti
2190 1980 2416 2027 eorum
2474 1956 2857 2025 assiduitate
2913 1958 3201 2023 hostium
3256 1958 3640 2042 improbitas
3694 1967 3761 2024 et
3804 1960 4017 2026 rabies
4070 1962 4512 2045 frangeretur.

499 2072 842 2156 Siquidem
892 2074 1015 2140 hoc
1057 2096 1189 2140 non
1209 2075 1267 2158 2)
1313 2074 1590 2159 vulgare
1633 2082 1776 2139 erat
1827 2071 2235 2138 fortitudinis
2285 2072 2613 2155 specimen
2634 2122 2648 2148 ,
2707 2069 2944 2154 gladiis
2990 2070 3313 2136 accinctos
3355 2079 3769 2135 caementum
3815 2079 3883 2136 et
3926 2072 4164 2139 lateres
4210 2067 4515 2156 compor-

497 2194 666 2251 tare:
724 2186 933 2252 altera
974 2207 1180 2252 manu
1225 2197 1450 2252 tenere
1478 2184 1823 2270 gladium,
1867 2184 2081 2250 facere
2138 2204 2332 2267 opus,
2391 2182 2792 2265 trullamque
2836 2202 3103 2248 versare
3159 2182 3392 2247 altera:
3451 2190 3647 2264 atque
3700 2183 3796 2248 ita
3835 2184 4308 2251 architecturae
4354 2184 4521 2250 dare

495 2317 789 2380 operam,
848 2304 916 2363 et
958 2298 1157 2364 simul
1213 2298 1295 2364 ad
1351 2298 1676 2382 praelium
1721 2318 1864 2362 esse
1915 2295 2256 2379 expeditos
2301 2294 2394 2378 (N
2398 2293 2606 2359 ehem.
2657 2300 2693 2357 4
2713 2344 2728 2373 ,
2796 2295 2921 2377 17).
3011 2294 3176 2359 Eius
3220 2293 3534 2359 historiae
3578 2294 4026 2362 recordatione
4071 2297 4349 2364 excitari
4394 2317 4523 2362 nos

496 2430 751 2492 quoque
797 2409 1008 2489 decet,
1059 2419 1133 2476 ut
1171 2410 1348 2476 inter
1392 2419 1490 2476 tot
1535 2409 1973 2488 difficultateS,
2020 2430 2185 2491 quae
2230 2428 2349 2472 nos
2395 2406 2477 2472 ad
2526 2406 3047 2488 desperationem
3095 2405 3474 2486 sollicitant,
3521 2406 3816 2472 animum
3861 2407 4293 2474 nihilominus
4335 2408 4524 2473 colli-

494 2541 746 2603 gamus.
839 2519 1065 2602 Quum
1119 2520 1406 2587 mirabili
1462 2541 1582 2587 sua
1633 2529 1774 2585 tum
1830 2522 2150 2604 potentia,
2210 2534 2354 2584 tum
2398 2519 2692 2584 bonitate
2732 2517 3064 2583 Dominus
3123 2516 3206 2582 ab
3259 2516 3589 2582 horrenda
3645 2517 3761 2582 illa
3803 2520 4201 2586 Antichristi
4258 2522 4523 2586 romani

497 2630 847 2716 tyrannide
891 2654 1012 2697 nos
1057 2632 1458 2711 liberaverit,
1507 2632 1793 2698 civitatis
1823 2652 1979 2696 suae
2005 2639 2267 2697 sanctae
2309 2631 2694 2708 Ierusalem,
2744 2628 2957 2712 idmest,
3005 2628 3315 2695 ecclesiae
3358 2628 3827 2695 instaurandae
3870 2632 4279 2713 provinciam
4322 2631 4524 2698 hodie

495 2743 681 2809 nobis
725 2744 1010 2809 mandat.
1102 2744 1407 2808 Arduum
1452 2763 1612 2808 sane
1655 2764 1774 2827 per
1818 2763 1888 2808 se
1932 2764 2095 2826 opus
2138 2764 2214 2807 ac
2255 2740 2684 2807 laboriosum:
2728 2750 2803 2805 ut
2844 2740 3015 2805 nihil
3058 2740 3322 2806 aliunde
3364 2742 3789 2823 superveniat
3820 2741 4290 2825 impedimenti.
4380 2744 4524 2810 Ve-

495 2863 647 2918 rum
684 2853 973 2920 Satanae
1024 2854 1311 2920 ministri
1355 2863 1422 2918 et
1465 2853 1816 2932 satellites,
1876 2853 2113 2937 quibus
2158 2854 2226 2920 id
2270 2861 2372 2919 est
2414 2853 2855 2938 propositum,
2916 2873 3001 2917 ne
3046 2852 3353 2918 ecclesiae
3398 2852 3950 2934 aedificationem,
4002 2854 4216 2938 quoad
4230 2855 4289 2939 ⁸)
4331 2856 4404 2920 in
4448 2878 4527 2922 se

497 2966 654 3044 erit,
702 2986 972 3050 surgere
1015 2966 1383 3049 patiantur,
1432 2965 1710 3031 assiduis
1753 2965 2223 3032 certaminibus
2265 2986 2385 3030 nos
2432 2964 2764 3044 vexando,
2822 2964 2972 3049 plus
3017 2962 3230 3029 adhuc
3281 2963 3527 3049 negotii
3571 2964 3919 3051 facessunt.
4010 2965 4273 3051 Itaque,
4316 2989 4529 3051 quum

499 3096 799 3142 securam
860 3078 941 3143 ab
999 3076 1145 3143 aliis
1199 3078 1396 3143 rebus
1439 3078 1849 3143 vacationem
1904 3078 2195 3160 requirat
2247 3076 2615 3142 ordinarius
2674 3075 3076 3158 reparandae
3134 3076 3444 3142 ecclesiae
3488 3076 3702 3156 labor,
3761 3078 3865 3141 cui
3912 3071 4064 3157 nos‘,
4126 3077 4385 3162 quando
4428 3080 4533 3145 ita

496 3188 785 3253 Domino
829 3189 1044 3255 visum
1104 3195 1233 3268 est,
1291 3189 1604 3255 destinati
1648 3210 1903 3268 sumus,
1963 3189 2162 3253 simul
2206 3197 2404 3272 atque
2464 3187 2750 3272 lapidem
2796 3210 3001 3253 unum
3045 3188 3377 3271 coepimus
3419 3187 3676 3268 tollere,
3734 3189 3845 3252 isti
3891 3189 4164 3257 classico
4208 3190 4292 3255 ad
4334 3211 4533 3275 prae-

493 3298 656 3365 lium
697 3320 816 3366 nos
856 3300 1079 3365 citant.
1145 3299 1376 3382 'Quum
1411 3322 1531 3367 nos
1577 3301 1819 3386 exigua
1846 3301 2051 3367 simus
2097 3301 2441 3367 hominum
2485 3321 2742 3380 manue,
2797 3300 2891 3365 illi
2933 3302 3273 3385 ingentem
3311 3300 3556 3365 faciant
3598 3300 3993 3366 exercitum:
4042 3302 4153 3384 qui
4198 3305 4535 3388 possimus

496 3418 562 3476 ot
605 3413 911 3478 resistere
943 3411 1172 3477 ‘simul
1214 3412 1382 3492 illis,
1438 3420 1507 3478 et
1551 3435 1789 3479 manus
1831 3412 2074 3479 habere
2131 3432 2390 3496 semper
2428 3414 2500 3477 in
2555 3433 2750 3496 opere
2794 3411 3184 3496 occupatas?
3244 3412 3372 3478 nisi
3413 3410 3600 3502 nobis
3655 3413 3728 3475 in
3773 3421 4070 3477 mentem
4113 3416 4372 3493 veniat,
4432 3417 4531 3483 sic

496 3545 675 3590 nunc
717 3544 912 3607 agere
957 3522 1210 3604 Deum,
1270 3532 1348 3590 ut
1391 3523 1647 3608 pridem
1691 3524 1925 3591 solitus
1971 3533 2089 3605 est,
2136 3546 2263 3608 quo
2321 3524 2746 3591 illustriorem
2800 3546 3038 3591 manus
3077 3544 3233 3590 suae
3275 3525 3640 3608 potentiam
3685 3522 3946 3590 reddat:
3993 3527 4185 3591 nobis
4222 3527 4531 3594 sufficere

499 3635 624 3700 hoc
669 3633 934 3714 debere,
990 3636 1161 3719 quod
1206 3638 1405 3702 etiam
1449 3637 1506 3702 si
1558 3658 1795 3720 parum
1839 3639 2154 3720 proficere
2197 3657 2375 3703 nunc
2420 3636 2764 3702 videamur
2803 3636 3023 3703 labore
3062 3646 3309 3717 nostr0,
3361 3636 3440 3702 de
3486 3657 3789 3703 successu
3834 3643 4079 3718 tamen,
4127 3637 4404 3721 perinde
4448 3659 4530 3703 ac

20 3717 68 3850 Ξ
501 3746 557 3811 si
600 3747 734 3811 iarn
779 3755 1087 3827 exstaret,
1135 3749 1342 3814 simus
1386 3750 1566 3828 certi,
1614 3748 1874 3832 quando
1919 3748 2044 3815 sub
2088 3749 2230 3814 eius
2273 3748 2519 3814 vexillo
2564 3749 2996 3832 auspiciisque
3035 3748 3415 3814 militamus.
3508 3747 3705 3830 Quod
3748 3749 3804 3813 si
3844 3748 4193 3814 hominum
4236 3771 4535 3834 quorun-

20 3841 98 3930 32³1?-
501 3856 653 3922 dam
697 3859 1277 3941 reprehensionem
1324 3881 1458 3926 non
1514 3861 1789 3945 effugiat
1832 3869 2057 3926 nostra
2101 3847 2413 3927 sedulitas
2470 3860 2580 3946 (ut
2620 3860 2919 3944 plerique
2962 3860 3157 3926 hodie
3202 3869 3361 3926 sunt
3402 3862 3600 3927 nimis
3646 3860 3910 3926 delicati
3954 3869 4022 3926 et
4062 3861 4334 3945 morosi)
4375 3864 4541 3945 quia

20 3881 98 4076 ξ’
417 3965 422 3968 ’
494 3968 985 4036 festinationem
1021 3971 1262 4038 alicubi
1305 3972 1593 4054 resipiat,
1641 3972 1804 4039 haec
1849 3992 1969 4039 nos
2014 3972 2411 4040 conscientia
2455 3974 2779 4039 sustineat
2819 3993 2895 4039 ac
2938 3974 3297 4051 confirmet,
3343 3972 3516 4057 quod
3536 3974 3683 4039 Deo
3726 3971 3927 4039 iudici
3972 3980 4215 4052 nostro,
4263 3973 4541 4041 Christo

505 4084 769 4151 domino
813 4106 888 4151 ac
953 4083 1134 4161 duci,
1193 4083 1564 4167 sanctisque
1622 4083 1875 4168 angelis
1920 4105 2066 4149 eam
2110 4086 2352 4151 scimus
2397 4083 2763 4169 approbari.
2856 4082 3050 4166 Quod
3107 4084 3190 4149 ad
3248 4075 3357 4151 me
3409 4086 3718 4168 privatim
3781 4085 4022 4151 attinet
4048 4097 4077 4164 ‚'
4120 4105 4325 4168 quum
4378 4086 4547 4152 satis

413 4239 416 4240 ν
506 4197 611 4260 cui
671 4198 955 4263 serviam
1011 4197 1343 4261 noverim:
1404 4197 1475 4260 in
1546 4196 1672 4262 hac
1715 4195 1957 4262 fiducia
2012 4205 2187 4262 totus
2233 4198 2601 4281 acquiescO,
2661 4194 2835 4280 quod
2876 4196 2974 4262 illi
3032 4196 3293 4280 placere
3349 4196 3729 4282 obsequium
3787 4215 4011 4261 meum
4075 4195 4545 4280 qualecunque

505 4306 674 4372 nihil
708 4307 950 4375 dubito.
1040 4308 1428 4387 Caeterum,
1485 4310 1540 4374 si
1585 4308 1931 4372 hominum
1970 4305 2282 4373 iudicium
2324 4309 2696 4392 quaeritur,
2742 4320 2933 4373 tuum
2976 4309 3184 4374 unius
3214 4309 3380 4374 mihi
3422 4311 3634 4374 instar
3676 4309 3972 4375 omnium
4014 4308 4315 4373 futurum
4360 4329 4544 4374 sem-

425 4473 430 4482 ,
509 4439 628 4500 per
670 4427 788 4500 est,
832 4421 1002 4485 sicut
1046 4421 1281 4485 merito
1326 4442 1468 4487 esse
1514 4420 1723 4486 debet.
1745 4418 1805 4521 ⁴)
1907 4460 1916 4470 ·
3392 4413 3401 4422 ’
3526 4407 3532 4412 ’

803 4579 1330 4588 ----—-——-.—.0-

823 4676 880 4738 1)
918 4692 1054 4744 mee,
1091 4677 1287 4746 leyitur
1323 4680 1384 4732 in
1418 4679 1538 4733 sola
1572 4676 1653 4730 ed.
1681 4677 1952 4746 principe.

820 4759 882 4828 2)
920 4776 1057 4899 uon:i
1081 4764 1373 4902 ι’ῗέεἷέηιειὲε
1406 4779 1526 4817 cum
1562 4763 1645 4817 ed.
1687 4762 1954 4831 Gallasii,
1989 4777 2152 4832 quam
2188 4769 2492 4832 sequuntur
2527 4764 2783 4834 reliquae.
2857 4763 3127 4832 Princeps
3161 4764 3362 4820 omittit
3395 4781 3462 4819 ex
3496 4765 3629 4819 vitio
3665 4779 3971 4833 operariam,

822 4845 884 4997 ἓξ
919 4863 1121 4986 {ditio
1151 4865 1426 5001 minag}-
1442 4933 1891 5002 subscriptionem
1927 4950 2039 4989 ηοη
2074 4934 2249 4990 addit.
2324 4933 2610 4991 Gallasius
2642 4934 2827 4991 habet.-
2861 4935 3052 4992 Mense
3088 4935 3388 4992 Februario
3423 4935 3732 4992 MDXLIV.
3770 4936 3923 5007 quod
3953 4952 4236 4992 erroneum
4281 4951 4397 4991 esee
4436 4954 4547 5008 pa-

518 5022 592 5073 tet
625 5032 790 5086 quum
826 5017 1020 5072 tihalac
1064 5017 1197 5072 libri
1238 5033 1443 5071 annum
1482 5015 1618 5070 1543
1663 5021 1899 5074 natalem
1937 5020 2287 5089 profiteatur.
2368 5022 2558 5076 Verrio
2589 5021 2794 5091 qallt'ca
2843 5020 2953 5086 (ed.
2992 5019 3187 5089 1566).·
3253 5021 3325 5077 Ce
3361 5023 3497 5077 mois
3534 5020 3604 5078 de
3638 5008 3863 5078 Feri-ier
3907 5021 4071 5094 1543,
4119 5030 4169 5079 et
4212 5023 4294 5078 sic
4325 5039 4552 5096 quoque

513 5103 852 5161 recentiores.
