4967 5992
2102 369 2841 439 PROLEGOMENA.
4375 380 4487 446 XI

768 557 1096 642 Quartam
1138 555 1489 623 vidimus
1468 579 1539 623 ιιι
1582 556 1975 625 bibliotheca
2017 557 2401 625 Cassellana
2441 560 2735 627 Londini
2775 563 2960 628 1552
3005 563 3102 627 16.
3149 563 3559 646 impressam.
3627 564 3713 631 Iu
3749 566 4053 634 omuibus
4093 588 4244 635 cum
4278 589 4484 654 supra

458 670 786 756 descripta
828 669 989 737 anni
1038 674 1201 735 1548
1246 669 1572 737 convenit.
1662 669 1859 737 Hane
1901 675 2130 735 tamen
2172 671 2243 735 in
2286 651 2632 739 collatione
2675 678 2985 738 textuum
3027 672 3112 739 ad
3154 695 3426 741 manum
3468 697 3604 742 non
3646 676 4019 744 habuimus.

764 780 1083 867 Sequitur
1125 782 1378 866 quinta,
1420 780 1617 865 paulo
1658 781 1883 847 minus
1920 780 2320 866 infrequens,
2366 783 2705 849 rarissima
2748 790 2972 850 tamen
3030 790 3100 850 et
3123 785 3302 868 ipsa,
3350 785 3669 854 Geuevae
3712 788 3888 871 apud
3922 789 4291 858 Robertum
4325 789 4484 913 Ste-

455 894 752 977 phanum
795 914 1055 960 excusa.
1142 892 1407 959 Titulus
1446 898 1578 958 est:

760 1002 1363 1072 GATEOHISME
1412 1002 1423 1087 Ι
1477 1012 1673 1068 C’EST
1707 1011 1759 1067 A
1791 1011 1972 1069 mm:
2002 1000 2107 1067 'LE
2140 1011 2425 1069 FORMV
2399 1003 2624 1093 ΙΙειιιθ
2669 1004 2729 1070 d’
2732 1006 3047 1072 instruire
3085 1007 3186 1077 les
3231 1008 3466 1073 enfans
3504 1030 3590 1074 en
3631 1009 3701 1076 la
3742 1010 4130 1079 Chrestien-
4149 1015 4273 1097 ute,
4318 1013 4476 1079 faict
4543 1052 4544 1057 κ

456 1137 541 1183 en
582 1118 875 1184 maniere
919 1116 1000 1187 de
1045 1115 1377 1200 dialogus,
1438 1135 1526 1179 ou
1568 1113 1631 1181 le
1675 1115 1805 1180 Mi·
1822 1108 2055 1198 {nistre
2096 1114 2512 1203 interrogue,
2572 1123 2642 1181 et
2691 1116 2970 1183 l'eufant
3024 1116 3323 1204 respond.
3380 1118 3390 1205 Ι
3436 1129 3582 1186 PAR
3626 1131 3865 1186 IEHAN
3909 1132 4197 1188 CALVIN.
4246 1123 4257 1209 Ι
4307 1133 4472 1200 (Επι-

452 1234 1091 1305 hkmasoephamrum)
1136 1234 1147 1302 1
1191 1213 1555 1299 L'Oliue
1617 1214 1724 1297 de
1784 1214 2118 1298 Robert
2175 1214 2675 1311 Estienne.1
2729 1227 3221 1314 M.D.L111.1
3281 1240 3534 1297 Ernss.
3573 1242 3644 1297 11.
3694 1239 3705 1310 ι
3756 1241 3841 1296 Le
3875 1241 4194 1309 fundament
4238 1243 4308 1298 a«
4352 1242 4471 1298 PE-

451 1338 589 1408 qlo‘se
621 1344 702 1394 est
733 1339 791 1393 la
824 1338 1070 1394 doctrine
1104 1337 1202 1392 des
1237 1338 1534 1405 Prophetes
1567 1342 1621 1391 et
1652 1337 1749 1392 des
1785 1337 1797 1403 Ι
1838 1337 2119 1406 Apamea.

758 1443 1009 1508 Forma
1059 1441 1391 1508 octonaria
1444 1441 1677 1506 minor.
1769 1439 2257 1522 Quaterniones
2315 1448 2565 1526 septem
2611 1448 2679 1507 et
2732 1463 2887 1525 pars
2945 1444 3158 1510 octavi
3201 1445 3273 1527 (a
3287 1443 3494 1525 —h),
3552 1444 3837 1529 paginae
3892 1452 4273 1512 numeratae
4325 1451 4464 1514 117.

452 1554 537 1619 In
577 1552 703 1619 hac
743 1560 894 1636 post
942 1554 1348 1637 precationes
1406 1552 1670 1619 additur
1714 1552 1917 1619 series
1973 1553 2434 1635 quaestionum
2489 1573 2529 1618 a
2585 1553 2890 1631 ministro
2945 1557 3169 1639 pueris
3223 1576 3470 1623 coenae
3514 1554 3788 1621 Domini
3845 1557 4060 1639 prima
4102 1557 4246 1625 vice
4289 1579 4467 1624 com-

451 1665 939 1730 municantibus
983 1662 1582 1748 proponendarum:
1642 1665 1759 1730 La
1800 1665 2163 1729 maniere
2213 1663 2816 1749 d’interroguer
2859 1665 2982 1733 les
3027 1667 3316 1733 enfans
3358 1668 3598 1750 qu’on
3643 1673 3841 1733 veut
3892 1669 4265 1735 recevoir
4307 1675 4349 1734 a
4389 1668 4467 1735 la

451 1776 670 1843 Cene
714 1775 811 1840 de
852 1782 1132 1842 nostre
1177 1773 1593 1860 Seigneur
1631 1775 1864 1842 Iesus
1908 1774 2208 1843 Christ.
2300 1774 2489 1856 Quae
2535 1775 2748 1842 tribus
2781 1777 3059 1862 pagellis
3104 1777 3485 1845 absolvitur.
3557 1776 3991 1860 Exemplaria
4036 1778 4353 1845 Genevac
4396 1786 4466 1844 et

448 1888 846 1953 Lausannae
901 1897 1239 1974 asservata
1286 1886 1594 1981 vidimus.
1683 1886 1881 1955 Hane
1933 1887 2287 1953 editionem
2343 1907 2520 1952 anno
2570 1890 2734 1952 1853
2789 1888 3015 1954 recudi
3066 1890 3327 1957 curavit
3382 1888 3509 1954 Iul.
3554 1887 3735 1955 Guil.
3779 1879 3969 1969 Fick,
4014 1889 4468 1974 typographus

458 1998 873 2064 Genevensis
939 1997 1020 2063 de
1072 1997 1442 2065 'rarioribus
1498 1998 1760 2083 paginis
1827 1998 2067 2064 saeculi
2130 1996 2365 2064 decimi
2420 1998 2594 2064 sexti
2645 1997 2964 2067 laudabili
3036 2000 3368 2067 industria
3419 2000 3817 2067 renovandis
3873 2000 4118 2084 optime
4173 2003 4466 2081 meritus,

450 2110 544 2174 ita
585 2108 859 2192 quidem
894 2114 972 2175 ut
1013 2115 1359 2175 externam
1403 2130 1663 2193 quoque
1700 2110 2121 2193 antiquorum
2163 2109 2483 2176 librorum
2526 2112 2810 2193 speciem
2851 2111 3240 2176 imitaretur.

759 2219 967 2288 Sexto
1007 2220 1150 2286 loeo
1192 2220 1381 2286 venit
1419 2220 1609 2287 uobis
1647 2219 1845 2287 editio
1887 2220 2202 2306 bilinguis
2245 2221 2404 2285 anni
2453 2224 2617 2284 1554
2664 2222 2853 2285 cuius
2897 2221 3167 2288 unicum
3211 2221 3550 2305 exemplar
3589 2222 3662 2287 in
3707 2221 4101 2289 bibliotheca
4142 2223 4464 2309 imperiali

449 2331 881 2399 vindobonae
925 2338 1185 2398 exstare
1227 2353 1312 2397 ex
1352 2332 1563 2398 literis
1605 2333 1756 2399 Viri
1800 2352 2057 2397 summe
2105 2331 2452 2397 reverendi
2504 2340 2573 2397 et
2614 2331 2974 2397 doctissimi
3018 2331 3092 2398 O.
3136 2333 3218 2398 A.
3264 2333 3608 2412 Wilkens,
3645 2340 3892 2414 ⁴coetus
3935 2335 4465 2420 evangelicorum

449 2443 810 2509 helvetieae
845 2443 1166 2509 formulae
1209 2443 1281 2509 in
1323 2443 1552 2517 eadem
1592 2425 1860 2510 civitate
1902 2443 2204 2525 pastoris,
2249 2443 2658 2508 rescivimus.
2749 2442 2982 2526 Ipsum
3023 2442 3338 2509 volumen
3380 2463 3515 2509 non
3556 2444 3984 2528 inspeximus.

757 2554 889 2619 Hic
940 2555 1214 2620 fortasse
1268 2552 1658 2621 inserendus
1712 2555 1842 2619 erit
1893 2553 2154 2620 libellus
2207 2554 2277 2618 in
2320 2554 2721 2621 bibliotheca
2763 2558 2996 2619 nostra
3039 2561 3450 2634 asservatus,
3507 2553 3758 2622 nitidus
3796 2563 3865 2621 et
3903 2553 4169 2635 habilis,
4215 2559 4463 2624 formae
4551 2584 4552 2587 ¹

448 2667 784 2746 minimae,
840 2666 952 2749 qui
997 2666 1290 2731 continet
1327 2665 1671 2750 liturgiam
1686 2716 1703 2745 ,
1764 2662 2238 2733 catechismum
2281 2672 2351 2730 et
2393 2665 2866 2759 confessionem
2921 2665 3231 2731 ecclesiae
3288 2666 3729 2747 Genevensis,
3788 2667 3975 2733 cuius
4019 2674 4244 2734 tamen
4289 2667 4463 2735 diem

446 2778 735 2844 natalem
791 2777 977 2862 (uam
1021 2776 1335 2863 Genevae
1375 2777 1769 2860 impressum
1811 2798 1955 2843 esse
1997 2776 2160 2843 nulli
2209 2775 2618 2860 dubitamus)
2675 2776 3017 2843 deficiente
3071 2776 3268 2842 titulo
3325 2775 3600 2843 definire
3642 2798 3775 2843 non
3819 2762 4189 2862 possumus.
4280 2778 4463 2861 Qua-

446 2889 782 2956 terniones
824 2896 983 2955 sunt
1020 2887 1331 2955 undecim
1375 2887 1671 2975 (A—L),
1715 2889 1995 2973 paginae
2039 2894 2424 2953 numeratae
2473 2890 2615 2953 173.
2705 2887 3165 2955 catechismus
3221 2888 3454 2972 incipit
3489 2909 3638 2974 pag.
3682 2893 3797 2970 483
3841 2890 4289 2972 precationum
4329 2890 4464 2957 for-

446 3000 662 3066 mulae
703 2998 860 3067 inde
902 3021 944 3064 a
983 3020 1132 3085 pag.
1184 3004 1305 3064 142
1351 3009 1733 3084 sequuntur,
1778 2997 1895 3065 sed
1937 3020 2022 3065 ex
2063 3004 2253 3082 parte
2296 2999 2462 3064 aliae
2504 3019 2703 3082 quam
2746 3019 2907 3083 quas
2951 2999 3327 3064 habuerunt
3367 2999 3833 3084 praecedentes
3876 3000 4216 3080 editiones,
4261 3001 4465 3067 etiam

447 3109 806 3178 nonnullae
846 3110 1050 3196 ligato
1094 3132 1396 3177 sermone
1439 3118 1807 3196 conceptae.
1895 3109 2106 3177 Adest
2147 3130 2403 3195 quoque
2454 3130 2515 3193 p.
2569 3113 2691 3175 150
2735 3109 3068 3194 appendix
3109 3131 3312 3194 supra
3351 3118 3758 3177 memoratus
3802 3111 4263 3194 quaestionum
4308 3118 4466 3177 ante

446 3242 712 3289 coenam
754 3221 1241 3303 catechumenis
1290 3221 1885 3307 proponendarum.
1973 3222 2083 3287 Ex
2134 3221 2535 3287 confessione
2580 3242 2744 3304 quae
2789 3221 3018 3287 addita
3059 3227 3162 3287 est
3212 3221 3457 3289 librum
3513 3228 3663 3306 post
3703 3240 3953 3287 aunum
4001 3225 4165 3287 1558
4210 3220 4464 3288 editum

445 3334 643 3401 fuisse
685 3332 1070 3418 colligimus,
1113 3340 1183 3400 et
1224 3333 1348 3400 hoc
1390 3353 1665 3399 numero
1708 3333 1782 3398 in
1824 3332 2350 3426 annotationibus
2393 3332 2654 3410 criticis,
2700 3353 2782 3398 ne
2824 3332 3155 3418 longiores
3199 3333 3424 3412 simus,
3467 3334 3688 3416 ipsum
3723 3330 4226 3417 designabimus.
4292 3333 4462 3403 For-

448 3445 640 3512 tassis
685 3446 886 3510 etiam
930 3443 1165 3511 titulus
1188 3444 1511 3529 ,specialis
1554 3465 1893 3529 uunquam
1937 3443 2169 3524 adfuit,
2215 3445 2272 3509 si
2313 3443 2629 3528 psalterio
2670 3442 3043 3510 adhaesisse
3086 3443 3244 3509 olim
3285 3442 3583 3509 libellum
3627 3443 4062 3509 coniiciamus.

748 3554 964 3622 Iidem
1003 3554 1215 3622 libelli
1256 3576 1486 3621 omues
1528 3555 1857 3621 habentur
1899 3554 1981 3621 ad
2028 3556 2272 3623 calcem
2316 3553 2619 3620 editionis
2662 3553 3032 3621 Bibliorum
3076 3553 3461 3640 gallicorum
3506 3575 3681 3621 anno
3723 3559 3885 3618 1559
3934 3554 4250 3620 Gcnevae
4286 3553 4462 3638 apud

445 3666 582 3733 Nic.
627 3666 909 3732 Barbier
961 3674 1030 3733 et
1083 3666 1317 3733 Thom.
1377 3665 1711 3733 Oourteau
1764 3668 2256 3751 impressorum.
2348 3667 2568 3749 Atque
2619 3665 2785 3733 haec
2838 3666 3057 3751 prima
3098 3672 3226 3745 est,
3283 3665 3455 3750 quod
3499 3665 3697 3731 hodie
3741 3666 4055 3745 sciamus,
4100 3665 4465 3750 scripturae

445 3799 665 3845 sacrae
706 3779 784 3844 in
821 3777 1132 3864 gallicum
1175 3798 1545 3844 sermonem
1588 3779 1948 3845 translatae
1989 3779 2188 3844 editio
2230 3779 2303 3844 in
2345 3798 2476 3863 qua
2517 3776 2668 3844 libri
2722 3776 2819 3842 illi
2865 3777 3282 3844 ecclesiastici
3327 3778 3615 3844 textibus
3660 3776 3902 3843 divinis
3948 3776 4457 3861 subiunguntur.

449 3888 579 3971 Qui
621 3911 762 3956 mos
805 3887 1111 3973 deinceps
1153 3889 1469 3968 obtinuit;
1526 3889 1789 3974 singula
1845 3897 2070 3956 tamen
2127 3889 2251 3956 hoc
2290 3889 2433 3956 loco
2468 3909 2812 3956 recensere
2846 3909 3409 3972 supervacaneum
3454 3887 3773 3955 ducimus.
3837 3890 3904 3955 N
3904 3909 4030 3954 ono
4070 3887 4212 3954 loco
4245 3888 4456 3955 venit:

753 3972 1612 4073 OA'JJEOHISMVS
1680 3994 1691 4100 Ι
1756 4009 2066 4067 Lumo·
2078 4009 2452 4066 eanmcvs.
2502 3999 2512 4085 Ι
2571 4000 2696 4065 LE
2766 3989 3369 4066 ΟΑΤΕΟΗΙΒΜΕ
3436 3997 3445 4084 Ι
3504 3998 4243 4082 LATm-FRANco1s·1
4301 3995 4378 4067 ί
4383 3994 4459 4084 ιβ
4573 3936 4596 4035 ι·

449 4126 486 4181 ι
528 4109 689 4196 titt,
740 4110 751 4196 Ι
796 4112 898 4177 Le
939 4112 1321 4177 formulaire
1364 4111 1426 4177 d'
1430 4095 1746 4178 instruire
1797 4112 1896 4179 les
1950 4112 2181 4179 enfans
2237 4132 2320 4177 en
2370 4112 2379 4194 Ι
2426 4111 2496 4177 la
2538 4110 2976 4177 Chrestiente.
3029 4108 3039 4195 Ι
3090 4116 3309 4185 ,auquel
3344 4116 3413 4188 ιβ
3448 4117 3707 4187 attenuet
3736 4119 3791 4172 ια
3821 4116 4049 4172 muniere
4075 4113 4458 4181 warminiam

454 4231 534 4285 lu
574 4230 584 4297 Ι
622 4230 940 4287 zemma
975 4230 1027 4285 ιι
1062 4233 1123 4284 br
1159 4232 1384 4286 telthttt
1421 4232 1470 4286 le
1506 4229 1797 4300 ΜΨ.
1853 4235 1863 4296 Ι
1911 4245 2035 4288 cute
2070 4233 2153 4286 les
2187 4229 2393 4300 pristes
2429 4228 2796 4299 ἕεειεοιαβιιῐ
2814 4242 2979 4299 ques,
3014 4230 3078 4283 rt
3104 4230 3290 4284 autres
3326 4228 3588 4285 maisons
3629 4231 3640 4296 1
3682 4226 4065 4297 abaciacus.
4117 4229 4128 4293 Ι
4171 4219 4274 4284 Le
4316 4225 4468 4284 tout-

444 4334 1039 4419 Latin-Franqois.
1094 4332 1106 4421 Ι
1158 4342 1473 4409 (Emeum
1496 4344 1868 4414 typographi.)
1907 4343 1917 4412 ι
1958 4357 2058 4411 φα
2093 4341 2317 4398 uirum
2343 4339 2567 4398 sumet
2603 4342 2656 4395 ct
2691 4340 2932 4410 tenum
2968 4340 3267 4408 conam,
3309 4341 3320 4409 ι
3360 4340 3434 4393 ιιι
3454 4339 3685 4394 D.Lx1.

748 4445 1100 4512 Emblema
1144 4445 1608 4528 descripsimus
1651 4446 1834 4512 Tem.
1870 4445 1999 4512 ΙΙΙ.
2042 4466 2189 4531 pag.
2227 4444 2490 4522 XLIII.
2581 4445 2827 4511 Forma
2867 4445 3026 4512 libri
3066 4443 3403 4511 octonaria
3439 4442 3675 4507 minor.
3752 4439 4288 4506 Praemittuntur
4332 4437 4458 4503 duo

445 4558 599 4623 folia
638 4578 773 4623 non
815 4564 1166 4623 numerata
1208 4558 1309 4642 (a)
1365 4555 1628 4623 titulum
1687 4564 1756 4623 et
1807 4557 2278 4642 praefationem
2336 4557 2733 4624 exhibentia.
2824 4555 3281 4623 Gatechismus
3325 4573 3476 4620 cum
3519 4552 3722 4618 variis
3779 4551 3918 4617 suis
3975 4548 4470 4635 appendicibus,

447 4669 676 4752 quibus
720 4668 830 4736 hic
874 4667 1125 4735 accedit
1166 4669 1468 4734 Forma
1512 4689 1679 4751 quae
1723 4669 1967 4735 dicitur
2010 4689 2428 4735 sacrorum
2470 4666 3328 4735 administrandorum
3373 4686 3424 4729 s.
3470 4662 3783 4747 Liturgia
3825 4661 4243 4746 genevensis,
4290 4680 4468 4725 com-

446 4781 879 4864 prehenditur
940 4782 1478 4867 quaternionibus
1532 4779 2026 4864 quatuordccim
2084 4786 2152 4845 et
2205 4779 2473 4845 dimidio
2520 4778 2800 4864 (b—q),
2846 4779 3237 4867 paginarum
3277 4775 3567 4854 numeri,
3612 4772 3784 4857 quod
3827 4792 3986 4839 sane
4028 4769 4317 4847 mireris,
4362 4768 4467 4833 iu-

448 4892 697 4976 cipiunt
739 4915 780 4959 a
829 4897 905 4957 17
951 4900 1020 4960 et
1060 4893 1156 4960 sic
1199 4891 1442 4959 dantur
1486 4896 1629 4957 250.
1718 4893 1972 4957 Textus
2023 4891 2197 4957 binis
2239 4891 2563 4958 columnis
2618 4909 3001 4989 expressus,
3057 4887 3333 4972 gallicus
3393 4885 3855 4964 exterioribus,
3908 4880 4332 4948 interioribus
4374 4879 4470 4945 la·
4537 4948 4540 4955 ,

450 5003 642 5070 tinus.
731 5004 864 5071 Hic
908 5005 1086 5091 typis
1127 5004 1540 5089 elegantibus
1585 5004 1728 5070 eius
1770 5002 2017 5068 formae
2060 5021 2257 5087 quam
2301 5002 2699 5086 typographi
2745 5001 3157 5083 antiquam
3204 5006 3461 5077 vocant,
3506 4996 3620 5063 ille
3653 4994 3934 5061 cursivis
3969 4992 4234 5078 generis
4268 4990 4466 5073 plane
4523 5060 4532 5069 ,

449 5114 798 5200 singularis
841 5114 1034 5183 hodie
1070 5137 1208 5181 non
1251 5115 1535 5199 amplius
1579 5116 1822 5195 usitati,
1868 5111 2301 5200 typographis
2355 5110 2758 5178 nostratibus
2799 5110 2957 5177 olim
3000 5108 3092 5176 de
3131 5110 3470 5177 civilite
3513 5106 3689 5185 dieti,
3733 5105 3904 5190 quod
3945 5101 4240 5169 medium
4280 5107 4466 5166 tenet

450 5224 621 5293 inter
659 5228 905 5293 formas
947 5228 1357 5312 germanicas
1402 5228 1545 5294 sive
1588 5226 1904 5313 gothicas,
1950 5233 2020 5291 et
2054 5224 2462 5290 characteres
2497 5223 2731 5307 quibus
2772 5224 2848 5288 ιιι
2889 5220 3229 5290 scribendo
3270 5220 3431 5286 olim
3466 5218 3649 5285 Galli
3693 5215 4062 5368 ιιιοῐιαιιιιὲἷ
4134 5210 4468 5277 Editionis
