4967 5992
393 365 520 427 253

390 571 509 617 8110
552 552 766 636 gratia
798 552 1095 635 inspirat.
1185 551 1401 619 Hanc*
1422 554 1601 618 enim
1643 555 2078 621 necessariam
2122 575 2349 623 conse-

389 637 725 720 quentiam
780 638 963 703 facit:
1019 638 1335 722 quidquid
1389 639 1470 703 fit
1527 646 1681 705 ante
1736 641 2018 723 gratiam
2077 663 2117 706 a
2159 663 2347 710 servo

390 721 691 803 arbitrio,
731 725 1113 789 necessario
1157 724 1406 789 malum
1444 732 1571 803 est,
1618 735 1686 791 et
1729 748 1769 791 a
1812 727 1940 792 fide
1977 728 2189 811 magis
2232 728 2347 793 ab·

389 807 600 888 ducit,
661 829 862 892 quam
916 808 1001 873 ad
1055 830 1202 875 eam
1266 810 1580 889 adducat,
1648 811 1938 895 fidesque
2007 812 2153 895 ipsa
2211 819 2348 878 teta

388 914 428 959 a
471 895 618 959 Deo
675 894 934 977 pendet.
1033 896 1216 979 Ergo
1271 895 1563 961 docendo
1619 904 1687 962 et
1741 896 2152 963 exhortando
2204 900 2344 964 fru-

388 988 527 1045 stra
590 982 663 1043 in
722 986 998 1045 ventum
1066 981 1408 1065 proiicitur
1466 982 1681 1048 omnis
1738 982 1938 1048 labor.
2039 983 2345 1066 Respon-

387 1064 539 1144 de0,
599 1086 719 1131 nos
781 1086 918 1130 non
981 1069 1195 1151 magis
1251 1088 1515 1150 operam
1582 1067 1838 1148 ludere,
1913 1090 2113 1152 quam
2170 1071 2343 1153 agri-

384 1151 590 1229 colas,
649 1151 807 1216 dum
860 1159 1105 1217 terram
1175 1160 1370 1218 arant
1427 1175 1503 1219 ac
1555 1155 1901 1219 seminant.
2004 1153 2342 1238 Scriptum

384 1243 485 1302 081
550 1238 752 1301 0011οε
834 1235 1234 1316 80011001118,
1306 1247 1375 1303 01
1435 1254 1570 1303 000
1627 1239 1892 1323 colliges
1950 1240 2177 1322 (Dent.
2239 1246 2340 1320 28,

386 1327 494 1401 383
554 1322 754 1388 Mich.
816 1328 873 1400 6,
938 1323 1063 1407 15).
1169 1322 1319 1405 Quo
1383 1324 1823 1408 significatur,
1894 1326 2143 1391 frustra
2199 1347 2342 1392 esse

381 1429 645 1474 omnem
701 1409 1023 1486 laborem,
1088 1410 1232 1475 sine
1287 1409 1738 1476 benedictione
1786 1411 1932 1476 Dei.
2035 1411 2165 1477 Ubi
2225 1434 2341 1477 au-

381 1501 519 1558 tem
572 1492 759 1558 labor
826 1513 1202 1560 successum
1257 1494 1482 1574 1101101,
1549 1504 1626 1560 01
1677 1494 1834 1561 inde
1901 1498 2152 1563 fructus
2209 1499 2341 1564 cel-

377 1579 652 1664 ligatur,
724 1580 852 1646 scri
898 1589 1040 1644 tum
1099 1589 1226 1646 est:
1305 1582 1452 1664 Ego
1519 1582 1870 1647 exaudiam
1928 1583 2214 1663 coelum,
2274 1592 2343 1648 et

377 1665 632 1732 coelum
677 1686 844 1730 exau
896 1667 984 1730 'et
1025 1672 1301 1744 terram,
1344 1675 1411 1731 et
1468 1673 1649 1732 terra
1690 1666 2002 1733 exaudiet
2053 1669 2339 1734 frumen-

377 1759 520 1816 tum
546 1749 692 1834 (Os.
723 1756 780 1828 2,
807 1755 938 1834 21).
1005 1751 1152 1816 Iam
1198 1752 1386 1818 audis
1431 1753 1677 1835 absque
1712 1753 1842 1818 Dei
1881 1752 2358 1821 benedictione·

375 1837 757 1903 nihili-esse
801 1858 1062 1901 omnem
1105 1838 1415 1903 laborem.
1491 1837 1622 1904 Ubi
1666 1846 1886 1905 autem
1919 1841 2173 1905 fructus
2218 1841 2337 1905 ali-

372 1924 524 2006 quis
559 1924 873 2005 sequitur,
907 1921 1065 1987 inde
1100 1924 1468 2006 provenire,
1503 1923 1678 2007 quod
1714 1924 2043 1991 Dominus
2081 1926 2337 1991 coelum

373 2008 762 2085 exaudierit,
809 2016 884 2073 ut
926 2015 1173 2074 terram
1215 2009 1602 2075 foecundam
1645 2010 1970 2075 redderet.
2040 2012 2334 2094 Expres-

373 2095 512 2159 81118
559 2093 776 2159 adhue
818 2093 1110 2177 1001111111
1150 2095 1341 2160 130118
1384 2094 1568 2175 011111,
1622 2117 1826 2179 quum
1870 2096 2059 2177 dicit,
2107 2116 2177 2162 80
2218 2117 2333 2180 00-

370 2180 610 2262 001001
662 2201 858 2244 80001
913 2182 1283 2246 exercuisse
1346 2181 1418 2244 in
1474 2179 1765 2259 deserte,
1821 2202 1908 2246 ne
1962 2203 2165 2265 quum
2221 2204 2334 2249 ve·

371 2265 583 2330 nisset
630 2266 700 2329 in
754 2275 1001 2330 terram
1056 2266 1184 2331 sibi
1242 2267 1665 2350 promissam,
1725 2266 1970 2333 diceret
2023 2269 2096 2332 in
2141 2266 2333 2334 eorde

369 2371 519 2416 suo:
563 2351 913 2416 Fortitudo
955 2371 1105 2417 mea
1148 2359 1217 2416 et
1258 2352 1459 2417 robur
1499 2373 1738 2418 manus
1771 2374 1958 2418 meae
1993 2354 2156 2420 haee
2192 2375 2333 2418 om-

368 2438 485 2501 nia
561 2435 726 2500 mihi
799 2438 1275 2519 praestiterunt
1330 2438 1559 2521 (Deut.
1608 2443 1668 2518 8,
1721 2437 1846 2520 17).
1935 2438 2143 2505 Vides
2200 2440 2334 2506 11110

371 2523 596 2588 130010
637 2524 860 2587 omnia
899 2525 1244 2606 perficere,
1304 2531 1372 2589 et
1413 2526 1813 2603 necessarie,
1870 2523 1994 2591 hoc
2038 2532 2165 2603 081,
2212 2547 2330 2609 010

366 2628 491 2673 800
545 2607 977 2690 providentia.
1070 2607 1249 2690 Quid
1295 2617 1425 2686 est,
1471 2608 1644 2691 quod
1684 2632 1957 2675 manum
2003 2612 2326 2694 agricolae

366 2700 547 2758 terra
579 2699 952 2776 exspectat,
993 2696 1178 2762 0111118
1217 2703 1358 2760 1010
1397 2696 1701 2761 fertilitas
1747 2717 1884 2760 non
1916 2696 2044 2761 nisi
2078 2718 2164 2762 ex
2198 2698 2330 2763 Dei

364 2778 817 2844 benedictione
857 2779 999 2845 est?
1090 2781 1346 2863 Nempe
1390 2783 1544 2863 quia
1586 2784 1679 2846 sie
1733 2781 1921 2846 Deus
1976 2782 2322 2849 ordinavit.

363 2870 515 2944 [pag.
554 2870 662 2944 29]
706 2865 1051 2931 Proferam
1107 2866 1391 2931 alterum
1439 2888 1696 2950 quoque
1741 2868 1983 2944 simile,
2041 2869 2157 2933 sed
2211 2868 2325 2933 ad·-

363 2949 496 3016 huc
551 2950 815 3017 clarius.
906 2952 1215 3016 Testatur
1257 2951 1619 3030 Dominus,
1681 2974 1781 3031 se,
1840 2975 2044 3035 quum
2085 2974 2244 3019 man
2289 2977 2325 3019 e

364 3035 544 3103 coelo
571 3035 846 3120 plueret,
885 3044 1278 3120 perpetuum
1321 3037 1784 3103 documentum
1808 3037 2105 3118 edidisse,
2153 3041 2326 3122 quod

361 3143 500 3188 non
556 3122 630 3185 in
675 3122 811 3188 solo
852 3142 1021 3206 pane
1059 3124 1246 3188 vivat
1287 3123 1516 3203 home,
1578 3122 1693 3189 sed
1736 3126 1803 3187 in
1852 3125 2099 3190 virtute
2143 3127 2325 3192 verbi

361 3207 470 3273 8111
514 3206 745 3291 (Deut.
781 3211 842 3287 8,
891 3208 978 3291 3).
1070 3207 1147 3274 81
1188 3230 1325 3274 000
1366 3229 1554 3293 0000,
1600 3209 1714 3274 8οᾱ
1756 3210 1961 3275 verbo
2000 3210 2129 3275 Dei
2173 3233 2324 3294 008-

359 3294 575 3359 cimur
617 3313 692 3359 ac
728 3293 1149 3368 sustinemur,
1196 3293 1351 3377 quid
1389 3294 1606 3360 adhuc
1649 3294 2028 3360 laboramus
2065 3295 2145 3362 de
2181 3296 2322 3363 cibo

361 3387 432 3443 et
472 3378 679 3462 potu?
767 3379 1080 3462 Excipiet
1122 3380 1436 3465 Pighius,
1493 3402 1625 3445 non
1666 3380 1802 3445 solo
1845 3379 2112 3464 quidem
2154 3403 2324 3465 pane

356 3484 484 3530 nos
524 3465 784 3543 vivere,
843 3465 959 3530 sed
1002 3473 1226 3530 tamen
1283 3466 1499 3549 aliquo
1552 3466 1765 3531 modo.
1856 3467 1951 3531 At
2007 3467 2133 3533 hoc
2177 3477 2321 3533 tan-

355 3557 506 3614 tum
544 3548 844 3616 obtinere
886 3550 1062 3616 velo:
1106 3573 1320 3634 neque
1362 3571 1602 3634 panem
1645 3551 1890 3634 aliquid
1933 3573 2058 3635 per
2090 3574 2161 3619 80
2205 3575 2323 3620 va-

357 3636 500 3702 lere
517 3688 532 3714 ,
593 3644 661 3701 et
705 3635 914 3702 solam
956 3636 1088 3701 Dei
1133 3637 1652 3703 benedictionem
1709 3638 2008 3704 sufficere
2064 3639 2149 3704 ad
2202 3660 2322 3704 nos

357 3720 654 3788 alendos.
739 3721 872 3788 Ubi
915 3723 1092 3787 enim
1134 3744 1269 3787 non
1312 3721 1499 3789 adest
1548 3722 1824 3788 interior
1864 3723 1980 3788 illa
2021 3724 2149 3790 Dei
2185 3726 2323 3790 vir-

357 3815 490 3887 tus,
537 3807 710 3873 nihil
745 3808 925 3873 aliud
961 3807 1252 3875 accidere
1285 3817 1521 3892 potest,
1563 3829 1760 3891 quam
1797 3809 1968 3892 quod
2004 3811 2320 3895 scriptum

353 3901 492 3960 est:
538 3892 894 3971 Comedes,
942 3902 1010 3959 et
1051 3916 1184 3960 non
1228 3896 1645 3961 saturaberis.
1733 3894 1935 3960 Item:
1983 3896 2163 3961 Fran
2215 3918 2321 3961 am

355 3978 671 4045 baculum
723 3981 914 4064 panis
973 3981 1218 4063 (Levit.
1262 3985 1366 4060 26,
1414 3979 1547 4066 26).
1635 3981 1770 4047 Ubi
1834 3990 2057 4046 autem
2199 3989 2316 4063 est,

351 4084 496 4130 non
540 4065 763 4131 minus
806 4067 1158 4132 efficaciter
1210 4067 1351 4132 sine
1407 4087 1610 4150 pane,
1646 4087 1857 4149 quam
1895 4088 2016 4150 per
2058 4089 2318 4151 panem,

351 4171 482 4216 nos
538 4151 720 4217 fovet
760 4171 836 4217 00
890 4158 1240 4225 sustentat.
1328 4152 1459 4219 Ubi
1511 4152 1628 4217 illa
1670 4152 2041 4237 Pighianae
2094 4175 2319 4220 cense-

352 4237 672 4320 quentiae
729 4237 1123 4303 necessitas?
1214 4239 1400 4304 Deus
1450 4238 1828 4318 efficaciter,
1903 4260 2145 4305 arcana
2198 4261 2319 4305 sua

349 4322 626 4400 virtute,
670 4321 1005 4388 hominem
1039 4323 1268 4406 pascit,
1316 4331 1513 4407 atque
1554 4324 1623 4388 id
1658 4325 1815 4389 facit
1845 4345 1968 4407 pro
2005 4347 2127 4391 sua
2169 4347 2316 4409 pre·

351 4407 675 4486 videntia,
716 4415 795 4473 ut
837 4407 992 4473 inde
1026 4409 1313 4493 pendeat
1353 4416 1493 4475 tota
1537 4409 1678 4476 eius
1722 4410 1878 4488 vita,
1921 4431 2055 4475 non
2091 4433 2131 4476 a
2174 4413 2316 4477 cibo

349 4500 477 4560 aut
540 4501 724 4578 potu.
811 4494 995 4579 Ergo
1060 4496 1305 4560 frustra
1364 4495 1620 4560 edimus
1688 4516 1762 4559 ac
1821 4495 2121 4562 bibimus.
2210 4497 2316 4562 Ne

350 4585 588 4645 tamen
632 4579 758 4643 sim
801 4581 1149 4664 prolixior:
1196 4580 1405 4646 tribus
1448 4580 1687 4659 verbis,
1735 4580 1946 4664 qualis
1988 4583 2191 4647 istaec
2230 4584 2317 4647 sit

343 4665 840 4748 consequentia,
887 4666 1249 4732 estendam.
1338 4664 1525 4731 Deus
1567 4666 1744 4731 solus
1788 4667 2122 4733 hominem
2164 4689 2312 4752 pas·

341 4750 465 4817 eit.
553 4750 738 4834 Ergo
789 4772 924 4817 non
979 4753 1116 4835 agit
1157 4773 1277 4835 per
1309 4751 1560 4817 media:
1611 4751 1737 4817 1100
1781 4759 1909 4829 081,
1966 4753 2171 4818 nullis
2210 4754 2311 4817 in-

341 4837 749 4902 strumentis
806 4835 1031 4903 utitur.
1121 4836 1289 4919 Quis
1347 4857 1540 4921 puer,
1611 4838 1668 4902 si
1720 4837 1815 4901 ita
1867 4838 2310 4917 ratiocinetur,

339 4942 494 4988 non
535 4941 578 4985 a
617 4921 936 5006 magistro
979 4945 1068 4990 va
1111 4922 1292 4989 ulet?
1380 4923 1577 4990 Nunc
1622 4931 1953 5006 superest,
2011 4931 2087 4989 ut
2129 4924 2309 4989 simi-

337 5006 672 5074 litudines
725 5007 888 5072 istas
943 5030 1071 5092 app
1103 5010 1345 5076 'cemus
1412 5008 1495 5073 ad
1550 5016 1965 5092 praesentem
2022 5030 2308 5075 0008010.

337 5092 637 5172 Paulus,
695 5113 900 5176 quum
944 5094 1024 5160 de
1069 5096 1511 5179 apostolorum
1563 5095 1774 5161 efficio
1823 5094 2144 5178 loquitur,
2200 5114 2312 5160 ees

337 5177 727 5246 hortulanis
748 5187 1085 5262 comparat
1104 5182 1219 5264 qui
1249 5182 1555 5264 plantant
1576 5181 1683 5248 vel
1705 5181 1945 5266 rigant.
1990 5181 2085 5247 Et
2106 5182 2311 5246 conti-

337 5285 490 5332 nuo
512 5263 775 5331 subiicit
792 5284 902 5331 008
928 5266 1097 5331 011111
1111 5288 1279 5333 esse:
1306 5265 1528 5332 Deum
1547 5268 1656 5351 qui
1677 5266 1793 5332 dat
1806 5267 2308 5346 incrementum,

1878 367 2006 434 DE
2049 367 2405 434 LIBERO
2447 369 2924 437 ARBI'PRIO.

4289 387 4417 449 254

2453 579 2666 623 unum
2704 580 2848 624 esse
2883 581 3004 643 010
3044 561 3363 628 0111011108.
3417 561 3492 629 81
3529 564 3673 646 0018
3700 572 4002 632 0081111111
4030 568 4415 652 simpliciter

2453 645 2549 708 ita
2574 643 2839 722 diceret,
2867 645 3038 711 nihil
3062 668 3204 712 0880
3228 649 3337 729 001
3363 648 3567 727 (10001,
3596 649 3763 714 nihil
3785 671 3926 717 esse
3951 654 4060 734 qui
4085 653 4408 737 hortatur,

2452 730 2689 812 quibus
2732 731 2984 796 facibus
3030 754 3181 798 suas
3225 734 3296 798 in
3342 754 3462 798 nos
3506 735 3709 801 furias
3753 737 4034 820 Pighius
4077 742 4408 807 armaret?

2450 816 2649 881 Nunc
2710 817 2783 880 in
2847 817 3136 882 Paulum
3209 818 3442 885 dentes
3509 842 3662 887 suos
3716 823 4053 907 paulisper
4108 827 4408 911 stringat.

2451 899 2750 982 Quaerat
2793 924 2911 984 per
2948 902 3330 984 ludibrium,
3373 906 3531 989 quid
3576 928 3647 972 se
3681 907 3777 972 ita
3818 909 4159 977 scribendo
4204 920 4272 976 et
4313 914 4413 978 lo-

2450 987 2709 1068 quendo
2754 989 3097 1054 conficiat?
3142 1011 3260 1056 cur
3303 999 3403 1054 tet
3437 992 3668 1057 subeat
3710 993 4009 1061 labores?
4056 1002 4165 1062 tot‘
4200 1020 4269 1063 80
4305 1020 4414 1081 pe-

2448 1072 2675 1138 riculis
2719 1072 3018 1138 obiiciat?
3076 1083 3176 1139 tet
3215 1077 3532 1142 molestiis
3588 1085 3656 1142 et
3699 1080 3874 1145 curis
3919 1103 3989 1146 se
4034 1084 4407 1150 excruciet?

2449 1157 2707 1222 nullum
2766 1159 3126 1224 cursitandi
3183 1163 3388 1226 finem
3431 1163 3671 1228 faciat?
3729 1166 3786 1228 si
3830 1165 3993 1233 haec
4038 1170 4264 1234 omnia
4306 1171 4410 1235 ni-

2447 1243 2543 1307 hil
2591 1251 2762 1308 sunt.
2853 1245 2981 1310 His
3025 1248 3328 1312 omnibus
3372 1248 3724 1330 respondet
3764 1251 4050 1332 Paulus,
4097 1275 4169 1319 se
4212 1255 4408 1337 spiri-

2445 1336 2556 1394 tus
2600 1329 2844 1394 habere
2887 1332 3358 1410 ministerium,
3415 1354 3542 1416 quo
3599 1336 3925 1420 evangelii
3979 1340 4409 1421 praedicatio-

2445 1435 2599 1479 nem
2644 1414 2962 1480 inscribat
3005 1416 3351 1482 hominum
3397 1424 3543 1497 [pag.
3584 1426 3692 1499 30]
3737 1422 4060 1502 cordibus,
4106 1447 4239 1490 non
4285 1446 4406 1510 per

2444 1520 2635 1565 suam
2669 1500 3065 1567 industriam
3100 1513 3167 1567 01
3202 1523 3488 1586 operam,
3525 1505 3636 1570 vel
3670 1509 3953 1589 proprie,
3991 1511 4163 1591 quod
4199 1513 4407 1593 aiunt,

2443 1594 2675 1664 marte,
2724 1585 2839 1651 sed
2882 1589 3126 1669 spiritu
3149 1589 3280 1653 Dei
3316 1591 3453 1656 vivi
3498 1591 3566 1673 (2
3595 1591 3743 1656 Ger.
3771 1598 3832 1672 3,
3863 1597 3920 1657 3.
3951 1594 4040 1677 6).
4107 1596 4251 1660 Iam
4288 1619 4404 1663 au·

2445 1670 2574 1748 dis,
2632 1671 2808 1737 unde
2853 1672 2940 1737 sit
2981 1675 3272 1741 efficacia
3311 1676 3698 1741 ministerii:
3756 1699 3993 1761 nempe
4037 1701 4119 1745 ex
4164 1702 4404 1750 areana

2441 1756 2713 1838 spiritus
2755 1759 2964 1822 sancti
3007 1760 3278 1839 actione,
3327 1782 3461 1826 non
3497 1761 3782 1827 hominis
3826 1764 4063 1844 labore,
4110 1775 4228 1831 aut
4263 1776 4402 1834 stu-

2443 1841 2569 1906 di0.
2659 1842 2873 1908 Audis
2916 1852 3290 1927 praeterea,
3347 1868 3481 1911 non
3527 1849 3723 1914 inane
3771 1870 3913 1916 esse
3951 1851 4101 1916 ideo
4152 1853 4403 1919 instru-

2439 1935 2757 2006 mentum,
2801 1950 2928 2012 0110
2972 1929 3055 1995 0(1
3099 1931 3508 2013 implendum
3553 1954 3718 2017 opus
3755 1955 3947 2000 suum
3993 1959 4230 2003 1110008
4273 1940 4404 2004 1301

2439 2014 2667 2078 utitur.
2729 2014 2925 2080 Hanc
2966 2016 3172 2099 igitur
3215 2037 3404 2081 suam
3451 2017 3896 2085 defensionem
3936 2030 4201 2089 sanctus
4247 2045 4403 2108 apo·

2439 2098 2648 2164 stolus
2690 2099 2880 2165 nobis
2925 2121 3178 2183 quoque
3215 2102 3658 2168 accommodet
3699 2105 3773 2169 in
3817 2110 4147 2172 communi
4184 2130 4398 2177 001180.

2440 2182 2720 2265 Quaerit
2773 2186 3087 2270 Pighius,
3157 2208 3472 2270 quorsum
3536 2197 3760 2255 noster
3804 2191 3874 2255 in
3929 2193 4273 2259 scribendo
4333 2203 4398 2261 et

2437 2270 2884 2336 concionando
2940 2271 3153 2351 labor,
3211 2274 3267 2338 81
3319 2273 3544 2354 1101110,
3614 2281 3766 2340 ante
3821 2277 4048 2356 fidem,
4108 2277 4398 2347 Satanae

2435 2355 2722 2422 vinculis
2765 2358 3064 2439 captivus
3101 2364 3384 2438 tenetur,
3432 2367 3508 2424 ut
3550 2381 3784 2425 sanam
3820 2361 4184 2428 doctrinam
4227 2368 4395 2431 reci-

2434 2461 2591 2523 pere
2635 2449 2828 2524 atque
2873 2443 3182 2525 amplecti
3225 2465 3342 2526 per
3384 2466 3454 2509 se
3498 2452 3783 2528 nequeat
3794 2469 3810 2526 ;
3853 2446 3965 2511 ubi
4009 2453 4231 2513 autem
4266 2451 4397 2516 Dei

2435 2527 2673 2610 spiritu
2716 2527 3144 2608 illuminatur,
3191 2530 3542 2596 efficaciter
3586 2539 3652 2596 et
3694 2535 4060 2598 necessario
4101 2555 4248 2599 eam
4291 2557 4396 2601 re-

2435 2612 2634 2695 cipit?
2682 2614 3107 2697 Respondeat
3139 2615 3247 2681 hic
3264 2616 3546 2682 Paulus:
3587 2617 3743 2701 0010
3769 2619 4186 2703 evangelium
4208 2619 4394 2688 Deus

2431 2698 2505 2762 in
2538 2698 2717 2765 hunc
2761 2702 2960 2765 finem
3001 2700 3389 2780 destinavit,
3436 2709 3513 2768 ut
3543 2723 3663 2786 per
3693 2703 3910 2785 ipsum
3943 2706 4252 2788 spiritum
4289 2709 4393 2773 8111

2431 2785 2749 2850 virtutem
2793 2795 3127 2851 exsereret
3162 2788 3382 2872 (Rom.
3428 2793 3618 2868 l‚1(5;
3663 2794 3691 2851 1
3722 2788 3872 2854 Cor.
3919 2796 3970 2866 l,
4018 2793 4142 2874 18).
4214 2789 4394 2872 Quid

2432 2870 2716 2952 amplius
2774 2872 2915 2936 vis?
3007 2871 3204 2938 Solus
3259 2887 3357 2938 est
3416 2872 3601 2938 Deus
3655 2874 3769 2956 qui
3829 2876 3993 2958 agit:
4069 2875 4184 2941 sed
4242 2879 4395 2961 quia

2430 2956 2704 3037 spiritus
2740 2958 2841 3021 sui
2880 2960 3195 3023 virtutem
3231 2959 3704 3041 quodammodo
3727 2959 3797 3024 in
3835 2962 4165 3046 evangelii
4200 2984 4392 3046 prae·

2429 3040 2756 3107 dicatione
2797 3043 3119 3108 inclusam
3157 3065 3298 3109 esse
3342 3044 3570 3123 voluit,
3607 3066 3739 3109 nen
3774 3067 3955 3111 vana
3996 3069 4208 3130 neque
4242 3048 4393 3113 inu-

2429 3127 2563 3193 tilis
2607 3135 2710 3193 est
2754 3135 2979 3193 nostra
3017 3150 3231 3211 opera,
3279 3151 3445 3212 quae
3490 3131 3630 3195 eius
3670 3131 4122 3212 providentiae
4166 3135 4389 3201 servit.

2427 3213 2582 3277 Non
2637 3221 2737 3278 est
2791 3213 2995 3296 igitur
3052 3235 3171 3279 cur
3226 3216 3602 3281 festivitatis
3657 3214 3919 3281 laudem
3973 3240 4056 3281 ex
4101 3219 4391 3283 scurrili-

2426 3304 2567 3363 tate
2612 3298 2719 3364 hic
2759 3307 2978 3381 captet
2996 3351 3010 3377 ,
3058 3299 3215 3365 dum
3262 3301 3450 3366 nobis
3495 3321 3882 3384 responsum
3928 3303 4201 3386 affingit,
4249 3304 4388 3368 sive

2427 3384 2614 3461 bene,
2658 3385 2799 3449 sive
2834 3384 3025 3463 male,
3071 3404 3195 3450 nos
3241 3407 3434 3469 agere
3471 3385 3595 3451 hoc
3631 3387 4018 3466 necessarie,
4063 3408 4197 3452 non
4234 3407 4387 3452 con-

2428 3469 2593 3547 silio,
2642 3478 2756 3534 aut
2798 3471 3071 3534 ratione.
3160 3471 3225 3535 N
3226 3491 3298 3536 os
3338 3468 3617 3553 quidem,
3657 3471 3715 3535 81
3758 3472 3983 3549 1108011,
4031 3493 4243 3554 1100110
4283 3493 4386 3538 80-

2427 3555 2675 3637 pientia
2718 3562 2960 3632 nostra,
3001 3576 3215 3638 neque
3251 3557 3517 3621 fortuito
3561 3557 3829 3621 excitati
3865 3577 4093 3622 sumus
4136 3557 4220 3623 ad
4263 3558 4387 3623 hoc

2426 3640 2893 3718 ministerium,
2950 3641 3066 3705 sed
3109 3648 3286 3707 certo
3341 3651 3408 3706 et
3451 3642 3670 3707 stabili
3714 3642 3845 3707 Dei
3883 3643 4183 3721 consilio,
4244 3645 4386 3710 effi-

2425 3725 2695 3808 cacique
2749 3727 3018 3810 spiritus
3071 3728 3279 3793 sancti
3333 3734 3536 3792 motu.
3625 3727 3853 3811 Neque
3898 3729 4076 3795 enim
4122 3750 4386 3813 separa-

2426 3818 2566 3876 tam
2604 3811 2923 3878 habemus
2975 3814 3298 3879 rationem
3356 3835 3395 3879 a
3449 3812 3663 3879 Paulo
3682 3865 3696 3890 ‚
3754 3814 3864 3896 qui
3923 3826 3992 3878 et
4031 3813 4162 3880 Dei
4217 3815 4385 3882 elec-

2425 3898 2603 3963 tione
2648 3920 2716 3963 se
2760 3898 2960 3964 fuisse
3005 3900 3086 3965 ab
3130 3905 3317 3964 utero
3363 3898 3764 3965 destinatum
3810 3898 3895 3964 ad
3915 3914 4184 3965 ’munus
4229 3922 4383 3983 apo-

2424 3983 2578 4048 stoli
2621 3983 2978 4066 praedicat,
3026 4004 3147 4049 nec
3190 4006 3261 4050 se
3306 3991 3459 4050 ante
3501 3986 3806 4068 coepisse,
3854 4006 4051 4068 quam
4097 3984 4236 4050 dies
4271 4007 4384 4051 ve·

2423 4070 2632 4135 nisset
2674 4089 2714 4134 a
2746 4070 2891 4135 Dee
2935 4069 3292 4136 constituta
3337 4070 3517 4154 (Gal.
3563 4075 3616 4148 l,
3665 4077 3737 4133 15
3774 4121 3788 4135 .
3879 4067 4015 4135 Sed
4059 4070 4213 4153 quid
4260 4071 4384 4137 hoc

2424 4153 2510 4219 ad
2561 4155 2895 4220 insulsum
2948 4156 3177 4239 Pighii
3234 4156 3624 4223 dicterium?
3771 4155 3933 4221 imul
3987 4156 4163 4221 enim
4218 4156 4382 4221 certi

2422 4261 2650 4305 sumus
2672 4292 2688 4318 ,
2746 4241 3106 4306 secundum
3163 4242 3334 4308 hanc
3376 4243 3506 4318 Dei
3549 4241 3927 4307 electionem
3947 4292 3962 4318 ‚
4018 4262 4138 4305 nos
4184 4241 4381 4306 mini-

2423 4327 2699 4391 sterium
2734 4347 3059 4406 exercere,
3098 4337 3166 4392 et
3197 4329 3258 4392 ei
3292 4335 3662 4414 acceptum,
3700 4333 3769 4391 et
3798 4328 3868 4390 in
3904 4326 4181 4391 salutem
4219 4326 4380 4392 fide·

2420 4411 2584 4475 lium
2630 4413 2882 4491 efficax,
2924 4420 2993 4478 et
3035 4413 3347 4479 ecclesiae
3384 4412 3687 4477 salutare.
3761 4413 4003 4494 Atque,
4046 4419 4122 4475 ut
4162 4410 4379 4478 verbis

2421 4497 2623 4562 etiam
2666 4499 3032 4582 Augustini
3060 4499 3111 4582 ¹)
3154 4499 3417 4582 loquar,
3462 4497 3895 4563 exhortamur
3934 4505 4001 4561 et
4043 4497 4377 4580 praedica-

2419 4603 2588 4662 10118,
2635 4591 2710 4648 ut
2753 4585 2865 4667 qui
2910 4604 3106 4649 aures
3150 4584 3398 4649 habent
3442 4581 3779 4660 audiendi,
3827 4581 4134 4660 audiant3
4180 4589 4377 4666 atque

2417 4667 2563 4733 ideo
2605 4668 2916 4746 facimus,
2962 4668 3116 4752 quia
3157 4670 3398 4735 scimus
3437 4668 3663 4752 paucis
3708 4689 3851 4734 esse
3894 4667 4243 4748 donatum,
4299 4676 4379 4733 ut

2419 4754 2563 4818 sine
2608 4753 2897 4818 hominis
2941 4755 3306 4819 ministerio
3340 4754 3755 4838 intelligant:
3812 4759 3960 4833 [pag.
3999 4758 4104 4834 31]
4150 4754 4377 4819 multis

2417 4859 2575 4905 vero
2610 4836 2682 4903 id
2720 4859 2863 4905 esse
2898 4838 3233 4918 donatum,
3281 4847 3359 4904 ut
3390 4841 3536 4905 Deo
3579 4860 3698 4922 per
3740 4839 4041 4906 homines
4085 4838 4373 4906 credant.

2418 4921 2730 5004 Quolibet
2774 4933 3000 4989 tamen
3039 4925 3235 4991 modo
3291 4925 3769 4993 annunciemus
3824 4924 4201 4991 hominibus
4242 4924 4374 4989 Dei

2414 5009 2710 5159 verbussl,
2755 5009 2986 5092 procul
3029 5008 3245 5091 dubio,
3291 5012 3405 5095 qui
3450 5011 3544 5078 sie
3589 5010 3773 5076 audit
3815 5021 3891 5077 ut
3935 5009 4213 5089 obediat,
4259 5009 4373 5075 do-

2412 5116 2576 5159 num
2690 5096 2750 5160 ei
2794 5108 2912 5162 081.

2556 5283 2617 5350 1)
2654 5282 2738 5340 130
2776 5285 2919 5339 bono
2955 5288 3409 5354 perseverantiae.
