4967 5992
600 336 730 399 323

600 518 884 586 audiunt
946 525 1141 600 atque
1201 514 1479 581 diseunt.
1581 514 1721 597 Qui
1772 519 1996 580 autem
2059 533 2197 578 non
2255 510 2555 591 credunt,

598 606 760 671 foris
816 601 1124 680 audiunt,
1187 600 1371 667 intus
1427 622 1560 666 non
1614 599 1920 678 andiunt,
1989 620 2041 663 n
2120 619 2205 663 ue
2258 596 2558 664 discunt:

599 690 727 755 hoc
768 696 888 768 ost,
921 687 1055 753 illis
1091 686 1289 752 datur
1319 695 1397 751 ιιι
1431 686 1722 765 credant,
1766 685 1874 751 his
1911 705 2047 749 non
2127 689 2298 748 atur.
2364 681 2561 764 Quod

598 795 642 841 a
725 774 895 839 rtius
939 774 1139 838 etiam
1183 779 1411 855 postea
1451 771 1771 838 declarat:
1814 770 2028 836 Nemo
2069 775 2290 853 potest
2331 769 2560 834 venire

729 880 866 938 me,
912 858 1044 923 nisi
1085 864 1275 941 pater
1321 879 1509 924 mens
1565 857 1847 922 traxerit
1885 876 2055 921 eum.
2145 855 2352 919 Item:
2411 853 2563 918 Nisi

601 947 713 1011 cui
754 944 983 1010 datum
1026 944 1228 1009 fuerit
1269 963 1310 1007 a
1345 951 1532 1026 patre
1574 962 1740 1008 meo.
1806 942 1992 1026 Ergo
2032 941 2209 1006 trahi
2243 939 2327 1005 ad
2363 939 2562 1005 Ohri-

601 1041 813 1109 stum,
867 1038 934 1095 et
976 1029 1204 1094 audire
1246 1050 1324 1094 ac
1371 1027 1622 1095 discere
1667 1050 1707 1093 a
1747 1037 1966 1110 patre,
2021 1026 2193 1091 nihil
2237 1024 2418 1091 aliud
2461 1033 2565 1090 est

648 1138 809 1182 uam
860 1115 1104 1180 donum
1156 1115 1449 1197 accipere
1503 1112 1830 1180 credendi.
1933 1112 2163 1195 Neque
2222 1112 2399 1175 enim
2443 1131 2560 1175 au-

603 1137 861 1268 dientes
927 1222 967 1266 a
1031 1221 1166 1264 non
1219 1199 1671 1277 audientibus,
1740 1197 1854 1264 sed
1921 1196 2267 1264 credentes
2332 1218 2374 1261 a
2427 1217 2564 1260 non

603 1286 1024 1353 credentibus
1068 1285 1399 1364 discernit,
1437 1285 1552 1369 qui
1586 1283 1775 1351 dicit:
1818 1283 2035 1348 Nemo
2077 1282 2264 1348 venit
2305 1281 2389 1347 ad
2431 1302 2559 1360 me,

604 1373 742 1438 nisi
782 1372 1016 1437 datum
1073 1372 1133 1436 ei
1189 1371 1411 1436 fuerit.
1498 1369 1703 1436 Fides
1745 1369 1979 1453 igitur,
2031 1375 2103 1433 et
2142 1368 2453 1433 inchoata
2497 1375 2565 1431 et

604 1458 921 1541 perfecta,
990 1465 1093 1522 est
1157 1456 1404 1521 donum
1472 1455 1621 1521 Dei.
1722 1455 1928 1521 Item:
1997 1453 2314 1519 Promisit
2377 1453 2565 1517 Deus

605 1543 781 1627 quod
822 1544 1118 1608 facturus
1174 1554 1318 1606 erat
1358 1542 1501 1624 ipse
1517 1592 1533 1618 ,
1590 1561 1725 1606 non
1784 1538 1958 1623 quod
1997 1539 2316 1604 homines.
2385 1536 2564 1618 Quia

603 1629 732 1695 etsi
779 1629 1037 1694 faciunt
1089 1627 1394 1692 homines
1448 1627 1623 1691 bona
1677 1645 1844 1710 quae
1904 1626 2240 1709 pertinent
2292 1622 2375 1688 ad
2432 1621 2564 1686 Dei

605 1714 890 1792 cultum,
948 1715 1089 1795 ipse
1136 1713 1321 1790 facit,
1380 1721 1459 1776 ut
1513 1712 1614 1776 illi
1680 1711 1927 1778 faciant
1982 1731 2149 1793 quae
2202 1730 2434 1791 praece
2481 1709 2561 1772 it:

612 1821 753 1865 non
790 1799 890 1864 illi
929 1798 1199 1874 faciunt,
1243 1805 1321 1863 ut
1360 1798 1502 1881 ipse
1544 1797 1743 1863 faciat
1782 1795 1955 1880 quod
1996 1795 2314 1880 promisit.
2476 1795 2569 1858 ’o-

610 1886 745 1967 qui,
790 1894 869 1948 ut
908 1884 1040 1949 Dei
1077 1882 1397 1965 promissa
1438 1883 1922 1967 compleantur,
1967 1903 2097 1946 non
2144 1882 2213 1945 in
2257 1879 2408 1958 Dei,
2451 1879 2569 1945 sed

612 1969 964 2035 hominum
1020 1977 1122 2034 est
1175 1975 1517 2052 potestate.
1604 1969 1803 2034 Item:
1864 1966 2089 2048 Quum
2143 1967 2236 2032 sic
2280 1965 2570 2047 loquitur

613 2053 834 2120 Deus:
900 2055 1235 2118 Timorem
1294 2074 1518 2119 meum
1573 2051 1742 2119 dabo
1787 2053 1859 2117 in
1924 2072 2039 2118 cor
2102 2072 2325 2116 eorum
2343 2102 2359 2130 ,
2406 2050 2568 2133 quid

609 2139 794 2205 aliud
844 2147 974 2217 est,
1035 2159 1233 2223 quam
1288 2139 1440 2204 talis
1496 2158 1572 2204 ac
1625 2146 1854 2203 tantus
1907 2139 2034 2202 erit
2099 2137 2296 2201 timor
2355 2157 2564 2214 meus,

608 2246 803 2309 quem
871 2225 1037 2290 dabo
1100 2226 1169 2289 in
1222 2246 1335 2290 cor
1389 2244 1615 2290 eorum
1630 2276 1646 2302 ,
1711 2232 1790 2288 ut
1842 2222 2009 2288 mihi
2061 2231 2568 2307 perseveranter

609 2316 759 2392 [pag.
822 2314 969 2389 126]
1063 2307 1507 2375 adhaereant?
1618 2309 1817 2374 Item:
1898 2307 2176 2374 Certum
2242 2315 2372 2386 est,
2442 2326 2567 2373 nos

604 2397 923 2462 mandata
976 2417 1242 2461 servare
1306 2397 1363 2461 si
1418 2396 1750 2461 volumus:
1824 2394 1943 2459 sed
1998 2395 2153 2477 quia
2189 2413 2567 2476 praeparae

606 2489 720 2547 tur
775 2505 813 2546 a
867 2482 1158 2546 Domino
1215 2481 1556 2559 voluntas,
1617 2481 1698 2545 ab
1748 2479 1864 2544 illo
1908 2477 2263 2563 petendum
2306 2487 2435 2557 est,
2492 2485 2570 2543 ιιι

606 2575 871 2633 tantum
958 2567 1239 2632 velimus
1326 2574 1647 2650 quantum
1746 2566 1992 2631 sufficit
2064 2574 2143 2630 ιιι
2231 2565 2565 2631 suciamus.

618 2652 898 2719 Certum
953 2663 1070 2732 est,
1142 2672 1267 2716 nos
1329 2651 1530 2729 velle,
1587 2672 1791 2733 quum
1866 2650 2203 2717 volumus:
2273 2649 2389 2715 sed
2454 2649 2569 2714 ille

606 2740 797 2819 facit,
868 2745 946 2802 ut
1008 2737 1297 2802 velimus
1358 2737 1622 2803 bonum.
1728 2734 2004 2801 Oertum
2080 2742 2210 2815 est,
2286 2756 2406 2800 nos
2472 2736 2568 2800 fa-

608 2845 779 2902 cere,
823 2844 1031 2906 quum
1073 2823 1372 2888 facimus:
1420 2821 1537 2886 sed
1558 2821 1675 2887 ille
1708 2821 1865 2886 facit
1903 2828 1979 2885 ut
2011 2821 2344 2898 faciamus,
2381 2841 2571 2904 prae-

608 2908 825 2974 bendo
871 2909 1045 2973 vires
1088 2908 1571 2973 efficacissimas
1614 2907 1957 2973 voluntati.
2047 2907 2249 2972 Item:
2295 2909 2409 2971 An
2453 2928 2570 2972 au·

613 2993 797 3058 debis
857 2991 1093 3071 dicere,
1160 2993 1361 3058 etiam
1418 3001 1698 3077 rogante
1756 2991 2058 3071 Christo,
2120 3013 2208 3058 ne
2262 2991 2574 3058 deficeret

612 3078 777 3143 fides
816 3079 1005 3146 Petri
1031 3129 1045 3154 ,
1105 3078 1509 3148 defecturam
1550 3078 1781 3155 fuisse,
1828 3078 1885 3142 si
1928 3078 2174 3143 Petrus
2217 3098 2366 3143 eam
2410 3078 2572 3143 defi·

615 3185 762 3230 cere
808 3163 1052 3229 vellet?
1144 3163 1355 3244 Quasi
1411 3163 1593 3228 aliud
1636 3164 1839 3230 vellet
1879 3165 2126 3229 Petrus
2178 3164 2312 3228 ullo
2355 3162 2570 3241 modo,

611 3272 811 3334 quam
854 3271 971 3333 pro
1015 3249 1131 3313 illo
1176 3248 1484 3315 Christus
1528 3263 1826 3333 rogasset
1870 3259 1945 3314 ut
1978 3248 2195 3314 vellet.
2285 3248 2572 3330 Quando

612 3336 816 3420 igitur
869 3335 1159 3419 rogavit,
1214 3357 1299 3399 ne
1353 3335 1517 3401 fides
1573 3337 1716 3400 eius
1773 3334 2108 3410 deficeret,
2178 3334 2335 3418 quid
2391 3333 2572 3400 aliud

612 3422 899 3505 rogavit,
953 3421 1085 3485 nisi
1140 3429 1217 3484 ut
1263 3421 1538 3487 haberet
1578 3421 1650 3486 in
1694 3421 1823 3486 fide
1866 3420 2302 3498 liberrimam,
2353 3422 2569 3485 fortis-

613 3507 882 3654 simam?
937 3507 1473 3584 invictissimam,
1547 3508 2267 3591 perseverantissimam
2333 3506 2569 3571 volun-

611 3601 820 3657 tatem

788 3677 1042 3742 Verum
1061 3728 1077 3755 ,
1132 3679 1248 3744 ubi
1300 3677 1384 3743 ad
1438 3679 1634 3761 primi
1685 3677 1974 3743 hominis
2040 3686 2107 3743 et
2160 3683 2572 3760 posterorum

614 3763 1171 3846 comparationem
1215 3762 1580 3841 descendit,
1639 3764 1733 3829 sic
1776 3762 2109 3829 concludit
2151 3770 2357 3827 totam
2395 3762 2571 3828 hanc

613 3857 891 3932 partem,
941 3856 1014 3913 ut
1057 3848 1249 3914 silere
1296 3849 1433 3914 iam
1475 3847 1708 3914 debeat
1748 3849 2063 3933 Pighius:
2119 3856 2236 3914 aut
2278 3849 2333 3913 si
2375 3869 2571 3931 porro

613 3934 940 4000 oblatrare
1042 3943 1229 4017 ergat
1243 3985 1259 4012 ,
1317 3934 1485 3998 nihil
1541 3942 1761 4000 tamen
1823 3935 2170 4001 habiturus
2225 3935 2339 4012 sit,
2394 3933 2569 4017 quod

613 4020 928 4086 mordeat.
1074 4029 1375 4101 ostquam
1416 4021 1594 4084 enim
1637 4024 1927 4102 primum
1982 4020 2387 4104 integritatis
2433 4026 2569 4084 sta-

616 4116 777 4184 tum,
824 4105 1063 4170 deinde
1106 4105 1391 4188 lapsum,
1437 4112 1504 4169 et
1539 4105 1735 4170 simul
1777 4126 2057 4188 poenam
2098 4106 2326 4188 lapsus
2369 4125 2569 4188 expo-

613 4195 765 4272 suit,
812 4192 935 4256 hoc
978 4198 1096 4269 est,
1140 4191 1453 4256 miseram
1497 4190 1670 4255 hanc
1713 4192 1922 4257 nostri
1966 4192 2246 4274 generis,
2280 4212 2450 4273 quae
2485 4213 2570 4256 ex

605 4299 693 4348 eo
737 4285 1141 4359 consequuta
1183 4289 1299 4354 est,
1345 4276 1851 4355 damnationem,
1897 4277 2253 4341 transitum
2292 4275 2450 4341 inde
2485 4275 2569 4341 ad

612 4365 1095 4447 reparationem
1128 4364 1374 4428 faciens
1410 4363 1504 4428 sic
1541 4362 1794 4426 scribit:
1836 4359 2406 4443 Quemadmodum
2441 4362 2568 4426 hu-

612 4471 879 4513 manam
933 4450 1005 4512 in
1063 4447 1334 4514 Christo
1399 4455 1738 4524 naturam,
1820 4446 2023 4512 nullis
2077 4448 2219 4512 eius
2284 4448 2570 4530 propriis

615 4534 899 4608 meritis,
956 4534 1246 4616 gratuita
1289 4555 1411 4599 sua
1452 4533 1916 4598 benevolentia
1964 4532 2087 4598 hoc
2132 4532 2380 4597 honore
2425 4532 2570 4617 dig-

616 4625 812 4683 natus
867 4625 968 4682 est
1018 4620 1201 4684 Deus
1255 4627 1474 4702 pater,
1530 4625 1607 4683 ut
1659 4619 1857 4684 homo
1924 4619 1993 4683 in
2050 4625 2236 4683 utero
2290 4618 2571 4703 virginis

614 4710 972 4784 conceptus
1023 4703 1199 4769 filius
1242 4706 1372 4769 Dei
1417 4711 1792 4785 vocaretur,
1846 4705 2043 4788 idque
2087 4703 2211 4769 hac
2259 4704 2436 4788 lege,
2497 4712 2572 4769 ut

615 4790 709 4855 sic
767 4810 807 4853 a
862 4788 1006 4851 Deo
1061 4800 1361 4871 suscepta
1413 4790 1699 4856 hominis
1761 4801 2001 4856 natura
2056 4790 2320 4855 nullum
2372 4789 2445 4854 in
2500 4811 2571 4855 se

603 4880 870 4952 ,motum
927 4872 1307 4938 admitteret
1356 4876 1569 4941 malae
1624 4876 2011 4942 voluntatis:
2077 4876 2173 4940 ita
2219 4897 2340 4959 per
2392 4875 2572 4940 hunc

617 4959 1046 5024 mediatorem
1103 4956 1286 5023 Deus
1338 4959 1648 5038 ostendit,
1706 4982 1816 5026 eos
1861 4983 2022 5045 quos
2065 4962 2385 5044 sanguine
2429 4962 2570 5026 eius

615 5043 927 5122 redemit,
992 5047 1208 5126 iacere
1275 5064 1346 5108 se
1406 5067 1489 5109 ex
1546 5045 1737 5111 malis
1803 5048 1875 5110 in
1939 5054 2280 5111 aeternum
2344 5044 2568 5112 bonos.

612 5130 826 5195 Istam
868 5130 1147 5213 gratiam
1196 5151 1327 5193 non
1375 5130 1603 5196 habuit
1653 5130 1847 5195 homo
1891 5131 2171 5214 primus,
2218 5153 2350 5213 qua
2392 5153 2568 5195 nun-

615 5236 816 5299 quam
859 5214 1062 5280 vellet
1106 5235 1249 5280 esse
1291 5214 1522 5292 malus,
1567 5213 1683 5280 sed
1724 5215 1973 5292 habuit,
2021 5216 2093 5280 in
2137 5238 2270 5299 qua
2312 5218 2369 5281 si
2415 5236 2566 5298 per-

1895 322 2272 393 RESPON
2272 322 2428 392 810
2471 317 2853 390 CONTRA
2892 321 3311 390 PIGHIUM

4493 322 4616 385 324

2661 531 2932 576 manere
2975 509 3205 589 vellet,
3256 531 3600 594 nunquam
3643 510 3861 577 malus
3903 515 4108 586 esset,
4165 515 4235 573 et
4287 506 4433 573 sine
4475 528 4621 590 qna,

2663 597 2865 662 etiam
2914 615 3066 660 cum
3121 595 3329 662 libero
3374 595 3646 661 arbitrio
3661 647 3677 675 ,
3735 596 3949 662 bonus
3991 614 4135 661 esse
4190 614 4327 659 non
4375 601 4622 676 posset,

2663 682 2779 748 sed
2842 703 2989 747 eam
3055 689 3284 747 tamen
3351 702 3472 765 per
3544 682 3824 748 liberum
3903 681 4251 747 arbitrium
4321 676 4625 745 deserere

2664 774 2903 850 posset.
3005 767 3366 850 Deinceps:
3438 767 3599 833 'Pale
3679 767 3924 851 quippe
3991 773 4138 832 erat
4204 763 4623 845 adiutorium,

2665 850 2842 936 quod
2897 852 3232 920 desereret
3274 874 3477 935 quum
3520 853 3751 932 vellet,
3809 861 3878 918 et
3920 854 3994 917 in
4034 871 4166 935 quo
4206 858 4627 933 permaneret

2666 939 2722 1005 si
2765 937 3000 1016 vellet,
3046 958 3180 1004 non
3223 959 3352 1022 quo
3395 940 3586 1004 fieret
3627 946 3704 1004 ut
3745 938 3968 1004 vellet.
4062 943 4207 1016 [pag.
4251 941 4401 1015 127]
4439 935 4625 1003 Haec

2667 1032 2768 1090 est
2809 1024 3026 1106 prima
3074 1024 3318 1108 gratia,
3375 1045 3547 1107 quae
3604 1024 3759 1089 data
3813 1031 3919 1089 est
3966 1023 4177 1106 primo
4226 1020 4449 1087 Adae:
4511 1020 4626 1088 sed

2666 1109 2827 1175 haec
2880 1111 3210 1191 potentior
3263 1117 3364 1175 est
3426 1111 3499 1174 in
3563 1108 3850 1175 secundo
3902 1109 4140 1174 Adam.
4243 1107 4479 1172 Prima
4529 1115 4626 1172 eet

2667 1196 2875 1272 enim,
2943 1216 3075 1278 qua
3127 1197 3207 1259 fit
3259 1203 3333 1260 ιιι
3400 1194 3599 1260 homo
3653 1195 3898 1261 habeat
3943 1194 4265 1260 iustitiam
4319 1193 4380 1257 si
4437 1191 4622 1258 velit:

2667 1278 2954 1347 secunda
2994 1279 3144 1363 plus
3187 1289 3418 1363 potest,
3462 1301 3592 1364 qua
3636 1281 3835 1345 etiam
3879 1283 3957 1345 fit
4000 1289 4075 1344 ιιι
4117 1278 4307 1358 velit,
4360 1286 4432 1343 et
4482 1287 4625 1342 tan·

2667 1377 2812 1430 tum
2854 1364 3037 1445 velit,
3077 1374 3395 1450 tantoque
3439 1365 3676 1432 ardore
3718 1365 3971 1451 diligat,
4015 1374 4091 1429 ιιι
4132 1363 4350 1429 carnis
4400 1363 4625 1428 volun-

2668 1461 2874 1517 tatem
2929 1451 3261 1518 contraria
3325 1452 3895 1534 concupiscentem
3953 1450 4291 1517 v‘oluntate
4355 1450 4626 1532 spiritus

2671 1539 2911 1603 vincat.
2977 1537 3043 1603 Ν
3043 1558 3116 1603 ec
3159 1537 3275 1602 illa
3317 1537 3582 1620 quidem
3627 1557 3838 1620 parva
3871 1544 4041 1617 erat3
4087 1535 4205 1601 sed
4238 1535 4408 1600 haec
4443 1543 4626 1600 tanto

2668 1624 2892 1702 maior,
2939 1634 3015 1688 ut
3058 1631 3294 1706 parum
3336 1624 3424 1689 sit
3458 1622 3712 1687 homini
3754 1643 3874 1706 per
3915 1622 4101 1686 illam
4133 1641 4447 1704 reparare
4483 1641 4624 1704 per-

2670 1708 2878 1773 ditam
2934 1706 3330 1773 libertatem:
3390 1729 3626 1791 parum
3692 1708 3782 1773 sit
3835 1708 4152 1790 denique,
4232 1727 4371 1771 non
4438 1726 4624 1788 posse

2670 1796 2813 1860 sine
2867 1794 3011 1872 illa,
3069 1794 3178 1860 vel
3221 1793 3718 1877 apprehendere
3761 1793 4034 1872 bonum,
4091 1792 4197 1857 vel
4239 1812 4624 1875 permanere

2672 1880 2744 1944 in
2786 1879 2955 1944 bono
2999 1879 3056 1944 si
3100 1879 3277 1958 velit,
3323 1880 3452 1944 nisi
3497 1880 3699 1945 etiam
3742 1881 3860 1945 fiat
3899 1886 3977 1943 ιιι
4008 1878 4186 1943 velit.
4274 1878 4481 1942 Item:
4531 1880 4622 1943 Ac

2672 1986 2790 2048 per
2831 1964 2985 2044 hoc,
3046 1986 3131 2030 ne
3178 1963 3258 2030 de
3300 1965 3445 2048 ipsa
3488 1963 3750 2047 quidem
3785 1965 4282 2048 perseverantia
4322 1962 4478 2027 boni
4515 1984 4620 2028 vo-

2671 2051 2797 2116 luit
2848 2052 3036 2116 Deus
3087 2057 3349 2116 sanctos
3408 2049 3489 2116 de
3535 2051 3787 2116 viribus
3829 2050 4143 2133 propriis,
4199 2048 4316 2114 sed
4370 2049 4444 2113 in
4489 2049 4620 2131 ipso

2672 2136 2970 2220 gloriari:
3025 2137 3138 2219 qui
3193 2138 3289 2201 eis
3346 2157 3479 2201 non
3534 2136 3749 2201 solum
3789 2134 3904 2199 dat
3947 2135 4344 2201 adiutorium
4359 2186 4377 2212 ,
4438 2133 4621 2217 quale

2669 2223 2887 2305 primo
2945 2221 3195 2286 homini
3262 2220 3470 2299 dedit,
3538 2223 3680 2287 sine
3723 2243 3850 2305 quo
3908 2241 4043 2285 non
4095 2221 4355 2303 possint
4407 2240 4620 2303 perse-

2669 2329 2901 2374 verare
2945 2309 3003 2373 si
3047 2308 3274 2386 velint,
3321 2306 3439 2372 sed
3479 2308 3549 2372 in
3593 2307 3690 2372 eis
3733 2308 3934 2373 etiam
3967 2315 4280 2390 operatur
4323 2314 4394 2369 et
4429 2305 4618 2371 velle:

2671 2403 2749 2458 ut
2802 2392 3112 2476 quoniam
3159 2413 3298 2457 non
3351 2394 3898 2476 perseverabunt,
3955 2392 4085 2457 nisi
4140 2401 4208 2456 et
4261 2391 4520 2475 possint
4556 2398 4619 2455 et

2673 2478 2881 2545 velint
2894 2530 2910 2555 ,
2973 2478 3436 2561 perseverandi
3490 2480 3586 2544 eis
3632 2487 3703 2544 et
3758 2478 4152 2562 possibilitas
4207 2487 4278 2542 et
4317 2476 4616 2541 voluntas

2674 2564 2899 2630 divina
2949 2565 3257 2648 largitate
3300 2564 3596 2630 donetur.
3686 2566 3976 2629 Tantum
4030 2564 4277 2646 quippe
4331 2561 4614 2628 accendi-

2673 2657 2785 2716 tur
2838 2650 3073 2733 spiritu
3131 2658 3358 2716 sancto
3403 2671 3631 2715 eorum
3674 2649 3980 2715 voluntas
3997 2700 4014 2728 ,
4069 2658 4144 2713 ut
4185 2648 4334 2714 ideo
4377 2649 4617 2730 possint

2674 2735 2832 2819 quia
2884 2735 2981 2802 sie
3024 2735 3256 2801 volunt
3265 2759 3282 2815 ;
3336 2736 3485 2800 ideo
3537 2737 3633 2801 sic
3675 2735 3914 2814 velint,
3959 2735 4118 2818 quia
4158 2733 4349 2799 Deus
4400 2754 4615 2817 opera—

2674 2831 2790 2886 tur
2845 2829 2923 2885 ut
2976 2821 3204 2887 velint.
3302 2822 3480 2887 Nam
3535 2820 3594 2887 si
3644 2823 3715 2886 in
3769 2829 3959 2886 tanta
4009 2820 4402 2885 infirmitate
4453 2819 4613 2884 vitae

2678 2907 2874 2972 huius
2916 2908 3076 2990 ipsis
3131 2907 3615 2989 relinqueretur
3658 2906 3966 2972 voluntas
4011 2927 4161 2985 sua,
4207 2913 4287 2970 ut
4329 2906 4400 2970 in
4443 2903 4610 2968 adiu·

2674 2994 2843 3057 torio
2907 2994 3187 3076 gratiae,
3254 2992 3398 3058 sine
3461 3012 3588 3076 quo
3653 3012 4081 3076 perseverare
4105 3066 4108 3069 ,
4136 3011 4274 3056 ιιοιι
4340 2999 4608 3074 possent,

2675 3087 3024 3143 manerent
3077 3079 3135 3143 si
3189 3077 3467 3157 vellent,
3523 3097 3646 3144 nec
3696 3076 3889 3144 Deus
3943 3078 4017 3141 in
4068 3076 4201 3143 illis
4246 3085 4610 3160 operaretur

2676 3172 2750 3229 ut
2791 3163 3066 3243 vellent,
3122 3165 3301 3228 inter
3351 3171 3452 3228 tot
3508 3185 3584 3230 ac
3625 3171 3849 3229 tantas
3902 3164 4303 3229 tentationes
4352 3161 4610 3226 infirmi·

2678 3259 2810 3314 tate
2850 3250 3160 3315 voluntas
3202 3251 3348 3331 ipsa
3391 3250 3845 3315 succumberet
3856 3272 3872 3328 ;
3912 3262 3980 3314 et
4020 3246 4164 3313 ideo
4207 3266 4609 3332 perseverare

2675 3357 2808 3401 non
2874 3348 3170 3417 possent,
3236 3336 3390 3417 quia
3441 3335 3820 3402 deficientes
3871 3335 4258 3399 infirmitate
4315 3355 4436 3399 nec
4487 3331 4610 3396 vel·

2674 3421 2834 3498 lent,
2892 3433 3010 3485 aut
3052 3441 3186 3485 non
3230 3423 3323 3485 ita
3367 3420 3638 3500 vellent,
3694 3421 4082 3485 infirmitate
4125 3418 4502 3496 voluntatis,
4541 3424 4610 3481 ut

2673 3514 2958 3589 possent.
3048 3505 3470 3572 Subventum
3514 3515 3617 3571 est
3658 3528 3816 3590 ergo
3851 3506 4220 3571 infirmitati
4269 3502 4609 3570 voluntatis

2676 3592 3036 3670 humanae,
3091 3600 3171 3656 ut
3222 3592 3448 3658 divina
3491 3594 3708 3677 gratia
3747 3590 4299 3658 indeclinabiliter
4343 3599 4411 3655 et
4447 3590 4604 3653 inse-

2672 3678 3052 3761 parabiliter
3093 3685 3431 3761 ageretur3
3475 3688 3546 3744 et
3585 3678 3754 3758 ideo,
3799 3677 4105 3761 quamvis
4144 3678 4445 3754 infirma,
4485 3694 4606 3738 non

2673 3763 3001 3842 deficeret,
3029 3785 3240 3846 neque
3261 3762 3663 3830 adversitate
3699 3763 3918 3847 aliqua
3940 3764 4342 3828 vinceretur.
4405 3761 4606 3826 Hicne

2672 3848 2887 3915 adhuc
2927 3849 3258 3932 obstrepet
3296 3849 3609 3932 Pighius,
3650 3856 3720 3915 et
3765 3870 3964 3915 suum
4004 3850 4076 3913 in
4127 3868 4253 3913 nos
4299 3865 4610 3913 venenum

2671 3934 3048 4018 profundet,
3104 3935 3277 4019 quod
3320 3933 3542 4000 Deum
3588 3955 3959 4001 asseramus
4004 3933 4356 4000 efficaciter
4411 3931 4608 3998 homi·

2672 4043 2838 4085 num
2883 4041 3079 4104 agere
3122 4020 3538 4086 voluntates?
3629 4023 3725 4086 At
3765 4041 3886 4085 nos
3928 4020 4098 4085 nihil
4141 4041 4347 4102 quam
4391 4022 4607 4166 Augu-

2672 4107 2920 4172 stinum
2975 4107 3329 4189 sequimur.
3431 4104 3537 4172 De
3598 4106 4088 4189 perseverantia
4157 4125 4421 4189 quoque
4467 4125 4507 4187 p
4529 4122 4608 4167 us

2671 4193 2886 4257 facere
2944 4191 3297 4256 verborum
3351 4212 3831 4274 supervacuum
3872 4192 4070 4268 foret,
4113 4211 4322 4274 quum
4363 4199 4611 4255 utum-

2673 4299 2799 4360 que
2843 4276 3040 4342 simul
3077 4277 3318 4360 ubique
3340 4277 3774 4357 coniunxerit,
3820 4286 3888 4342 et
3922 4278 4253 4343 efficacem
4296 4281 4442 4356 [pag.
4472 4276 4615 4351 128]

2674 4364 3013 4441 affectum,
3079 4369 3147 4426 et
3198 4364 3662 4447 perseverandi
3715 4363 4169 4429 constantiam.
4281 4362 4376 4426 Et
4433 4361 4614 4443 prius

2675 4449 2963 4525 dixerat,
3024 4447 3197 4530 quod
3248 4448 3543 4514 nondum
3599 4449 3826 4529 retuli,
3890 4456 4044 4531 post
4093 4447 4292 4530 primi
4335 4445 4618 4514 hominis

2672 4535 2949 4617 lapsum,
2992 4555 3130 4598 non
3185 4535 3317 4599 nisi
3358 4534 3441 4599 ad
3498 4555 3684 4600 suam
3741 4535 4025 4618 gratiam
4068 4532 4288 4597 Deum
4330 4531 4622 4599 voluisse

2672 4620 3034 4703 pertinere,
3086 4629 3165 4684 ut
3214 4620 3412 4684 homo
3470 4619 3554 4683 ad
3608 4641 3760 4685 eum
3814 4619 4106 4698 accedat;
4173 4639 4299 4684 nec
4351 4617 4476 4682 nisi
4527 4615 4622 4681 ad

2673 4725 2858 4770 suam
2905 4704 3182 4788 gratiam
3224 4705 3511 4770 voluisse
3555 4705 3912 4788 pertinere,
3967 4712 4045 4769 ut
4099 4703 4297 4768 homo
4339 4724 4469 4767 non
4507 4722 4623 4766 re-

2673 4789 2862 4856 cedat
2919 4789 3002 4854 ab
3064 4811 3157 4855 εο.
3268 4791 3638 4873 Utrumque
3711 4791 4035 4868 nominat,
4099 4789 4490 4873 principium
4552 4795 4626 4852 et

2670 4878 2890 4941 finem.
2991 4876 3072 4940 In
3129 4883 3407 4958 utroque
3461 4897 3546 4940 ne
3601 4878 3941 4941 minimam
3997 4873 4261 4959 quidem
4327 4873 4626 4957 portiun-

2670 4962 2887 5027 culam
2931 4962 3183 5025 homini
3225 4962 3571 5045 relinquit:
3631 4983 3834 5044 quum
3891 4961 4276 5044 praecipuas
4330 4960 4425 5024 illi
4464 4979 4626 5041 par·-

2667 5054 2769 5112 tes
2811 5047 3092 5131 Pighius
3131 5046 3464 5130 largiatur.

2838 5133 3069 5198 Unum
3112 5141 3428 5216 superest,
3474 5132 3793 5215 quidquid
3833 5146 4041 5215 usque
4087 5130 4174 5196 ad
4206 5131 4384 5196 vitae
4416 5131 4626 5195 finem

2666 5217 2857 5283 nobis
2900 5219 3153 5301 gratiae
3194 5219 3552 5298 confertur,
3591 5217 3880 5302 gratuito
3923 5216 4109 5283 nobis
4141 5216 4436 5294 conferri,
4481 5237 4628 5282 non
