4967 5992
306 430 315 441 ,
402 361 484 423 25
1491 365 1495 370 -
1599 382 1613 405 ι
1744 355 2402 425 61186816866
2448 355 3061 424 6888188616.
3183 408 3188 417 .
4326 363 4408 425 26

1243 546 1511 600 L’nurm.
1872 598 1877 604 ⁴

578 615 753 700 Ouy.
852 616 1176 681 D’autant
1227 614 1385 698 qu’il
1440 613 1648 679 falloit
1711 633 1839 697 que
1904 612 1967 677 18
2030 611 2354 678 desobeis-

404 722 627 781 sance,
684 702 992 767 commise
1036 709 1259 767 contre
1300 700 1478 765 Dieu
1519 720 1642 783 par
1680 699 2020 777 l’homme,
2075 700 2208 764 fust
2249 719 2354 763 re·

402 797 604 873 parce
648 807 733 852 68
767 787 832 852 18
864 793 1101 852 nature
1144 785 1462 851 humaine
1498 786 1717 867 (Rom.
1760 790 1818 862 5,
1862 788 1988 865 15).
2052 785 2143 849 Et
2177 785 2353 849 aussi

402 875 456 939 il
517 894 604 940 ne
666 873 939 956 pouvoit
1001 879 1174 937 estre
1239 879 1614 937 autrement
1678 881 1901 936 nostre
1962 868 2351 947 Mediateur,

400 980 574 1044 pour
615 980 782 1025 nous
826 956 1204 1024 conioindre
1248 965 1292 1023 a
1334 956 1561 1024 DIEU
1603 977 1722 1023 668
1763 955 1936 1021 Pere
1980 956 2043 1038 (l
2087 957 2253 1021 Tim.
2293 958 2351 1034 2,

402 1050 478 1124 5;
512 1045 719 1112 Hebr.
758 1051 818 1122 4,
855 1048 896 1108 4
932 1049 999 1108 et
1036 1049 1093 1121 5,
1137 1042 1225 1125 1).

1042 1148 1048 1153 ’
1197 1165 1264 1200 uz
1300 1164 1554 1199 1181161811.

579 1217 683 1281 Tu
750 1215 851 1281 dis
912 1214 1080 1280 donc
1133 1214 1292 1298 qu'il
1353 1215 1564 1280 falloit
1627 1235 1752 1297 que
1801 1211 2073 1279 IESUS
2128 1212 2356 1279 Christ

401 1303 541 1368 fust
603 1301 895 1380 homme,
962 1321 1130 1384 pour
1193 1300 1545 1383 accomplir
1592 1298 1823 1366 l’office
1888 1299 1970 1365 do
2033 1297 2352 1375 Sauveur,

402 1408 659 1453 comme
703 1408 788 1451 en
825 1396 1050 1452 nostre
1092 1407 1332 1470 propre
1372 1405 1717 1470 personne.

1249 1491 1516 1542 n’nxrur.

575 1559 798 1624 Voire.
867 1557 1001 1623 Car
1041 1556 1090 1622 il
1135 1578 1300 1622 nous
1341 1558 1487 1623 faut
1529 1578 1882 1623 recouvrer
1925 1578 2009 1623 en
2051 1558 2171 1642 luy
2213 1564 2358 1623 tout

405 1666 483 1710 ce
527 1645 637 1728 qui
680 1664 844 1709 nous
890 1643 1111 1709 defaut
1154 1665 1238 1708 en
1281 1663 1778 1709 nous-mesmes.
1869 1643 1963 1710 Ge
2003 1645 2113 1726 qui
2157 1665 2242 1709 ne
2286 1665 2356 1709 se

403 1737 572 1814 peut
611 1737 984 1795 autrement
1024 1729 1203 1794 faire.

1201 1850 1266 1885 LE
1302 1851 1558 1886 unusne.

582 1902 755 1967 Mais
806 1918 1147 1986 pom-quoy
1191 1901 1329 1967 cela
1371 1900 1629 1967 s'est-il
1670 1901 1828 1968 faict
1879 1921 2000 1985 par
2040 1901 2102 1966 le
2145 1901 2357 1967 sainct
2476 1937 2490 1949 ·

404 1986 655 2070 Esprit,
701 1992 769 2051 et
801 2007 936 2051 non
970 1986 1156 2069 point
1192 2006 1311 2070 par
1344 2007 1569 2053 oeuvre
1606 1985 1948 2065 d’homme,
1985 1987 2168 2053 selon
2203 1987 2353 2051 l’or-

401 2072 521 2138 dre
564 2072 644 2138 (16
687 2070 973 2137 nature?

1249 2175 1514 2228 1381111111.

575 2245 832 2310 Pource
854 2264 981 2326 que
1011 2242 1077 2307 18
1108 2264 1410 2309 66816866
1442 2243 1756 2307 118818186
1778 2251 1879 2309 661
1899 2243 2087 2309 (1’6116
2107 2265 2355 2310 mesme

400 2349 818 2412 corrompue,
873 2328 922 2394 11
975 2328 1185 2394 falloit
1228 2350 1352 2412 que
1396 2329 1465 2393 la
1506 2336 1699 2393 vertu
1743 2327 1832 2393 du
1874 2330 2087 2395 sainct
2126 2330 2357 2413 Esprit

398 2416 725 2481 intervint
767 2436 851 2480 68
890 2422 1064 2480 66616
1108 2415 1504 2496 conception,
1549 2433 1717 2497 pour
1757 2436 2100 2497 preserver
2134 2424 2355 2481 nostre

399 2501 736 2587 Seigneur
757 2501 837 2565 (16
872 2508 1053 2565 toute
1088 2500 1486 2583 corruption,
1524 2507 1592 2563 et
1624 2499 1687 2564 16
1723 2500 1994 2584 remplir
2029 2501 2109 2566 de
2144 2503 2354 2567 sainc-

1196 2707 1263 2742 m
1298 2706 1556 2743 mlum-2.

580 2758 774 2823 Ainsi
814 2757 865 2821 il
905 2778 1070 2823 nous
1104 2766 1206 2824 661
1249 2755 1642 2835 demonstre,
1688 2778 1812 2839 que
1847 2758 2039 2842 celuy
2072 2758 2183 2841 qui
2218 2757 2356 2823 doit

402 2845 739 2910 sanctifier
779 2842 876 2909 les
920 2850 1140 2909 autres
1155 2894 1172 2923 ,
1230 2850 1332 2908 661
1384 2850 1650 2925 exempt
1704 2841 1783 2908 de
1837 2850 2019 2909 toute
2046 2844 2351 2910 ·macule:

403 2940 477 2996 et
526 2928 614 2994 du
654 2937 889 2996 ventre
943 2929 1023 2994 de
1079 2950 1154 2995 sa
1203 2949 1383 2994 mere
1439 2936 1540 2994 est
1594 2938 1898 2995 66868616
1947 2936 1989 2995 a
2031 2928 2212 2995 Dieu
2268 2952 2352 2995 68

402 3022 634 3100 purete
697 3014 1069 3099 originelle:
1136 3034 1302 3099 pour
1356 3019 1598 3080 n'estre
1651 3015 1837 3098 point
1891 3016 2142 3082 subiect
2194 3023 2236 3082 a
2287 3017 2354 3080 18

402 3102 787 3185 corruption
833 3101 1223 3168 universelle
1266 3100 1357 3164 du
1401 3120 1602 3183 genre
1644 3100 1938 3166 humain.

1242 3201 1508 3256 L'nmvm.

575 3273 650 3339 Ie
693 3272 971 3338 l’entens
1015 3273 1200 3337 ainsi.

1160 3393 1225 3428 u:
1260 3392 1518 3427 mmsm.
1538 3374 1583 3431 ¹)

576 3449 694 3525 [fol.
738 3450 841 3524 11]
902 3442 1253 3509 Comment
1304 3452 1510 3508 est-ce
1551 3443 1707 3526 qu'il
1753 3450 1854 3508 661
1896 3450 2118 3508 866116
2163 3442 2353 3528 Seig-
2394 3464 2398 3471 ·

394 3530 617 3596 neur?

1244 3629 1511 3683 n’nuraxr.

579 3700 852 3768 Comme
894 3701 944 3765 il
989 3722 1028 3766 a
1071 3706 1210 3766 este
1253 3699 1576 3766 constitue
1631 3697 1721 3763 du
1763 3699 1966 3779 Pere,
2023 3701 2155 3765 afin
2197 3700 2354 3784 qu’il

398 3808 575 3853 nous
641 3788 735 3852 ait
799 3809 882 3852 68
948 3807 1065 3853 668
1133 3791 1677 3871 gouvernement,
1743 3806 1910 3868 pour
1972 3806 2240 3852 exercer
2290 3786 2354 3851 16

396 3874 749 3957 Royaume
789 3882 857 3937 et
907 3873 975 3937 la
1023 3873 1392 3957 seigneurie
1446 3870 1527 3935 de
1570 3870 1772 3949 Dieu,
1831 3892 1917 3935 811
1972 3873 2092 3938 6161
2152 3880 2218 3938 61
2270 3894 2353 3937 68

396 3961 472 4024 18
513 3969 717 4024 terre:
762 3965 830 4023 61
861 3979 1028 4041 pour
1063 3966 1234 4024 estre
1277 3957 1434 4024 chef
1467 3956 1582 4022 (166
1618 3958 1844 4041 Auges
1880 3965 1947 4022 61
1980 3956 2094 4023 (166
2128 3956 2355 4024 fideles

397 4044 683 4130 (Ephes.
725 4049 784 4122 5,
827 4047 905 4108 22
920 4068 935 4121 ;
973 4043 1222 4110 061666.
1268 4050 1320 4119 1,
1365 4044 1492 4125 18).

1190 4166 1257 4199 ΒΕ
1291 4165 1549 4199 umam.

578 4215 934 4299 Pourquoy
978 4214 1058 4281 de
1102 4214 1166 4278 la
1209 4217 1482 4279 nativite
1519 4215 1810 4281 viens-tu
1854 4215 2269 4281 incontinent
2310 4221 2352 4280 a

386 4303 469 4368 18
508 4310 703 4379 18611,
747 4300 1021 4367 18166881
1062 4308 1241 4365 toute
1284 4301 1603 4366 l'histoire
1651 4301 1731 4367 de
1775 4322 1847 4367 68
1890 4302 2038 4368 vie?

1246 4403 1513 4458 n’nxmn'r.

578 4473 832 4537 Pource
875 4472 1034 4555 qu'il
1092 4476 1264 4537 n'est
1318 4475 1423 4556 icy
1466 4473 1649 4555 parle
1691 4494 1815 4557 que
1861 4472 1941 4537 (16
1985 4495 2057 4538 66
2098 4474 2208 4556 qui
2254 4481 2354 4537 est

390 4565 828 4643 proprement
884 4557 965 4624 de
1010 4559 1074 4622 18
1129 4559 1475 4624 substance
1520 4556 1599 4621 (16
1644 4566 1868 4623 866116
1923 4558 2350 4642 redemption.

578 4816 937 4900 Pourquoy
978 4765 1261 4880 n'este-iliE
1273 4764 1877 4897 dilgts'silrznplement
1931 4836 2013 4879 68
2059 4837 2154 4881 88
2196 4826 2350 4893 1861,

522 4938 569 4947 «ι.

384 5089 542 5143 pour
577 5086 829 5125 nous.--
866 5072 1045 5126 Christ
1079 5080 1260 5127 nostre
1296 5073 1485 5141 pleige.

3129 560 3134 569 '
3357 566 3508 602 Pur-211.

2629 615 2940 679 Maxime.
3032 614 3206 697 Quia
3270 616 3781 682 inobedientiam
3833 618 3913 683 ab
3969 618 4237 683 11618186
4293 618 4409 684 ad-

2456 699 2729 765 missam
2782 701 2855 765 in
2907 699 3133 766 Deum
3187 722 3450 768 8666666
3501 708 3643 768 6181
3693 703 3765 768 18
3819 703 4113 769 humana
4154 724 4410 786 quoque

2456 792 2695 850 natura
2737 787 3010 870 expiari.
3071 787 3212 854 Nec
3255 808 3415 852 vero
3459 786 3651 854 aliter
3692 787 4024 854 mediator
4065 811 4208 855 esse
4253 810 4407 855 866-

2456 875 2561 936 ter
2626 876 2913 954 poterat,
2983 872 3068 938 ad
3131 874 3648 955 conciliationem
3716 874 3844 941 Dei
3925 884 3993 940 et
4063 875 4411 940 hominum

2454 956 2918 1041 peragendam.

3309 1167 3566 1201 mxuma.

2633 1219 2750 1294 [fol.
2831 1218 2935 1293 16]
3001 1214 3347 1281 Christum
3410 1238 3568 1302 ergo
3646 1218 4011 1300 oportuisse
4076 1218 4412 1284 hominem

2458 1300 2601 1364 fieri
2647 1298 2835 1365 dicis:
2895 1306 2988 1377 ut,
3032 1309 3346 1383 tanquam
3396 1302 3466 1367 in
3517 1323 3798 1386 persona
3854 1312 4096 1383 nostra,
4177 1304 4412 1370 salutis

2460 1392 2727 1450 nostrae
2767 1394 2989 1468 partes
3028 1387 3346 1469 impleret.

3363 1509 3513 1543 mma.
3601 1510 3608 1517 '

2630 1556 2738 1620 Ita
2790 1559 3021 1623 668116.
3108 1557 3174 1623 N
3174 1579 3283 1623 am
3344 1558 3425 1624 ab
3490 1559 3634 1642 ipso
3704 1570 4083 1625 mutuemur
4113 1566 4410 1643 oportet,

2459 1641 2776 1725 quidquid
2842 1643 3026 1710 nobis
3092 1644 3265 1728 apud
3331 1666 3451 1710 nos
3507 1644 3715 1710 deest:
3785 1646 3957 1729 quod
4017 1647 4163 1711 fieri
4220 1646 4413 1711 aliter

2460 1729 2704 1811 nequit.
3877 1750 3884 1763 ·

3309 1824 3571 1886 unusffis.

2632 1900 2884 1966 Verum
2899 1952 2917 1980 ,
2978 1922 3096 1967 cur
3148 1898 3220 1965 id
3271 1920 3313 1965 8
3364 1902 3601 1985 spiritu
3659 1909 3887 1968 688616
3940 1902 4248 1967 effectum
4290 1908 4408 1981 est,

2461 2006 2537 2050 86
2608 2007 2741 2052 868
2815 1987 3030 2070 potius
3107 1988 3434 2052 communi
3520 1988 3892 2071 usitataque
3972 1987 4411 2071 generationis

2457 2071 2712 2136 forma?

3356 2194 3510 2229 rum.

2631 2240 2961 2323 Quoniam
3018 2244 3283 2327 penitus
3326 2250 3705 2325 corruptum
3749 2252 3848 2308 est
3902 2243 4266 2310 humanum
4307 2267 4410 2312 se-

2458 2346 2611 2393 men
2627 2378 2642 2405 ,
2722 2328 2793 2392 in
2843 2329 3264 2412 generatione
3317 2328 3439 2393 filii
3491 2330 3617 2393 Dei
3685 2329 4089 2395 intercedere
4142 2332 4409 2415 spiritus

2459 2413 2670 2479 688611
2714 2435 2877 2497 opus
2922 2414 3169 2480 decuit:
3228 2435 3312 2479 ne
3355 2414 3480 2480 hac
3523 2416 3905 2498 contagione
3950 2416 4407 2499 attingeretur,

2459 2499 2575 2564 sed
2618 2508 2793 2566 esset
2832 2501 3117 2582 puritate
3158 2499 3637 2583 perfectissima
3679 2501 4032 2584 praeditus.

3308 2707 3568 2743 mm

2627 2757 2807 2823 Η186
2850 2777 3006 2839 ergo
3061 2756 3369 2824 discimus
3383 2809 3398 2835 ,
3456 2776 3610 2824 eum
3663 2758 3776 2842 qui
3819 2757 3982 2823 alios
4025 2760 4407 2840 sanctificat,

2453 2843 2816 2908 immunem
2860 2842 2941 2907 ab
2986 2843 3169 2907 omni
3210 2844 3468 2911 macula
3509 2863 3652 2910 6666
3694 2843 4104 2927 puritateque
4117 2895 4134 2924 ,
4195 2852 4274 2909 ut
4314 2846 4411 2910 118

2453 2929 2719 3011 loquar,
2775 2928 3079 3014 originali
3130 2929 3331 2996 fuisse
3377 2928 3459 2995 ab
3502 2936 3690 2995 utero
3733 2930 4136 3013 praeditum,
4193 2937 4270 2995 81
4308 2938 4408 2996 16-

2454 3021 2563 3079 186
2606 3013 2752 3080 Deo
2793 3034 2977 3081 sacer
3018 3021 3219 3094 66661,
3276 3016 3462 3082 88118
3506 3015 3774 3081 humani
3819 3017 4080 3100 generis
4124 3016 4271 3082 labe
4306 3017 4408 3082 in-

2456 3100 2782 3182 quinatus.

3354 3224 3506 3259 Puta.

2630 3269 2744 3338 Sic
2787 3271 3101 3357 intelligo.

3305 3394 3562 3427 mISTEB·

2637 3444 2945 3527 Quomodo
2984 3450 3074 3510 est
3114 3445 3404 3512 dominus
3442 3448 3647 3508 noster
3662 3442 3699 3508 ,2
3717 3446 3774 3515 2)

2635 3700 2698 3765 Α
2730 3706 2921 3781 patre
2966 3701 3331 3766 constitutus
3355 3649 3504 3778 Ἐῗ
3534 3705 3607 3764 ut
3645 3718 3758 3764 nos
3798 3704 3997 3783 reyat,
4035 3699 4408 3781 ,imperium

2458 3806 2577 3866 que
2619 3792 2674 3850 et
2715 3787 2845 3851 Dei
2883 3787 3377 3863 dominationem,
3423 3791 3556 3850 tum
3598 3787 3669 3849 in
3710 3785 3908 3859 coelis,
3952 3790 4085 3850 tum
4127 3788 4198 3850 in
4237 3792 4408 3852 terra

2456 3872 2737 3953 adeptus,
2782 3878 2965 3957 caput
3009 3873 3367 3956 anyelorum
3409 3878 3464 3936 et
3491 3874 3751 3953 piorum
3792 3877 4179 3954 aquosoatur.

2631 4216 2771 4281 Cur
2826 4237 2865 4279 a
2919 4214 3244 4280 natalibus
3301 4164 3599 4297 pssdtsszs
3655 4211 3740 4277 ad
3796 4219 4105 4289 mortem,
4164 4211 4404 4276 omissa

2452 4302 2651 4366 totius
2693 4303 2869 4366 vitae
2912 4300 3201 4378 historia,
3247 4298 3617 4365 transsilis?

2630 4471 2804 4554 Quia
2857 4472 2962 4536 hic
3031 4492 3165 4536 non
3238 4420 3633 4547 tracffitur,
3702 4469 3827 4533 8161
3884 4487 4049 4550 quae
4101 4468 4402 4553 redemp-

2456 4560 2652 4625 tionis
2694 4566 2954 4624 nostrae
2997 4559 3091 4622 ita
3132 4563 3287 4621 sunt
3325 4555 3618 4639 propria,
3661 4563 3740 4619 ut
3781 4555 3921 4620 eius
3965 4554 4402 4621 substantiam

2456 4644 2933 4727 quodammodo
2976 4643 3048 4707 in
3090 4664 3159 4708 se
3202 4642 3594 4708 contineant.

2630 4814 2768 4880 Cur
2812 4835 2947 4877 non
2987 4762 3554 4896 simplicitgimffig'
3588 4811 3783 4878 verbo
3827 4820 4159 4877 mortuum
4201 4813 4402 4877 fuisse

721 5002 781 5066 1)
816 5002 897 5056 Le
933 5002 982 5056 8.
1019 5003 1310 5058 (1118886116.
1360 5030 1427 5041 -
1474 5003 1653 5057 Christ
1687 5010 1869 5057 nostre
1906 5002 2179 5067 Seigneur.
2230 5030 2295 5040 -—
2342 5003 2493 5058 Iesus
2530 5001 2707 5056 Christ
2752 5000 3049 5058 condamne
3083 5015 3223 5068 pour
3257 5015 3393 5056 nous
3427 4998 3732 5055 absculdre.
3779 5031 3844 5040 —
3894 5001 4072 5054 Christ
4106 4998 4400 5054 condamne

717 5140 778 5207 2)
814 5141 969 5194 Haec
1002 5144 1248 5211 quaestio
1280 5158 1401 5196 cum
1446 5141 1798 5210 responsione
1841 5156 1878 5194 a
1925 5139 2076 5194 Beza
2112 5140 2319 5194 inserta
2354 5140 2599 5208 videtur,
2643 5153 2782 5260 gaze
2827 5143 3004 5191 tamen
3049 5153 3169 5192 cum
3213 5153 3278 5192 ea
3313 5154 3476 5208 quam
3519 5139 3581 5192 in
3617 5138 3971 5193 annotatione
4004 5137 4283 5204 superiore
4317 5149 4398 5188 re-

2624 5223 2653 5261 e
2691 5226 2710 5261 i

386 5209 727 5268 caenia-ua
764 5211 983 5265 omnino
1027 5212 1291 5266 consentit
1334 5209 1559 5280 ideoque
1594 5224 2009 5280 supervacanea
2042 5213 2137 5263 est.
2211 5208 2421 5263 Fucum
2460 5208 2592 5276 feeit

378 5282 667 5337 mam.

2716 5207 2921 5261 toribus
2955 5206 3092 5263 ordo
3126 5210 3499 5278 quaestionum
3536 5208 3597 5261 in
3632 5206 4029 5276 eaeevnplaribus
4057 5205 4273 5273 quilici-3
4307 5203 4396 5256 ob·
