4967 5992
423 323 545 386 301

419 507 811 592 requirebat.
869 505 1047 589 Quid
1086 507 1212 588 hic,
1252 507 1537 587 obsecro,
1584 508 1987 574 difficultatis
2025 508 2211 588 foret,
2256 509 2388 575 nisi

423 593 881 661 turbulentum
930 593 1158 678 Pighii
1214 595 1588 672 cerebrum,
1656 615 1781 660 sua
1831 594 2228 677 intemperie
2243 647 2261 676 ,
2321 603 2389 660 et

422 680 549 748 sibi
591 688 660 745 et
701 678 847 744 aliis
892 679 1033 744 sine
1078 700 1276 746 causa
1317 680 1688 746 molestiam
1730 680 2123 745 facesseret?

595 762 706 830 Ad
748 763 1106 831 secundam
1152 765 1428 831 classem
1472 764 1794 830 librorum
1818 767 2179 850 Augustini
2227 765 2384 831 dum

423 852 780 918 transitum
824 852 1036 916 facere
1081 851 1243 929 vult,
1289 852 1446 934 quia
1487 852 1839 918 verebatur
1880 873 1967 916 ne
2011 853 2384 934 exciperem

423 936 875 1021 Augustinum
919 943 1145 1018 postea
1188 945 1595 1016 recantasse,
1640 957 1806 1019 quae
1850 938 2108 1004 iuvenis
2153 938 2383 1002 incon-

424 1023 664 1090 sultius
708 1022 1093 1104 scripsisset,
1138 1021 1293 1101 hoc,
1341 1030 1420 1087 ut
1460 1024 1600 1105 ipse
1643 1031 1869 1101 vocat,
1917 1022 2230 1088 cavillum
2276 1043 2383 1088 oc-

424 1117 622 1192 cupat
663 1129 740 1174 ac
782 1106 1041 1172 refellit.
1107 1108 1412 1172 Primum
1456 1129 1532 1172 eo
1573 1106 1767 1172 modo
1810 1129 1881 1173 se
1900 1108 2181 1187 -vieisse,
2230 1108 2385 1192 quia

420 1192 976 1278 impudentissimi
1013 1193 1337 1259 mendacii
1382 1194 1716 1260 convictus
1760 1194 2047 1272 tenebor,
2086 1196 2196 1276 qui
2240 1194 2381 1258 Au-

424 1281 765 1365 gustinum
800 1277 1079 1344 dixerim
1112 1278 1351 1361 ubique
1385 1278 1579 1357 clare,
1622 1278 1866 1361 ubique
1897 1288 2075 1344 certo
2118 1287 2186 1344 et
2227 1301 2382 1344 con-

424 1372 739 1433 sonanter
793 1362 876 1428 de
934 1363 1060 1428 hac
1116 1385 1189 1428 re
1241 1364 1440 1447 loqui.
1524 1365 1675 1430 Hoc
1732 1362 1845 1429 ubi
1891 1364 2205 1440 dixerim,
2268 1365 2379 1430 de-

423 1457 779 1528 monstret,
838 1449 896 1514 si
951 1447 1152 1514 fidem
1205 1449 1329 1515 sibi
1384 1449 1612 1515 haberi
1655 1449 1836 1516 velit.
1926 1451 2381 1533 Augustinum

424 1537 678 1603 asserui
745 1555 1017 1618 prorsus
1086 1555 1229 1600 esse
1297 1548 1630 1601 nostrum:
1704 1534 1878 1618 quod
1943 1545 2166 1600 autem
2226 1558 2379 1602 con-

424 1629 739 1707 gruenter
766 1622 839 1686 in
880 1620 1067 1686 libris
1100 1620 1402 1686 omnibus
1436 1642 1662 1687 secum
1695 1629 2017 1704 perpetuo
2050 1620 2378 1703 loquatur,

365 1719 374 1730 “
421 1707 590 1774 1111111
648 1727 984 1789 nunquam
1057 1705 1130 1770 in
1195 1715 1489 1772 mentem
1558 1707 1739 1772 venit
1794 1728 2103 1772 asserere.
2196 1706 2378 1788 Quin

418 1795 640 1877 potius
685 1791 900 1857 dicere
944 1790 1139 1870 soleo,
1187 1791 1491 1858 haereses
1533 1812 1761 1859 omnes
1808 1792 1973 1858 alias
2017 1792 2381 1876 plurimum

422 1877 943 1946 incommodasse
975 1877 1315 1958 eeclesiae;
1350 1878 1608 1962 Pelagii
1640 1898 1798 1944 vero
1833 1878 2135 1943 haeresin
2171 1878 2381 1943 multo

421 1964 573 2049 plus
605 1963 930 2046 profuisse
961 1984 1158 2044 quam
1192 1964 1493 2041 obfuisse,
1539 1963 1715 2047 quod
1758 1963 1956 2029 huius
1992 1965 2206 2029 sancti
2249 1965 2381 2028 viri

422 2050 729 2132 spiritum
772 2049 1191 2126 excitaverit,
1235 2057 1310 2112 ut
1350 2071 1391 2114 a
1432 2051 1707 2132 profana
1745 2048 1861 2113 illa
1904 2047 1984 2114 de
2025 2049 2231 2114 libero
2275 2070 2381 2113 ar·-

417 2136 622 2201 bitrio
675 2133 1120 2217 philosophia,
1168 2155 1334 2216 quae
1379 2142 1537 2199 tunc
1582 2133 1781 2217 vulgo
1820 2134 2226 2213 invaluerat,
2274 2155 2379 2200 ec-

414 2220 696 2288 clesiam
736 2227 1152 2303 repurgaret:
1212 2226 1290 2283 ut
1333 2240 1530 2284 suum
1574 2221 1826 2304 gratiae
1869 2219 1999 2284 Dei
2042 2219 2381 2298 honorem,

411 2306 587 2372 falsa
635 2306 966 2370 humanae
1020 2304 1284 2369 virtutis
1343 2304 1685 2388 opinione,
1742 2323 1908 2386 quae
1951 2313 2108 2370 tunc
2149 2305 2378 2370 multi-

412 2391 675 2457 tudinis
718 2390 970 2455 animos
1014 2400 1460 2473 occupaverat,
1504 2410 1893 2473 oppressum
1937 2397 2005 2455 et
2045 2393 2232 2473 quasi
2277 2411 2379 2455 se-

414 2475 859 2558 misepultum
913 2476 1307 2540 restitueret.
1397 2475 1653 2541 Verum
1712 2477 1800 2541 sit
1852 2477 1975 2552 ita,
2047 2485 2124 2541 ut
2185 2477 2381 2560 fingit

407 2561 721 2645 Pighius.
788 2559 1095 2625 Dixerim
1120 2562 1569 2644 Augustinum
1615 2561 1854 2643 ubique
1887 2560 2011 2625 sibi
2055 2570 2375 2628 constare.

413 2645 605 2729 Quid
647 2643 866 2711 adhuc
906 2645 1180 2728 protulit
1220 2648 1290 2710 in
1335 2646 1643 2725 medium,
1687 2645 1863 2730 quod
1905 2646 2229 2713 mendacii
2271 2669 2379 2712 me

413 2729 880 2802 convinceret?
968 2731 1183 2796 Iactat
1223 2731 1519 2814 quidem:
1579 2732 1696 2798 sed
1750 2732 2194 2798 thrasonicam
2238 2734 2379 2799 eius

413 2817 787 2886 vanitatem
821 2816 982 2881 satis
1023 2817 1399 2884 traduxisse
1441 2817 1604 2882 mihi
1650 2816 1891 2897 videor,
1939 2817 2099 2882 dum
2143 2817 2378 2885 adver-

414 2925 540 2972 sus
572 2903 842 2968 inanem
886 2903 1240 2968 verborum
1283 2904 1574 2968 sonitum
1618 2924 1761 2993 rem
1804 2903 2018 2986 ipsam
2063 2913 2200 2970 tam
2245 2905 2377 2971 cla-

413 3010 569 3056 ram
626 2997 693 3054 et
747 2991 1008 3054 firmam
1062 2990 1366 3072 opposui,
1420 2996 1629 3054 utcun
1671 3009 1757 3054 ue
1814 2989 1884 3054 id
1939 3011 2074 3055 non
2129 3010 2375 3075 magno

414 3085 561 3144 stre
608 3074 708 3140 itu
773 3074 1059 3141 fecerim.
1146 3073 1435 3140 Proinde
1507 3010 1675 3140 illud
1753 3075 2037 3140 alterum
2120 3077 2374 3156 omitto,

413 3181 551 3246 quo
641 3158 980 3227 contendit
1020 3159 1205 3226 nullo
1247 3160 1441 3226 modo
1479 3161 1771 3243 potuisse
1803 3169 2164 3241 recantare,
2209 3181 2378 3245 quae

411 3255 578 3314 ante
620 3244 954 3312 retulerat.
1022 3246 1187 3325 Hoc,
1231 3246 1520 3329 inquam,
1565 3246 1732 3312 nihil
1765 3266 2006 3326 moror,
2051 3248 2110 3312 si
2154 3257 2377 3312 tamen

412 3354 501 3401 eo
560 3353 760 3399 sensu
811 3331 1102 3414 mcipere
1160 3331 1512 3410 sustineat,
1578 3352 1707 3415 quo
1762 3332 2183 3417 Augustinus
2235 3334 2378 3417 ipse

410 3418 626 3501 accipi
672 3417 1021 3501 praecipit:
1076 3416 1602 3499 quandoquidem
1658 3417 1783 3482 hoc
1828 3422 1978 3497 [pag.
2021 3424 2129 3498 96]
2183 3417 2377 3484 modo

407 3504 612 3572 nobis
655 3501 826 3568 nihil
867 3502 1321 3568 adversantur.

594 3588 783 3654 Haec
807 3588 1156 3670 praefatus,
1177 3587 1611 3672 magnificam
1630 3588 1815 3653 illam
1839 3589 2377 3671 pollicitationem

409 3697 544 3742 suo
601 3695 784 3740 more
837 3675 1105 3757 repetit:
1177 3674 1507 3740 facturum
1565 3695 1665 3754 se,
1733 3684 1808 3739 ut
1860 3682 2042 3740 certo
2098 3682 2372 3754 constet,

407 3764 531 3828 Au
626 3761 872 3826 stinum
929 3780 1189 3841 semper
1236 3768 1305 3826 et
1361 3769 1740 3825 constanter
1792 3760 1982 3826 nobis
2041 3782 2184 3826 esse
2241 3782 2375 3827 non

406 3782 623 3913 mogi:
663 3846 1094 3924 contrarium,
1155 3843 1272 3912 sed
1315 3847 1710 3911 acerrimum
1755 3846 2030 3911 hostem.
2122 3846 2377 3912 Verum

407 3933 539 4000 ubi
593 3932 677 3997 ad
724 3952 863 3998 rem
914 3931 1185 4013 propius
1240 3928 1548 3997 accedere
1605 3938 1846 4010 tentat,
1908 3932 2032 3998 hoc
2075 3939 2203 4010 est,
2264 3932 2377 3998 de-

403 4020 593 4087 cimo
624 4027 772 4101 post
808 4038 1020 4096 versu,
1061 4017 1243 4082 illius
1276 4038 1432 4083 suae
1476 4017 1910 4084 confidentiae
1940 4016 2199 4096 oblitus,
2245 4019 2373 4084 ele-

405 4115 576 4182 vat,
631 4111 955 4186 quantum
998 4111 1245 4184 potest,
1304 4105 1665 4187 Augustini
1716 4104 1915 4168 fidem
1975 4105 2045 4167 in
2098 4102 2222 4170 hoc
2274 4125 2376 4168 se-

403 4187 642 4258 cundo
697 4188 1014 4254 librorum
1080 4188 1325 4253 ordine.
1416 4188 1702 4273 Oaptare
1756 4189 1933 4255 enim
1977 4191 2195 4272 ipsum
2238 4190 2374 4254 sin-

404 4276 583 4362 gula
625 4274 1151 4341 adversariorum
1196 4273 1422 4353 verba,
1468 4295 1783 4358 quaerere
1827 4296 2087 4357 semper
2129 4274 2375 4357 aliquid

403 4360 597 4446 quod
651 4359 1025 4427 cavilletur:
1094 4369 1170 4425 ut
1235 4361 1304 4425 in
1366 4361 1738 4440 nonnuIIiS,
1809 4362 1934 4428 nisi
2000 4359 2376 4444 disputandi

397 4467 567 4514 mos
611 4450 987 4523 excusaret,
1045 4444 1396 4511 candorem
1440 4446 1582 4512 eius
1625 4445 1983 4512 desideres:
2029 4446 2123 4510 ita
2163 4446 2376 4511 multa

399 4535 490 4599 in
557 4529 1038 4599 conflictatione
1101 4531 1436 4597 effundere
1451 4583 1468 4608 ,
1535 4529 1618 4597 ad
1673 4531 2164 4615 illaqueandum
2219 4553 2373 4614 cap·

401 4619 718 4685 tionibus
774 4617 1055 4696 hostem,
1113 4617 1386 4701 indigna
1436 4617 1678 4699 alioqui
1726 4639 1892 4701 quae
1944 4617 2113 4684 serio
2172 4618 2253 4683 ab
2297 4638 2374 4682 eo

401 4706 819 4771 dicerentur.
911 4702 988 4770 Si
1057 4713 1193 4768 tam
1247 4711 1624 4769 constanter
1678 4704 1820 4769 eius
1874 4714 2092 4788 partes
2147 4711 2375 4769 tuetur

397 4795 479 4858 A
661 4790 863 4866 tinus,
908 4810 1218 4871 quorsum
1264 4788 1426 4854 adeo
1460 4787 1603 4854 eius
1645 4790 1841 4854 fidem
1875 4798 2231 4854 extenuare
2273 4803 2372 4852 at-

391 4878 561 4943 tine
648 4873 719 4940 t?
807 4875 901 4939 Et
941 4876 1100 4957 quia
1141 4874 1326 4939 ulcus
1368 4895 1505 4939 non
1557 4876 1818 4957 penitus
1860 4873 2113 4959 aperire
2155 4872 2371 4953 audet,

393 4962 589 5028 duos
644 4966 908 5024 tantum
962 4960 1166 5038 locos,
1225 4959 1462 5043 quibus
1509 4981 1581 5026 80
1635 4961 1857 5026 minus
1911 4961 2119 5043 premi
2163 4965 2371 5041 putat,

391 5051 484 5114 in
539 5046 874 5130 specimen
917 5044 1198 5112 adducit.
1286 5045 1396 5110 Ad
1438 5045 1634 5123 illud,
1680 5046 1912 5129 inquit,
1957 5045 2214 5130 Pelagii
2258 5045 2373 5108 ob-

391 5136 671 5202 iectum
689 5183 704 5211 ,
761 5131 1012 5214 privari
1058 5132 1419 5198 voluntatis
1463 5132 1761 5211 arbitrio,
1817 5131 2133 5216 quidquid
2175 5138 2372 5196 natu-

389 5218 554 5287 rali
585 5219 972 5283 necessitate
1001 5217 1504 5302 constringitur:
1547 5218 1903 5300 respondet
1934 5218 2370 5302 Augustinus,

1906 319 2036 385 DE
2080 318 2430 386 LIBERO
2472 319 2950 387 ARBI'PRIO.

4326 331 4455 396 302

2492 508 2861 573 necessario
2916 528 3036 574 nos
3098 509 3271 574 velle
3327 529 3471 576 esse
3514 511 3766 591 beatos,
3825 533 4040 596 neque
4084 514 4305 582 minus
4350 523 4452 583 ta-

2491 614 2647 657 men
2705 594 3060 660 voluntate.
3150 596 3481 678 Argutam
3539 619 3681 662 esse
3734 597 3907 664 hanc
3964 599 4457 680 cavillationem

2490 679 2754 744 iudicat.
2846 672 2984 745 Sed
3051 701 3180 762 quo
3252 682 3685 765 argumento?
3777 681 3954 763 Quia
4019 685 4179 751 alibi
4238 686 4455 754 multa

2492 763 2573 829 de
2611 765 2813 830 libero
2858 765 3130 829 arbitrio
3175 765 3417 832 dixerit
3455 769 3891 852 Augustinus.
3983 768 4122 836 Sed
4163 791 4251 836 an
4292 772 4450 841 inde

2491 850 2929 931 consequitur,
2976 851 3145 915 nihil
3180 874 3322 917 0880
3369 853 3810 919 voluntarium
3852 854 4070 934 simul,
4115 865 4182 922 et
4222 879 4452 925 neces-

2492 934 2783 1000 sarium?
2874 933 2987 1003 Sic
3062 939 3482 1020 Augustinus
3554 938 3844 1004 dixerat:
3913 941 4171 1027 Nempe
4246 965 4454 1027 quum

2490 1020 2948 1086 necessitatem
3005 1042 3151 1086 cum
3211 1024 3546 1090 coactione
3604 1023 4054 1093 confunderet.
4142 1028 4274 1095 Hic
4332 1051 4450 1096 au-

2490 1111 2624 1169 tem
2666 1105 3072 1190 distinguere
3117 1108 3391 1174 alteram
3416 1110 3517 1176 ‚ab
3562 1110 3770 1176 altera
3807 1111 4029 1195 palam
4073 1120 4190 1179 est.
4259 1115 4456 1182 Alter

2488 1190 2668 1257 locus
2712 1202 2841 1271 est,
2898 1193 3070 1275 quod
3125 1194 3209 1258 ad
3266 1195 3437 1261 hanc
3481 1196 3739 1280 Pelagii
3784 1196 4212 1264 obiectionem
4255 1200 4451 1266 refel-

2488 1275 2780 1342 lendam:
2826 1276 3003 1358 Quia
3058 1299 3191 1343 non
3243 1300 3517 1364 peccare
3559 1289 3882 1348 nostrum.
3908 1292 4037 1362 est,
4093 1305 4284 1370 posse
4326 1308 4450 1354 nos

2488 1371 2556 1427 et
2597 1383 2865 1444 peccare
2921 1377 2989 1428 et
3031 1387 3163 1429 non
3213 1385 3512 1448 peccare,
3571 1369 4102 1450 consequentiam
4161 1371 4448 1438 similem

2485 1457 2792 1530 opponat,
2838 1450 2909 1512 in
2954 1470 3083 1532 qua
3125 1451 3212 1515 sit
3253 1451 3680 1516 manifestum
3725 1454 3986 1520 vitium.
4051 1453 4227 1537 Quia
4267 1457 4446 1523 nolle

2485 1533 2938 1600 infelicitatem
2957 1586 2971 1606 ,
3030 1547 3329 1600 nostrum
3384 1546 3511 1616 est,
3570 1558 3763 1620 posse
3816 1561 3936 1605 nos
3997 1550 4065 1605 et
4117 1541 4317 1621 velle,
4378 1551 4448 1609 et

2486 1619 2679 1683 nolle.
2747 1620 2830 1684 In
2875 1620 2999 1684 hoc
3029 1627 3253 1686 tamen
3287 1622 3428 1688 loco
3470 1621 3735 1688 demum
3765 1624 3933 1689 nihil
3975 1626 4237 1691 invenit
4270 1629 4447 1711 quod

2486 1705 2947 1786 reprehendat,
2978 1707 3105 1770 nisi
3150 1706 3322 1789 quod
3365 1708 3438 1773 in
3463 1710 3759 1793 papistas
3782 1711 3840 1774 si
3880 1719 4268 1794 torqueatur
4318 1713 4444 1782 1100

2486 1797 2956 1873 argumentum
3011 1792 3231 1857 valere
3283 1804 3500 1878 negat.
3602 1795 3708 1860 De
3760 1795 3886 1862 hac
3938 1817 4013 1862 re
4067 1805 4293 1880 postea
4344 1800 4446 1865 vi-

2486 1873 2793 1940 derimus.
2865 1874 3000 1940 Sed
3045 1897 3133 1942 an
3176 1877 3324 1944 ideo
3362 1881 3834 1964 Augustinum,
3879 1881 4048 1946 nihil
4093 1883 4224 1947 tale
4268 1902 4444 1949 com-

2485 1961 2814 2038 meritum,
2861 1973 2997 2026 tam
3032 1962 3203 2028 male
3236 1968 3383 2043 [pag.
3424 1971 3534 2045 97]
3568 1975 3636 2032 et
3677 1966 4132 2034 inhumaniter
4173 1970 4447 2036 tractari

2483 2045 2814 2128 oportuit?
2905 2046 3259 2113 Concludit
3300 2049 3588 2130 tandem,
3635 2072 3863 2118 veram
3906 2061 3973 2118 et
4014 2055 4257 2120 seriam
4302 2055 4447 2121 eius

2485 2132 2880 2196 sententiam
2923 2152 3005 2196 ex
3049 2133 3185 2198 illis
3272 2156 3390 2199 uos
3434 2137 3662 2202 citavit
3700 2135 3888 2203 libris
3927 2146 3996 2202 et
4038 2139 4183 2206 aliis
4227 2142 4445 2223 requi-

2483 2215 2777 2283 rendam.
2869 2217 3009 2283 Our
3052 2218 3230 2283 istud
3353 2219 3529 2301 Quia
3572 2222 4039 2305 disputationis
4085 2225 4298 2289 calore
4339 2226 4445 2290 in-

2482 2302 2747 2367 terdum
2790 2303 2969 2368 ultra
3022 2315 3232 2370 metas
3286 2307 3625 2390 abripitur.
3718 2305 3942 2387 Quid?
4031 2310 4144 2373 An
4184 2331 4319 2374 non
4362 2310 4444 2374 li-

2481 2388 2603 2466 bri,
2650 2410 2809 2471 quos
2853 2390 3171 2456 hactenus
3216 2392 3443 2457 citavit
3473 2393 3774 2477 Pighius,
3821 2414 4049 2459 omnes
4092 2395 4293 2460 simili
4335 2417 4443 2462 ra-

2481 2474 2661 2539 tione
2719 2476 3002 2557 suspecti
3051 2477 3290 2541 erunt?
3381 2477 3560 2559 Quid
3597 2479 3793 2563 ‘enim
3836 2476 4016 2543 aliud
4058 2501 4258 2562 quam
4301 2500 4444 2547 cer-

2482 2562 2734 2626 tamina
2776 2561 3124 2626 continent
3167 2562 3486 2629 adversus
3518 2563 3986 2630 Manichaeos?
4044 2566 4165 2630 -En
4205 2565 4440 2651 Pighi-

2483 2667 2685 2711 anum
2743 2667 3048 2726 acumen,
3119 2648 3293 2731 quod
3365 2651 3588 2731 pueris
3654 2649 4084 2715 deridendum
4144 2652 4439 2734 propino.

2480 2733 2899 2816 Augustinus
2942 2733 3201 2799 iuvenis
3245 2733 3480 2813 adhue,
3525 2736 3599 2799 in
3643 2735 3858 2801 medio
3883 2735 4120 2801 aetatis
4163 2736 4441 2818 fervore,

2480 2816 2717 2901 plenus
2760 2818 3168 2901 eloquentiae
3212 2841 3371 2886 suae
3413 2818 3686 2900 fiducia,
3732 2841 3963 2887 reeens
4006 2842 4046 2885 a
4087 2820 4241 2887 ludo
4286 2822 4441 2889 rhe-

2485 2904 2718 2983 101100,
2777 2903 2861 2969 ad
2905 2906 3354 2971 contentiones
3407 2927 3605 2988 quam
3661 2905 3747 2971 ad
3803 2907 4204 2992 gravitatem
4258 2929 4445 2973 exer-

2480 2989 2766 3068 citatior,
2825 2991 3116 3074 profanis
3174 2991 3487 3058 doctrinis
3534 2993 3800 3076 penitus
3852 2993 4177 3072 imbutus,
4236 2995 4445 3077 scrip*

2479 3082 2671 3141 turae
2712 3097 2936 3141 sacrae
2977 3076 3254 3142 scientia
3294 3076 3712 3143 mediocriter
3758 3078 4034 3156 tinctus,
4090 3077 4319 3146 multis
4360 3079 4441 3143 li-

2480 3161 2618 3227 bris
2674 3161 3215 3227 Manichaeorum
3272 3177 3521 3229 sectam
3577 3163 4024 3247 impugnavit,
4082 3163 4154 3227 in
4207 3163 4443 3246 quibus

2481 3267 2721 3312 nervos
2773 3247 3027 3330 ingenii
3079 3248 3186 3312 sui
3242 3269 3472 3313 omnes
3515 3246 3599 3312 ad
3644 3246 4032 3313 certandum
4078 3248 4439 3315 contendit.

2481 3330 2824 3415 Quidquid
2862 3331 2999 3397 illic
3051 3332 3295 3416 legitur
3346 3352 3468 3415 pro
3513 3332 3776 3399 oraculo
3819 3332 4049 3402 haberi
4098 3332 4284 3398 iubet
4322 3334 4440 3398 Pi-

2481 3418 2699 3502 ghius.
2790 3415 3074 3499 Scripsit
3115 3416 3292 3482 idem
3346 3418 3761 3501 Augustinus
3814 3419 3948 3482 iam
4004 3438 4236 3496 senex,
4303 3419 4440 3483 iam

2480 3504 2677 3588 longe
2711 3513 2779 3568 et
2822 3502 3072 3568 doctior
3114 3510 3181 3567 et
3215 3504 3628 3582 moderatior,
3675 3513 3743 3568 01
3784 3504 3879 3567 ita
3911 3502 4175 3586 scripsit
4213 3511 4289 3569 ut
4332 3524 4437 3568 so-

2481 3585 2733 3655 liditati
2766 3590 2982 3673 magis
3012 3609 3212 3671 quam
3240 3589 3536 3673 argutiae
3565 3589 3844 3654 studeat.
3890 3589 3955 3653 N
3957 3610 4041 3653 on
4068 3597 4171 3653 est
4194 3598 4435 3669 tutum,

2477 3675 2693 3758 inquit
2723 3675 3021 3759 Pighius,
3068 3675 3223 3740 hinc
3261 3673 3342 3739 de
3384 3675 3524 3740 eius
3557 3675 3884 3741 sententia
3915 3674 4233 3740 iudicare:
4283 3674 4439 3758 quia

2479 3762 2693 3828 calore
2737 3761 3047 3826 incitatus
3089 3761 3215 3826 sibi
3258 3782 3390 3826 non
3440 3761 3601 3825 bene
3645 3769 3984 3842 temperet.

2652 3846 2851 3911 Nunc
2919 3845 3292 3924 audiamus,
3360 3844 3519 3928 quid
3583 3867 3666 3910 ex
3721 3845 4103 3929 Augustino
4160 3845 4241 3909 ad
4296 3867 4434 3923 nos,

2481 3932 2653 3998 sicut
2692 3932 3062 4015 proposuit,
3110 3930 3584 4015 expugnandos
3630 3931 3879 3995 afferat.
3969 3931 4175 3997 Libro
4220 3930 4435 4011 primo

2480 4026 2712 4084 eontra
2745 4017 2909 4082 duas
2956 4017 3290 4100 Epistolas
3324 4016 3830 4101 Pelagianorum
3878 4016 3970 4080 sic
4001 4015 4229 4080 habet:
4266 4013 4435 4094 Quis

2483 4117 2782 4168 nostrum
2830 4101 3032 4180 dicat,
3079 4102 3249 4185 quod
3294 4103 3493 4185 primi
3537 4103 3824 4167 hominis
3867 4108 4131 4184 peccato
4165 4101 4437 4184 perierit

2479 4189 2759 4253 liberum
2827 4189 3171 4254 arbitrium
3239 4188 3320 4253 de
3386 4188 3674 4252 humano
3744 4185 4028 4271 genere?
4128 4186 4435 4252 Libertas

2524 4274 2743 4339 uidem
2789 4274 2984 4356 periit
3016 4296 3133 4357 per
3175 4282 3540 4358 peccatum:
3589 4272 3704 4337 scd
3748 4272 3881 4351 illa,
3923 4293 4088 4354 quae
4131 4271 4201 4335 in
4242 4292 4433 4353 para-

2479 4296 2622 4425 diso
2666 4361 2820 4437 fuit,
2880 4359 3166 4426 habendi
3209 4361 3473 4442 plenam
3526 4379 3674 4423 cum
3710 4357 4200 4422 immortalitate
4246 4355 4433 4421 iusti-

2480 4448 2658 4510 tiam.
2750 4445 2852 4510 Ne
2908 4468 3104 4528 quem
3160 4446 3322 4510 haec
3376 4445 3580 4509 verba
3622 4441 4011 4526 impediant,
4073 4443 4281 4507 obiter
4320 4441 4432 4507 ob-

2479 4531 2880 4599 servandum
2921 4544 3038 4608 est,
3084 4552 3212 4613 quo
3256 4551 3453 4595 sensu
3499 4529 3847 4594 arbitrium
3878 4548 4108 4594 vocare
4153 4528 4433 4593 liberum

2479 4618 2701 4682 soleat.
2788 4617 2938 4682 Non
2994 4616 3403 4681 dissimulavi
3461 4616 3531 4679 in
3584 4615 4041 4692 Institutione,
4094 4633 4434 4679 recurrere

2479 4701 2839 4767 identidem
2894 4723 3132 4766 nomen
3172 4702 3292 4766 hoc
3335 4702 3407 4765 in
3452 4702 3593 4765 eius
3635 4701 3764 4766 scri
3813 4701 3923 4766 tis:
3980 4698 4093 4766 sed
4139 4698 4433 4765 conside-

2480 4788 2766 4853 randum
2825 4786 3167 4864 admonui,
3240 4808 3437 4868 quam
3492 4788 3629 4852 vim
3686 4786 3773 4850 ha
3855 4799 3975 4852 ret.
4064 4784 4145 4850 Id
4209 4799 4434 4848 autem

2481 4871 2822 4939 evidenter
2894 4892 2975 4936 ex
3045 4871 3275 4937 multis
3329 4872 3488 4937 locis
3557 4891 3750 4954 posse
3806 4872 4080 4955 percipi:
4153 4889 4433 4952 quorum

2479 4957 2833 5024 nonnullos
2877 4979 3092 5040 nuper
3138 4957 3348 5026 retuli.
3438 4957 3817 5023 Plurimum
3862 4979 4065 5040 quum
4109 4957 4178 5020 in
4236 4954 4430 5020 rebus

2477 5045 2643 5120 aliis,
2689 5051 2834 5108 tum
2876 5044 2949 5107 in
2993 5043 3297 5125 loquendi
3343 5045 3595 5109 rationo
3628 5043 3828 5125 pollet
3858 5063 4008 5108 rece
4053 5051 4123 5106 ta
4160 5062 4432 5107 consue·

2477 5129 2653 5196 tudo.
2742 5131 2936 5195 Hane
2988 5129 3163 5194 enim
3208 5151 3437 5212 penes,
3495 5137 3574 5194 ut
3615 5128 3729 5193 ille
3766 5130 3886 5208 ait,
3942 5148 4016 5192 ar
4062 5127 4289 5191 itrium
4333 5134 4435 5192 est

2478 5225 2547 5282 et
2579 5217 2711 5293 vis,
2748 5225 2817 5281 et
2858 5236 3092 5281 norma
3121 5215 3446 5298 loquendi.
3526 5220 3676 5294 [pag.
3718 5220 3826 5294 98]
3864 5212 4258 5279 Obtinuerat
4297 5212 4431 5274 iam
