4967 5992
614 315 740 381 387
1920 302 2452 374 RESPONSIO
2497 302 2876 371 CONTRA
2917 301 3336 371 PIGHIUM
4501 308 4625 371 388

616 499 905 569 Sodoma
942 499 1158 564 iactae
1208 496 1487 563 fuissent
1538 496 1708 561 istae
1748 495 2028 560 virtutes
2045 545 2061 572 ,
2118 513 2283 576 quas
2326 491 2572 570 vidisti,

616 589 692 652 in
746 584 957 651 cilicio
1010 589 1077 648 et
1139 582 1357 648 cinere
1411 581 1903 680 poenitentiam
1955 580 2247 663 egissent
2299 576 2572 675 (Matth.

624 677 722 748 11,
770 673 871 733 21.
921 667 1053 750 23).
1142 666 1318 732 Nam
1374 688 1431 732 s1
1489 665 1813 742 absoluta,
1882 664 2129 748 inquit,
2198 663 2576 745 efficaclque

617 755 963 823 voluntate
1012 751 1226 818 noluit
1267 751 1426 818 dare
1467 749 1657 817 Deus
1710 750 2182 834 poenitentiam
2225 747 2571 826 Sodomae,

617 842 799 925 'Pyro
842 844 911 904 et
952 836 1214 917 Sidoni,
1272 857 1360 901 an
1399 836 1676 902 daturus
1733 844 1906 913 erat,
1961 837 2015 901 si
2072 834 2210 899 illic
2262 831 2578 900 edidisset

619 947 743 991 sua
782 922 1146 990 miracula?
1234 922 1328 987 Et
1369 944 1489 988 0111·
1522 922 1741 1006 potius
1782 919 1866 986 ob
1906 920 2223 986 miracula
2254 918 2389 984 illis
2422 939 2575 1001 gra-

619 1013 781 1076 tiam
826 1006 1249 1092 resipiscendi
1293 1006 1607 1085 dedisset,
1665 1028 1865 1089 quam
1917 1006 2167 1072 civitati
2214 1025 2403 1083 suae,
2462 1003 2576 1068 ubi

620 1095 851 1161 eadem
908 1092 1227 1159 miracula
1288 1090 1718 1176 designabat?
1808 1089 2232 1173 Respondeo,
2302 1089 2578 1153 minime

620 1184 692 1247 in
734 1180 840 1246 his
880 1178 1104 1245 verbis
1147 1176 1487 1244 Christum
1533 1178 1885 1260 respicere,
1941 1175 2049 1242 vel
2094 1174 2272 1239 unde
2312 1181 2579 1239 emanet

796 1264 1053 1341 ’1011110,
1109 1262 1217 1330 vel
1264 1284 1383 1328 cur
1427 1261 1534 1327 his
1577 1262 1822 1345 potius,
1875 1281 2071 1344 quam
2115 1258 2276 1336 illis,
2338 1278 2577 1324 arcano

619 1287 750 1416 gei
804 1348 1076 1416 consilio
1132 1345 1351 1413 detur:
1413 1345 1527 1412 scd
1585 1347 1971 1430 simpliciter
2023 1346 2106 1411 ab
2162 1344 2413 1409 effectis
2466 1365 2579 1408 su-

618 1454 800 1502 mere
844 1433 1017 1500 hanc
1062 1434 1636 1515 comparationem,
1683 1429 1854 1515 quod
1888 1430 2181 1514 reliquae
2224 1429 2376 1493 illae
2415 1448 2580 1511 quas

618 1519 1036 1598 nominabat,
1091 1519 1319 1597 urbes,
1374 1518 1611 1600 quibus
1654 1516 1955 1582 doctrina
1994 1524 2063 1581 et
2101 1513 2422 1581 miracula
2465 1513 2579 1578 de-

618 1605 931 1682 fuissent,
985 1603 1135 1687 plus
1190 1601 1537 1668 habiturae
1591 1609 1812 1669 essent
1861 1600 2302 1666 excusationis
2355 1617 2579 1665 coram

617 1691 794 1769 Deo,
853 1709 1054 1771 quam
1109 1686 1561 1771 Capernaum,
1619 1685 1791 1769 quod
1845 1685 2201 1753 deliberata
2262 1684 2576 1768 nequitia,

622 1785 689 1840 et
740 1775 947 1856 impia
998 1778 1145 1852 [pag.
1185 1787 1219 1836 2
1232 1786 1258 1837 1
1271 1778 1337 1852 6]
1388 1772 1835 1855 scelerataque
1886 1771 2241 1837 rebellione
2295 1769 2577 1836 obdura-

622 1869 787 1937 tum,
832 1867 931 1923 tot
972 1880 1048 1923 ac
1090 1868 1229 1923 tam
1263 1856 1616 1941 praeclaris
1654 1867 1722 1922 et
1763 1856 2101 1923 doctrinae
2136 1865 2205 1920 et
2236 1855 2579 1939 signorum

624 1942 1093 2009 monitionibus
1148 1943 1316 2007 nihil
1364 1944 1755 2008 flecteretur.
1838 1939 2046 2022 Quasi
2092 1941 2365 2006 diceret:
2427 1940 2577 2004 001-

622 2028 760 2093 lam
801 2027 1120 2094 hactenus
1160 2028 1364 2094 fuisse
1405 2035 1672 2111 gentem
1713 2034 1853 2092 tam
1887 2026 2091 2092 durae
2133 2033 2253 2091 aut
2291 2024 2578 2090 indomi-

623 2122 732 2179 tae
774 2114 1077 2190 cervicis,
1136 2120 1271 2177 tam
1338 2114 1535 2178 ferrei
1587 2112 1799 2178 cordis
1854 2123 1973 2178 aut
2013 2111 2320 2176 obstinati
2336 2161 2352 2186 ,
2407 2129 2578 2192 quae

623 2218 759 2264 non
815 2209 1332 2264 commoveretur
1387 2199 1592 2281 signis
1644 2197 1809 2276 illis,
1863 2219 2031 2280 qnae
2086 2194 2261 2280 apud
2326 2194 2577 2278 Caper-

624 2284 841 2348 naitas
909 2282 1315 2365 contemptui
1379 2282 1792 2366 ludibrioque
1851 2282 2278 2348 habebantur.
2380 2279 2577 2361 Quod

622 2369 680 2433 si
738 2368 1246 2433 affirmationem
1297 2367 1481 2434 illam
1534 2369 1933 2452 pertinacius
1980 2374 2217 2452 urgeat
2270 2366 2574 2449 Pighius,

619 2453 757 2519 iam
797 2454 1055 2536 pridem
1107 2454 1400 2537 egissent
1570 2454 1946 2519 nitentiam:
2009 2452 2403 2536 respondeat
2443 2453 2578 2517 iam

620 2538 819 2618 mihi,
865 2560 1140 2604 curnam
1192 2538 1391 2604 urbes
1441 2539 1453 2552 '
1512 2560 1586 2603 as
1629 2560 1765 2603 non
1809 2537 2119 2622 dignatus
2177 2538 2380 2603 fuerit
2433 2537 2576 2603 ido-

620 2624 765 2690 neis
816 2623 1026 2689 modis
1078 2623 1331 2688 hortari
1386 2623 1471 2688 ad
1526 2624 1996 2706 poenitentiam
2012 2673 2028 2701 ,
2101 2644 2265 2707 quas
2330 2624 2579 2690 sciebat

622 2729 782 2773 suae
836 2707 1282 2774 exhortationi
1330 2729 1467 2773 non
1524 2707 1907 2773 defuturas?
2009 2707 2086 2774 Si
2141 2707 2300 2791 quid
2353 2710 2575 2789 sentit,

623 2794 896 2870 sentire,
953 2793 1211 2875 opinor,
1267 2791 1459 2858 debet
1476 2844 1491 2868 ,
1550 2795 1686 2858 suis
1739 2793 1949 2876 ipsius
2005 2793 2183 2860 tricis
2233 2795 2446 2858 teneri
2505 2815 2576 2860 se

622 2898 801 2943 nunc
843 2877 1260 2959 implicitum.
1352 2875 1489 2943 Sed
1544 2877 1809 2943 valeant
1860 2879 2123 2961 ineptae
2175 2878 2330 2944 illae
2374 2879 2576 2944 cavil-

622 2962 933 3027 lationes:
992 2983 1197 3044 quum
1239 2962 1578 3028 evidenter
1608 2970 1866 3028 constet
1896 2984 2030 3028 non
2065 2962 2248 3029 aliud
2289 2963 2579 3031 voluisse

626 3045 970 3113 Christum
1013 3046 1130 3112 tali
1169 3047 1478 3130 loquendi
1519 3069 1790 3132 genere,
1850 3070 2052 3131 quam
2090 3049 2146 3115 si
2232 3049 2339 3114 uis
2382 3049 2577 3115 hodie

624 3132 718 3198 sic
759 3131 1090 3215 loquatur:
1134 3133 1465 3199 neminem
1510 3154 1653 3200 esse
1686 3135 1972 3200 'furcam
2016 3144 2152 3199 tam
2238 3155 2435 3200 urum
2471 3157 2577 3200 re-

623 3216 991 3299 bellemque
1034 3219 1196 3296 Deo,
1242 3229 1359 3283 aut
1400 3227 1535 3284 tam
1578 3240 1619 3284 a
1652 3220 1899 3302 pietate
1933 3241 2256 3297 aversum,
2293 3221 2407 3302 qui
2442 3242 2578 3286 non

623 3304 757 3367 iam
801 3301 955 3367 olim
997 3303 1246 3370 fractus
1287 3304 1533 3382 fuisset,
1578 3304 1636 3370 si
1678 3325 1757 3370 00
1798 3304 2082 3389 legisset,
2128 3305 2439 3385 audisset,
2476 3307 2578 3373 vi-

625 3385 848 3466 disset,
894 3387 1133 3470 quibus
1174 3398 1398 3454 tamen
1440 3410 1572 3454 non
1615 3390 1830 3472 potuit
1872 3391 2110 3475 corrigi
2152 3390 2453 3475 Pighius.

795 3473 960 3538 Post
1011 3472 1174 3538 haec
1188 3525 1203 3552 ,
1272 3483 1349 3538 ut
1411 3482 1676 3541 nostrae
1730 3475 2062 3542 facultatis
2120 3497 2262 3541 esse
2326 3477 2576 3559 probet,

624 3565 762 3621 tam
817 3577 1208 3642 praeparare
1260 3558 1457 3625 corda
1510 3568 1736 3627 nostra
1776 3560 1923 3627 Dec
1977 3583 2175 3645 quam
2228 3562 2290 3626 ei
2334 3562 2419 3627 ad
2462 3563 2577 3628 bo-

623 3662 788 3706 num
844 3664 963 3707 nos
1015 3646 1400 3726 provocanti
1458 3646 1896 3728 acquiescere,
1951 3646 2222 3732 longum
2266 3668 2352 3712 ex
2403 3649 2576 3712 inte-

622 3747 744 3875 510
810 3738 1305 3811 praeceptorum
1367 3730 1736 3814 catalogum
1793 3732 2049 3796 retexit.
2151 3731 2340 3799 Nihil
2397 3740 2577 3799 certe

668 3812 895 3877 ubium
942 3821 1072 3892 est,
1126 3817 1375 3880 centies
1431 3835 1554 3880 nos
1606 3815 1816 3882 victos
1871 3836 2041 3895 0000,
2099 3818 2155 3882 si
2194 3817 2325 3882 Dei
2383 3839 2575 3902 prae-

619 3898 826 3981 ceptis
877 3899 1058 3964 vires
1112 3900 1455 3964 hominum
1498 3901 1718 3966 metiri
1770 3901 1986 3967 libeat.
2071 3903 2168 3968 At
2207 3902 2414 3982 istud,
2471 3905 2575 3968 in·

619 3983 794 4066 quit,
854 3981 1135 4048 delirare
1192 3991 1319 4062 est,
1377 3985 1462 4050 ad
1517 4005 1596 4050 ea
1645 3985 1897 4052 hortari
1954 3986 2284 4067 homines,
2339 3989 2574 4071 quibus

619 4066 1036 4150 praestandis
1087 4089 1283 4152 pares
1337 4092 1469 4134 non
1523 4072 1674 4137 sint.
1751 4072 2009 4137 Verum
2052 4071 2135 4137 ab
2174 4072 2301 4141 hac
2342 4083 2574 4140 contu-

615 4154 814 4219 melia
868 4174 940 4219 se
995 4163 1221 4220 tuetur
1272 4154 1487 4235 Deus,
1546 4157 1665 4237 qui
1716 4157 2031 4238 optimam
2088 4159 2211 4225 sibi
2270 4181 2415 4225 esse
2469 4160 2572 4225 iu-

616 4238 815 4304 bendi
850 4260 1117 4304 causam
1154 4239 1459 4320 declarat,
1501 4241 1700 4306 etiam
1736 4243 1794 4306 si
1828 4263 2030 4325 penes
2066 4243 2399 4310 hominem
2432 4266 2571 4310 non

616 4324 704 4388 sit
771 4324 1093 4406 implendi
1156 4326 1453 4392 facultas.
1533 4324 1931 4410 Quanquam
1986 4349 2222 4411 operae
2286 4331 2571 4413 pretium

616 4423 748 4486 est,
792 4429 876 4472 ex
919 4410 1029 4486 iis,
1075 4432 1245 4493 quae
1289 4409 1587 4490 adducit,
1642 4411 1968 4496 quaedam
2023 4414 2414 4480 nominatim
2464 4435 2570 4480 re-

612 4491 785 4556 ferre
828 4501 896 4558 et
935 4495 1323 4577 expendere.
1423 4496 1623 4581 Apud
1665 4499 2043 4578 Ieremiam,
2086 4498 2158 4563 in
2206 4501 2335 4580 uit,
2380 4499 2570 4566 dcce-

618 4597 795 4655 mur,
837 4579 1122 4660 qualiter
1162 4601 1234 4646 se
1277 4584 1629 4650 efficaciter
1680 4605 2074 4667 praeparare
2117 4606 2153 4649 a
2244 4585 2375 4651 Dei
2417 4608 2569 4670 gra-

614 4661 777 4726 tiam
838 4661 1140 4731 homines
1198 4669 1482 4749 possint,
1540 4668 1699 4733 dum
1764 4670 1858 4735 sic
1925 4670 2110 4736 dicit:
2178 4668 2569 4738 Scrutemur

612 4747 755 4812 vias
800 4754 1061 4814 nostras
1116 4759 1184 4815 et
1232 4762 1652 4819 revertamur
1692 4753 1776 4820 ad
1817 4754 2214 4837 Dominum3
2271 4757 2567 4823 levemus

608 4830 807 4899 corda
849 4843 1075 4898 nostra
1117 4856 1266 4901 cum
1309 4840 1613 4905 manibus
1645 4839 1716 4904 in
1751 4841 2024 4920 coelum,
2063 4842 2381 4909 dicentes:
2425 4842 2566 4909 Nos

608 4918 812 4999 impie
857 4919 1131 5000 egimus,
1177 4927 1298 4987 etc.
1344 4923 1681 5007 (Lament.
1721 4929 1779 5004 3,
1816 4926 1949 5010 40).
2041 4926 2306 5007 Odisse,
2350 4929 2566 5011 inquit

606 5001 891 5086 Pighius
907 5054 922 5079 ‚
985 5025 1061 5071 00
1117 5005 1432 5071 detestari
1485 5020 1780 5075 veterem
1846 5012 2082 5092 vitam,
2151 5015 2564 5097 contritoque

606 5088 800 5155 corde
857 5089 941 5154 ad
986 5090 1349 5156 Dominum
1393 5097 1544 5172 [pag.
1581 5099 1733 5174 216]
1786 5097 2168 5181 confugere,
2225 5099 2561 5181 poenitere

602 5193 688 5239 ex
744 5174 937 5241 corde
950 5227 971 5259 ,
1029 5183 1095 5242 01
1138 5197 1301 5243 vera
1343 5177 1474 5243 fide
1514 5189 1741 5261 petere
1790 5181 2339 5262 misericordiam,
2395 5184 2560 5252 haec

2677 497 2780 555 est
2830 489 3261 573 praeparatio.
3347 490 3653 558 Elevatic
3705 503 3929 557 autem
3981 491 4277 558 cordium
4332 503 4437 558 est
4478 514 4628 558 ecn-

2679 574 2915 642 versic.
2985 577 3377 658 Agnoscunt
3416 575 3524 642 hic
3565 576 3672 642 vel
3704 574 4050 643 mediocris
4089 576 4316 643 iudicii
4359 577 4625 644 lectores

2677 660 2938 726 solitam
2981 659 3209 743 Pighii
3269 659 3707 741 dialecticam,
3752 662 3940 726 cuius
3980 661 4196 745 prima
4238 662 4472 747 regula
4513 672 4625 742 est,

2678 766 2887 810 unum
2932 765 3191 827 semper
3243 746 3314 810 in
3367 746 3563 829 plura
3604 744 4002 896 discer‘ferffi
4056 767 4228 830 quae
4268 757 4492 813 autem
4535 746 4629 812 di-

2677 851 2873 896 versa
2916 837 3099 909 sunt,
3164 832 3237 895 in
3294 852 3505 896 unum
3558 832 3802 898 000ὼο
3849 853 3976 898 ere.
4064 833 4328 899 Levare
4370 834 4442 898 in
4487 854 4630 900 coe-

2676 915 2817 980 lum
2860 915 3060 980 corda
3103 924 3170 979 et
3223 937 3463 982 manus
3502 914 3664 1000 quid
3716 917 4069 1001 significet,
4114 917 4266 1000 plus
4308 920 4473 984 satis
4516 940 4628 984 00-

2678 1009 2821 1065 tum
2865 1011 2996 1065 est:
3043 1021 3197 1065 nem
3284 1052 3301 1080 ,
3347 1003 3657 1084 expansis
3697 1002 3772 1067 in
3816 1003 4067 1069 coelum
4112 1004 4422 1070 manibus
4465 1006 4630 1070 serio

2678 1083 2891 1151 cordis
2934 1085 3173 1152 affectu
3214 1108 3525 1154 mvooare
3569 1088 3805 1153 Deum.
3893 1087 4173 1172 Pighius
4217 1097 4441 1154 autem
4475 1110 4631 1173 pue-

2681 1170 2802 1235 rile
2856 1179 3298 1237 commentum
3349 1173 3740 1252 fabricatur,
3796 1173 3971 1256 quod
4025 1173 4248 1239 levare
4292 1172 4498 1241 corda
4545 1176 4631 1240 sit

2681 1256 2957 1322 affectus
2998 1265 3260 1322 nostros
3302 1279 3343 1322 a
3371 1258 3668 1324 terrenis
3700 1268 3771 1323 et
3802 1258 4066 1324 caducis
4099 1256 4295 1324 rebus
4335 1258 4630 1339 liberare,

2681 1363 2834 1407 cum
2866 1342 3194 1420 manibus,
3239 1343 3307 1407 id
3348 1350 3467 1421 est,
3510 1344 3816 1427 operibus
3856 1345 4118 1410 nostris.
4203 1346 4429 1428 Atque
4469 1345 4631 1413 10100

2682 1433 2841 1492 01101
2893 1427 3496 1509 interpretationes,
3546 1429 3824 1508 scilicet,
3869 1429 4109 1513 quibus
4147 1450 4286 1495 non
4326 1451 4518 1497 secus
4559 1451 4630 1497 ac

2684 1510 3003 1595 delphicis
3055 1514 3383 1595 responsis
3436 1513 3635 1580 fidem
3689 1513 3915 1580 haberi
3971 1515 4154 1579 vult:
4209 1536 4415 1597 quum
4471 1516 4634 1581 nihil

2681 1597 2895 1679 magis
2949 1604 3065 1662 ant
3120 1598 3459 1679 frivolum,
3527 1607 3645 1665 aut
3705 1602 4132 1684 nugatorium
4185 1601 4348 1684 fingi
4413 1611 4622 1683 queat.

2683 1680 3017 1747 Continuo
3058 1692 3225 1766 post,
3270 1684 3504 1767 culpae
3547 1686 3954 1768 agnitionem
3995 1685 4361 1768 veniaeque
4405 1685 4631 1769 depre-

2682 1768 3040 1847 cationem,
3099 1789 3270 1851 quae
3314 1768 3446 1834 duc
3488 1770 3611 1835 sub
3661 1772 4165 1853 praeparatione
4206 1777 4359 1836 ante
4403 1791 4632 1854 posue-

2683 1865 2805 1930 rat,
2851 1851 2937 1917 ad
2981 1854 3497 1935 conversionem,
3542 1854 3669 1920 hoc
3711 1867 3840 1934 est,
3888 1855 4246 1921 secundum
4291 1858 4632 1939 poeniten-

2684 1938 2815 2002 tiae
2868 1939 3240 2004 membrum
3294 1941 3511 2005 refert.
3592 1940 3691 2007 Ut
3744 1949 3965 2006 tamen
4029 1941 4130 2006 illi
4185 1948 4322 2006 tam
4381 1963 4630 2008 crassos

2682 2035 2938 2088 errores
2980 2024 3334 2107 ignoscam,
3378 2045 3539 2110 rogo
3581 2025 3896 2110 quidnam
3929 2048 4002 2092 se
4035 2028 4393 2093 confecisse
4428 2036 4628 2110 putet.

2681 2108 2938 2187 Totam,
2983 2110 3226 2192 inquit,
3271 2111 3743 2193 poenitentiam
3785 2132 3929 2177 esse
3969 2112 4042 2177 in
4083 2111 4372 2177 hominis
4415 2124 4628 2195 potes-

2681 2201 2836 2258 tate.
2920 2194 3126 2277 Atqui
3183 2194 3349 2260 illud
3363 2246 3379 2274 ,
3438 2196 3614 2280 quod
3667 2198 3811 2280 ipse
3869 2218 4126 2281 quoque
4169 2197 4456 2282 Pighius
4508 2201 4628 2264 ini·

2681 2278 2879 2358 tium,
2934 2289 3002 2343 et
3044 2281 3229 2363 quasi
3279 2283 3567 2363 primum
3610 2284 3987 2367 ingressum
4041 2285 4225 2361 facit,
4285 2294 4362 2348 ut
4405 2304 4628 2366 0000ορ

2681 2371 2811 2442 tor,
2857 2364 3227 2447 iniquitatis
3273 2387 3429 2430 suae
3473 2369 3810 2451 agnitione
3851 2370 4187 2446 confusus,
4233 2370 4361 2435 sibi
4404 2369 4626 2454 displi-

2681 2459 2852 2526 ceat,
2908 2450 3085 2516 inter
3127 2450 3257 2516 alia
3299 2451 3428 2517 Dei
3473 2453 3790 2519 beneficia
3832 2455 4019 2537 ponit
4059 2452 4400 2534 Ezechiel,
4458 2455 4626 2539 apud

2678 2555 2877 2618 quem
2932 2535 3027 2602 sic
3083 2536 3268 2603 Deus
3320 2538 3643 2620 populum
3707 2560 3900 2604 suum
3956 2540 4339 2623 alloquitur:
4384 2540 4624 2622 ,Quum

2678 2629 2753 2684 tu
2795 2621 3241 2686 iuramentum
3275 2625 3762 2708 contempseris,
3809 2633 3886 2690 ut
3917 2625 4310 2692 dissolveres
4342 2635 4622 2708 pactum,

2680 2724 2801 2788 ego
2846 2715 3068 2771 tamen
3119 2707 3508 2774 recordabor
3556 2710 3836 2776 foederis
3877 2713 4009 2776 mei
4050 2712 4226 2794 quod
4271 2713 4494 2797 pepigi
4533 2723 4626 2778 te-

2679 2812 2860 2869 cum,
2917 2792 3371 2875 suscitaboque
3421 2794 3654 2861 foedus
3706 2804 4068 2862 aeternum.
4157 2797 4251 2862 Et
4286 2805 4448 2864 tunc
4489 2800 4624 2864 via-

2678 2896 2830 2940 rum
2865 2882 3130 2942 tuarum
3162 2878 3630 2960 recordaberis,
3666 2889 3742 2945 ut
3773 2882 4213 2948 confundaris.
4261 2881 4622 2962 suscitabo,

2678 2960 2966 3043 inquam,
3007 2973 3229 3029 tecum
3271 2973 3538 3046 pactum
3581 2987 3825 3045 meum,
3863 2976 3939 3031 ut
3971 2967 4338 3034 mcorderis
4377 2979 4447 3033 et
4477 2990 4626 3034 con-

2678 3045 2980 3112 fundaris
3035 3049 3181 3129 (Ez.
3229 3054 3325 3128 16,
3364 3050 3497 3134 59).
3600 3051 3884 3136 Pighius
3934 3052 4109 3119 hanc
4162 3073 4308 3118 esse
4353 3073 4621 3136 praepa-

2677 3132 2998 3198 rationem
3039 3134 3251 3218 fingit,
3294 3156 3425 3217 qua
3463 3135 3768 3202 homines
3809 3138 4030 3203 Deum
4071 3146 4501 3216 antevertant,
4542 3160 4620 3205 ac

2678 3219 2928 3299 priores
2971 3228 3319 3285 occurrant
3359 3221 3501 3287 eius
3543 3223 3813 3305 gratiae.
3880 3223 4209 3290 Dominus
4251 3232 4475 3290 autem
4504 3225 4623 3290 ho-

2677 3303 2893 3369 mines
2930 3311 3320 3387 praevenire
3363 3326 3437 3371 se
3471 3313 3767 3385 testatur,
3811 3316 3890 3373 ut
3929 3317 4199 3391 peccata
4233 3330 4355 3375 sua
4392 3331 4624 3395 agnos·

2679 3397 2848 3453 cant.
2926 3389 3033 3455 De
3086 3390 3294 3455 altera
3355 3400 3542 3476 parte
3597 3393 3733 3458 iam
3794 3394 3953 3467 alibi
4008 3396 4256 3460 dictum
4297 3403 4430 3460 est:
4499 3417 4622 3461 non

2676 3474 2889 3558 magis
2933 3495 3152 3575 penes·
3192 3476 3526 3542 hominem
3571 3500 3745 3558 0000,
3806 3481 4123 3548 innovare
4165 3502 4358 3547 suam
4404 3483 4622 3559 vitam,

2678 3582 3217 3727 gssffinffffi
3264 3571 3663 3731 ξῖξῗᾚῖωέ
3694 3573 4424 3735 ἕὲζΐᾲωωέεῗὶἳῖζ
4453 3568 4622 3718 113

2676 3731 2854 3796 niam
2910 3733 3346 3799 convincere?
3433 3733 3832 3814 Invocando,
3888 3737 4129 3821 inquit,
4190 3740 4624 3819 praeveniunt

2680 3816 2980 3882 homines
3033 3817 3163 3883 Dei
3227 3821 3527 3902 gratiam.
3620 3818 3813 3901 Quod
3865 3822 4044 3887 enim
4109 3844 4256 3888 eam
4323 3825 4624 3906 precibus

2677 3902 2984 3985 flagitant
2997 3953 3013 3981 ,
3069 3925 3154 3969 ex
3208 3926 3278 3970 se
3333 3905 3494 3989 ipsis
3549 3907 3818 3972 faciunt.
3909 3908 4003 3972 At
4057 3908 4313 3974 Paulus
4366 3916 4623 3974 contra:

2679 3986 3023 4068 Quomodo
3089 3989 3520 4070 invocabunt,
3601 3992 3672 4056 in
3739 4013 3936 4075 quem
4008 4014 4141 4059 000
4205 3993 4624 4059 crediderunt

2677 4074 2900 4158 (Rom.
2947 4079 3042 4152 10,
3087 4075 3236 4157 14)‘?
3314 4075 3574 4158 Quibus
3618 4089 3796 4143 certe
3838 4079 4055 4145 verbis
4096 4078 4230 4144 Dei
4266 4080 4623 4145 invocatio-

2674 4180 2829 4223 nem
2873 4179 2958 4224 ex
2999 4158 3160 4239 fide,
3216 4167 3532 4244 tanquam
3587 4163 3794 4231 filiam
3840 4184 3924 4229 ex
3975 4173 4217 4242 matre,
4274 4162 4622 4247 procedere

2673 4245 2977 4328 nascique
3021 4244 3445 4313 demonstrat.
3521 4248 3718 4315 Unde
3757 4259 3979 4314 autem
4021 4247 4228 4316 fides?
4259 4254 4276 4270 ²
4295 4252 4408 4316 An
4450 4249 4621 4315 hanc

2675 4351 2930 4413 quoque
2984 4332 3503 4415 praeparationis
3550 4355 3694 4399 esse
3753 4344 4010 4417 partem
4051 4333 4454 4419 nugabitur?
4528 4334 4625 4399 Et

2674 4436 2794 4481 cur
2830 4437 2964 4481 non
2999 4417 3261 4496 faceret,
3298 4439 3503 4501 quum
3524 4418 3605 4485 (10
3640 4440 3756 4502 spe
3795 4421 3891 4485 sic
3932 4440 4134 4487 ausus
4166 4421 4370 4486 fuerit
4405 4418 4626 4502 loqui?

2672 4521 2841 4584 quae
2883 4508 3107 4567 tamen
3148 4512 3217 4567 ct
3255 4503 3385 4568 fide
3438 4505 3761 4587 posterior
3815 4512 3945 4584 est,
3999 4513 4069 4571 et
4108 4527 4190 4570 ex
4244 4526 4325 4570 ea
4373 4525 4630 4588 quoque
4699 4536 4710 4546 ·

2670 4587 2842 4652 sicut
2882 4587 3011 4652 Dei
3051 4588 3380 4654 invocatio
3403 4590 3803 4673 producitur.
3867 4590 4158 4671 Habent,
4200 4592 4435 4674 inquit,
4472 4610 4512 4654 0
4556 4609 4632 4655 00

2671 4671 2835 4754 10010
2889 4671 3191 4739 homines
3243 4682 3319 4739 ut
3368 4674 3669 4758 pulsent:
3726 4673 3856 4741 Dei
3912 4685 4133 4742 autem
4189 4685 4292 4741 est
4348 4677 4626 4758 aperire.

2670 4759 3093 4841 Augustinus
3150 4769 3397 4824 autem:
3436 4761 3487 4844 ¹)
3543 4760 3729 4827 Haec
3772 4771 3875 4826 est
3922 4762 4077 4827 fidei
4121 4762 4400 4839 sanitas,
4455 4780 4630 4842 quae

2669 4862 2788 4908 nos
2833 4863 3023 4908 crare
3065 4845 3249 4924 facit,
3296 4852 3373 4909 ut
3411 4845 3845 4911 exaudiamur
3853 4870 3871 4926 ;
3927 4868 4274 4930 quaerere,
4318 4855 4395 4911 nt
4433 4846 4632 4912 inve-

2669 4929 2930 4993 niamus
2942 4952 2959 5009 3
3001 4929 3296 5012 pulsare,
3342 4938 3416 4995 111
3458 4933 3793 5014 aperiatur
3833 4933 4041 4999 nobis.
4132 4931 4385 4997 Contra
4426 4932 4628 4996 istam

2805 5203 2864 5268 1)
2902 5203 3022 5258 Lib.
3058 5202 3125 5258 de
3161 5204 3389 5272 perfect.
3424 5203 3677 5259 iustitiae.
