4967 5992
403 284 530 344 277

400 476 577 536 runt.
679 468 816 535 Sed
878 470 1040 536 haec
1091 470 1314 535 omnia
1369 491 1607 553 parum
1633 469 1994 551 valerent,
2025 471 2158 542 nisi
2199 472 2363 538 11660

398 556 693 640 primum
732 553 1033 622 cordibus
1075 556 1316 621 nostris
1348 555 1676 638 insculpta
1716 556 1886 620 foret
1919 557 2168 637 notitia,
2215 577 2360 622 eam

398 644 472 708 in
514 642 719 709 verbo
762 641 909 721 Dei,
948 662 1077 707 non
1112 641 1458 707 hominum
1492 640 1802 723 opinione
1837 643 2208 707 consistere.
2276 643 2362 708 In

398 747 476 793 eo
518 725 792 811 proinde
826 728 1117 813 graviter
1148 735 1373 810 peccat
1408 726 1710 811 Pighius,
1755 726 1928 809 quod
1963 727 2118 792 dum
2156 727 2361 794 60016-

399 812 701 879 siasticae
754 812 1124 879 traditionis
1175 819 1528 896 praetextu
1572 833 1612 877 a
1669 813 1996 894 scriptura
2038 834 2158 877 nos
2204 835 2358 880 avo·

398 906 531 979 eat,
589 898 950 965 divortium
999 898 1156 964 facit
1206 905 1566 981 perpetuae
1595 935 1600 940 ·
1633 897 1810 963 illius
1864 899 2356 978 coniunctionis,

397 985 542 1050 sine
583 1005 713 1067 qua
759 1004 992 1066 parum
1047 983 1380 1049 firmitatis
1434 983 1636 1051 habet
1685 983 1995 1049 ecclesiae
2047 985 2359 1069 magiste-

397 1070 592 1135 rium.
677 1068 965 1154 Negabit
1007 1069 1130 1135 hoe
1173 1090 1242 1135 se
1280 1069 1511 1148 faeere,
1557 1070 1711 1152 quia
1745 1069 2108 1135 secundum
2152 1070 2357 1153 serip-

396 1162 585 1221 turae
626 1154 844 1222 locum
884 1156 1197 1238 assignet.
1269 1154 1419 1220 Hoc
1452 1161 1572 1235 est,
1606 1154 1870 1234 scilicet,
1915 1175 2105 1220 suam
2140 1176 2356 1221 sacro-

395 1248 626 1308 sancto
668 1241 796 1306 Dei
840 1241 1039 1308 verbo
1081 1241 1354 1323 gloriam
1402 1239 1589 1320 dare,
1648 1247 1726 1305 ut
1764 1261 1965 1322 quum
2012 1240 2355 1306 hominum

394 1327 654 1411 placitis
704 1326 1105 1392 inviolabilis
1162 1326 1529 1392 constiterit
1579 1326 1917 1405 maiestas,
1985 1326 2068 1390 ad
2131 1347 2356 1391 eorum

393 1433 786 1479 consensum
837 1432 1097 1496 quoquo
1172 1410 1365 1477 modo
1436 1418 1666 1495 postea
1729 1409 2216 1494 detorqueatur,
2282 1419 2358 1476 ut

390 1497 526 1565 illis
569 1498 954 1566 subserviat.
1043 1498 1155 1562 An
1219 1518 1354 1563 non
1407 1498 1587 1562 enim
1635 1496 1760 1561 hoc
1818 1497 2083 1562 disertis
2135 1497 2355 1563 verbis

392 1583 747 1666 exprimit?
847 1583 1307 1648 Necessarium
1372 1590 1499 1662 est,
1564 1583 1810 1665 inquit,
1879 1582 2043 1647 illud
2109 1583 2353 1665 princi-

390 1671 606 1753 pium,
664 1668 746 1733 ab
803 1669 1113 1734 ecelesiae
1156 1665 1508 1734 traditione
1551 1668 1850 1751 regulam
1895 1672 2043 1745 [pag.
2092 1672 2200 1747 62]
2247 1688 2351 1733 or-

393 1753 718 1819 thodoxae
773 1752 927 1819 fidei
982 1755 1185 1819 sumi:
1256 1752 1518 1836 quando
1572 1753 1685 1817 illa
1739 1753 2005 1818 demum
2059 1751 2200 1817 sola
2253 1760 2354 1817 est

391 1840 640 1906 veritas
703 1838 1059 1918 credenda,
1123 1859 1289 1923 quae
1353 1839 1426 1902 in
1481 1837 1660 1903 nullo
1713 1836 1796 1903 ab
1861 1858 1941 1903 ea
2005 1836 2349 1903 discordat.

389 1925 497 1992 Ab
544 1925 669 1991 hac
710 1925 916 2008 igitur
950 1946 1069 1989 nos
1111 1925 1433 2007 inprimis,
1472 1930 1540 1991 et
1580 1930 1731 1988 ante
1771 1923 2008 2000 omnia,
2053 1922 2352 1987 exordie-

388 2031 567 2075 mur:
626 2009 886 2093 quando
941 2010 1418 2075 haeretieorum
1463 2006 2117 2093 tergiversationibus
2130 2057 2148 2085 ,
2194 2027 2349 2074 con-

389 2093 923 2174 tradictionibus,
984 2095 1331 2161 calumniis
1379 2115 1518 2164 non
1569 2092 1842 2176 perinde
1884 2093 2202 2176 exposita>
2229 2101 2346 2172 est,

385 2188 466 2246 ut
507 2187 664 2246 sunt
705 2182 1092 2265 scripturae:
1148 2179 1437 2246 secundo
1489 2178 1918 2244 nihilominus
1958 2177 2100 2243 loco
2144 2179 2347 2260 scrip-

381 2272 690 2331 turarum
755 2287 1013 2349 quoque
1077 2265 1473 2331 sententiam
1531 2263 2138 2329 demonstrabimus.
2239 2264 2347 2329 En

376 2352 727 2436 praeclara
767 2351 1054 2416 hominis
1097 2349 1453 2434 theologia:
1513 2347 1831 2433 quidquid
1870 2348 2168 2414 homines
2213 2355 2344 2415 sta-

374 2437 666 2515 tuerint,
732 2444 950 2502 ratum
1015 2442 1082 2501 et
1153 2435 1608 2502 authenticum
1682 2455 1824 2501 esse
1901 2440 2187 2518 oportet,
2264 2434 2345 2499 de

374 2522 588 2590 verbo
630 2522 758 2588 Dei
797 2529 1029 2604 postea
1060 2521 1441 2587 viderimus.
1531 2519 1712 2601 Quid
1754 2520 1811 2587 si
1853 2521 2200 2585 manifesta
2240 2521 2345 2585 in-

373 2606 646 2673 terdum
689 2607 1134 2692 repugnantia
1185 2608 1361 2672 inter
1410 2606 1754 2671 hominum
1797 2604 2061 2671 decreta
2103 2613 2173 2671 et
2215 2606 2344 2671 Dei

375 2692 649 2760 oracula
692 2713 764 2759 66
806 2691 1150 2759 ostendat?
1197 2713 1353 2757 nam
1388 2691 1456 2756 id
1492 2692 1834 2758 evidenter
1867 2713 1908 2756 a
1948 2693 2190 2757 nostris
2233 2691 2345 2757 de-

375 2784 822 2843 monstratum
867 2785 984 2843 est.
1058 2776 1295 2858 Qualis
1332 2779 1460 2842 erit
1502 2775 1755 2843 dissidii
1780 2778 2182 2860 compositio,
2227 2799 2345 2843 au-

375 2873 526 2928 tore
580 2864 663 2929 Pi
711 2864 849 2942 hio,
909 2864 1021 2947 qui
1078 2864 1356 2931 verbum
1398 2863 1528 2928 Dei
1582 2862 1893 2928 inferiore
1950 2863 2091 2930 loeo
2135 2862 2342 2929 subsi-

376 2948 537 3014 dere
699 2956 746 3028 t,
791 2948 923 3013 nisi
964 2955 1042 3014 ut
1079 2948 1182 3013 illi
1223 2949 1562 3014 silentium
1599 2948 1886 3015 indicat?

554 3034 618 3099 N
621 3055 656 3100 e
708 3041 935 3100 tamen
989 3032 1069 3100 de
1129 3056 1204 3100 re
1258 3055 1395 3099 non
1433 3034 1802 3101 necessaria
1843 3035 2095 3100 frustra
2137 3033 2343 3118 digla-

377 3118 657 3199 diemur,
702 3120 980 3186 lectores
1013 3120 1295 3186 monitos
1331 3119 1550 3200 velim,
1595 3141 1726 3185 non
1772 3119 2121 3186 difficulter
2153 3140 2345 3203 posse

375 3204 557 3269 inter
612 3225 720 3270 me
776 3213 847 3270 et
887 3206 1207 3290 Pighium
1257 3205 1381 3272 hoc
1436 3202 1577 3272 loco
1621 3206 1998 3284 convenire,
2054 3207 2110 3271 si
2154 3204 2344 3271 modo

376 3289 692 3356 ecclesiae
734 3289 1153 3356 traditionem
1171 3342 1187 3369 ,
1244 3312 1329 3355 ex
1386 3299 1560 3357 certo
1604 3299 1671 3358 et
1726 3300 2045 3375 perpetuo
2089 3298 2344 3357 sancto-

375 3397 530 3440 rum
574 3383 640 3442 et
683 3375 1197 3442 orthodoxorum
1240 3396 1593 3456 consensu,
1651 3398 1785 3442 non
1826 3398 1910 3442 ex
1951 3378 2346 3443 testimoniis

376 3461 540 3526 hinc
580 3461 735 3526 inde
791 3462 964 3528 male
1029 3462 1386 3546 excerptis,
1444 3462 1953 3527 demonstraret:
2008 3462 2244 3528 deinde
2289 3464 2344 3528 si

375 3546 463 3611 iis
505 3546 888 3630 simpliciter
926 3555 994 3614 et
1034 3545 1310 3613 candide
1352 3554 1651 3614 uteretur
1692 3547 1773 3612 ad
1818 3568 2046 3615 veram
2089 3557 2157 3614 et
2198 3569 2345 3632 ger-

377 3653 654 3697 manam
695 3632 1004 3699 ecclesiae
1049 3631 1416 3699 doctrinam
1456 3632 2031 3716 comprobandam,
2088 3655 2222 3699 non
2262 3634 2347 3699 ad

378 3717 747 3802 pingendas
789 3718 1026 3784 horum
1059 3725 1431 3803 temporum
1473 3719 1712 3803 impias
1754 3719 2087 3785 doctrinas
2122 3720 2346 3786 abute-

377 3809 584 3868 retur.
670 3803 970 3870 Ecclesia
1009 3804 1317 3870 columna
1372 3813 1474 3871 est
1523 3810 1590 3870 et
1638 3806 2130 3871 firmamentum
2173 3806 2348 3872 veri-

379 3890 558 3968 tatis,
603 3889 818 3971 inquit
849 3890 1100 3956 Paulus
1141 3891 1206 3976 (1
1252 3892 1418 3956 Tim.
1460 3895 1519 3970 3,
1562 3891 1688 3972 15),
1737 3912 1973 3974 nempe
2008 3893 2163 3974 quia
2196 3913 2347 3958 ver-

381 3974 545 4039 bum
586 3995 783 4039 suum
824 3975 1158 4041 Dominus
1201 3997 1240 4041 a
1287 3977 1375 4042 ud
1420 3998 1567 4042 eam
1611 3976 1938 4060 deposuit,
2000 3977 2184 4042 cuius
2229 3977 2348 4042 mi-

381 4060 658 4126 nisterio
716 4060 1106 4126 traderetur.
1211 3997 1340 4127 1116
1390 4063 1594 4147 igitur
1645 4060 1951 4129 habenda
2002 4069 2103 4128 est
2145 4064 2347 4130 eccle-

381 4147 499 4224 sia,
547 4166 711 4229 quae
755 4146 887 4211 fida
930 4153 1031 4212 est
1072 4154 1291 4213 custos
1337 4147 1522 4213 verbi
1563 4148 1719 4227 Dei,
1766 4169 1936 4232 quae
1979 4169 2221 4233 purum
2265 4148 2347 4243 11-

381 4230 499 4297 lud
544 4238 613 4296 et
666 4231 850 4297 nullo
894 4233 1216 4298 fermento
1259 4234 1577 4299 infectum
1621 4255 1738 4300 suo
1781 4233 2149 4300 ministerio
2194 4254 2347 4300 con·

381 4323 612 4386 servat
663 4324 732 4382 et
779 4317 860 4381 ad
916 4325 1207 4401 posteros
1262 4327 1601 4404 propagat.
1699 4319 1925 4384 Huius
1969 4319 2239 4387 honoris
2284 4326 2350 4386 et

382 4401 583 4468 officii
625 4403 992 4485 portionem
1035 4403 1319 4488 aliquam
1361 4404 1487 4470 sibi
1520 4404 1872 4472 vendicant
1906 4405 2209 4490 singulae
2243 4426 2348 4471 60-

385 4487 651 4554 elesiae:
713 4488 828 4554 sed
882 4511 1014 4554 non
1069 4509 1330 4572 semper
1382 4491 1454 4555 in
1508 4489 1788 4555 solidum
1831 4490 1955 4557 hoc
1995 4491 2121 4557 sibi
2164 4513 2346 4558 arro-

384 4594 546 4657 gare
596 4574 835 4639 ausint.
917 4575 984 4640 N
985 4596 1115 4641 unc
1167 4575 1225 4641 si
1279 4596 1363 4641 ex
1426 4578 1682 4662 privato
1733 4596 2097 4658 paucorum
2149 4599 2350 4644 sensu

384 4679 805 4725 communem
844 4661 1153 4727 ecclesiae
1187 4681 1579 4727 consensum
1615 4661 1831 4727 facere
1865 4662 2029 4728 velit
2041 4662 2346 4747 Pighius,

383 4764 669 4828 eumque
710 4764 795 4810 ex
839 4745 1282 4829 apostolorum
1323 4746 1672 4812 traditione
1714 4754 1946 4812 natum
1983 4768 2130 4812 6666
2171 4767 2348 4814 asse-

383 4837 508 4909 rat,
556 4850 693 4895 non
733 4831 1063 4915 recipiam.
1152 4831 1367 4912 Dicet,
1411 4831 1791 4917 Origenem,
1838 4831 2345 4914 Tertullianum,

383 4921 457 4979 et
500 4915 664 4982 alios
706 4916 954 4983 similes
999 4917 1152 4983 huic
1196 4917 1545 4985 obiectioni
1579 4938 1938 4997 occurrere,
1983 4916 2144 4983 dum
2176 4919 2347 4985 nihil

385 5021 462 5065 se
507 5005 658 5081 [pag.
703 5006 812 5082 63]
869 5002 1162 5070 dicturos
1204 5005 1614 5087 praefantur,
1666 5003 1839 5088 quod
1876 5024 2011 5069 non
2053 5024 2344 5069 commu·

385 5085 563 5152 niter
615 5087 925 5153 ecclesiae
982 5088 1063 5154 ab
1119 5090 1281 5173 ipsis
1345 5090 1656 5174 apostolis
1710 5088 1973 5157 edoctae
2036 5090 2340 5156 sentiant.

387 5167 571 5251 Quid
612 5177 863 5252 autem,
920 5174 978 5238 si
1020 5174 1174 5241 huic
1213 5176 1546 5259 prooemio
1586 5197 1694 5244 res
1730 5196 1870 5244 non
1906 5173 2343 5259 respondeat?

1890 282 2022 349 DE
2067 282 2421 351 menno
2466 283 2942 388 ARsITRIO.

4304 306 4433 371 278

2463 471 2609 537 11110
2664 494 2865 555 (11111111
2918 474 2991 538 111
3042 477 3412 560 praecipuis
3465 478 3625 546 fidei
3685 481 4004 565 capitibus
4056 493 4206 569 post
4258 487 4432 556 hanc

2463 558 2938 641 praefationem
2992 581 3103 627 eos
3145 562 3431 627 multum
3474 585 3694 630 errare
3735 575 4020 648 constet,
4080 592 4279 653 quam
4322 582 4430 641 tu-

2463 648 2613 707 tum
2665 649 2797 724 est,
2851 644 3037 710 nullo
3094 646 3467 715 discrimine
3522 659 3641 716 aut
3682 651 3938 719 delectu
3994 653 4249 738 habito,
4307 680 4431 742 pro

2464 729 2779 794 ecclesiae
2813 729 3167 797 traditione
3203 735 3552 817 suscipere,
3591 735 3910 821 quidquid
3942 740 4067 824 ipsi
4105 742 4423 809 tradunt?

2462 813 2685 897 Atque
2726 813 2796 877 id
2840 822 2944 880 est
2976 817 3147 899 quod
3184 817 3341 898 dixi,
3387 820 3471 885 ad
3506 821 3634 886 Dei
3677 824 3957 890 verbum
3991 828 4433 897 examinanda

2423 955 2434 962 .
2463 918 2607 964 esse
2651 900 2945 984 singula,
2974 903 3154 968 unde
3196 905 3415 987 palam
3456 907 3589 988 fiet,
3627 928 3792 990 quae
3834 911 3922 976 sit
3962 931 4281 995 germana
4323 935 4430 981 ec-

2462 983 2701 1051 elesiae
2755 984 3051 1068 traditio,
3108 994 3175 1053 et
3229 988 3407 1073 quid‘
3447 1013 3712 1058 rursum
3756 995 3845 1059 sit
3897 995 3979 1060 ab
4024 1019 4103 1063 ea
4144 999 4252 1065 vel
4294 999 4426 1067 dis·

2461 1077 2869 1152 sentaneum,
2906 1071 3014 1137 vel
3051 1079 3457 1140 extraneum.
3516 1077 3786 1162 Alioqui
3819 1080 3955 1161 illa,
3990 1103 4158 1165 quae
4197 1105 4426 1152 omnes

2460 1155 2710 1238 pariter
2763 1155 3214 1239 repudiamus,
3271 1161 3663 1228 Tertulliani
3719 1171 3786 1229 et
3838 1164 3959 1232 Ori
4008 1169 4149 1235 enis
4194 1169 4428 1238 deliria

2458 1261 2581 1323 pro
2645 1241 2926 1307 oraculis
2981 1244 3357 1327 recipienda
3408 1254 3619 1313 erunt.
3728 1247 3864 1316 Sed
3928 1253 3941 1266 “
3998 1253 4089 1318 11(1
4139 1254 4424 1321 alterum

2456 1327 2668 1394 multo
2711 1326 3077 1393 etiamnum
3115 1337 3217 1395 est
3250 1331 3567 1415 iniquius,
3609 1341 3686 1398 ut
3726 1357 3892 1417 quae
3936 1359 3977 1402 a
4018 1341 4264 1407 sanetis
4303 1363 4424 1425 pa-

2457 1412 2674 1477 tribus
2716 1412 2893 1479 dicta
2934 1419 3092 1479 sunt
3134 1436 3269 1481 non
3309 1416 3500 1498 male,
3545 1419 3602 1484 si
3642 1440 3878 1485 sanum
3918 1423 4113 1488 modo
4157 1432 4225 1490 et
4268 1447 4423 1492 can-

2459 1496 2690 1562 didum
2754 1496 3042 1568 habeant
3111 1495 3252 1566 inte
3333 1510 3572 1584 retem,
3649 1505 3944 1571 mixtura
4003 1515 4070 1574 et
4143 1511 4421 1578 artifieio

2458 1582 2683 1681 Pighii
2730 1583 2923 1682 fucus
2976 1586 3167 1664 fiant,
3362 1588 3690 1655 ornandas
3742 1599 3812 1656 et
3861 1591 4244 1661 colorandas
4296 1598 4421 1662 im·

2456 1687 2601 1749 11166
2641 1670 3010 1766 opiniones,
3069 1691 3234 1752 quas
3290 1673 3419 1755 ipsi
3470 1682 3693 1757 patres
3748 1676 3807 1742 si
3862 1677 4055 1742 hodie
4098 1682 4420 1763 viverent,

2456 1773 2592 1816 non
2630 1774 2852 1819 minus
2894 1774 3093 1836 quam
3138 1776 3279 1836 1106,
3325 1767 3842 1826 exsecrarentur.
3913 1761 4229 1831 Irenaeus
4264 1787 4421 1851 apo-

2456 1837 2775 1902 stolorum
2832 1837 3187 1923 discipulos
3240 1842 3520 1910 viderat.
3632 1846 3788 1928 Ipse
3854 1854 3924 1912 et
3973 1849 4422 1920 Tertullianus

2454 1943 2695 2004 paucos
2738 1924 3075 2006 episcopos
3115 1926 3433 2007 referunt,
3480 1930 3590 2012 qui
3636 1931 3719 1996 ad
3761 1952 3949 1997 suam
3992 1955 4199 2017 usque
4244 1944 4424 2004 aeta-

2453 2013 2589 2072 tem
2651 2008 2958 2090 apostolis
3014 2020 3487 2078 successerant.
3591 2015 3928 2082 Vivebant
3992 2026 4138 2085 tum
4205 2015 4422 2089 adhue

2452 2093 2648 2157 multi
2691 2115 2898 2172 661166,
2943 2096 3179 2177 quibus
3222 2098 3395 2162 vivis
3436 2098 3563 2181 ipsi
3608 2103 4049 2183 apostolorum
4086 2126 4421 2174 sermones

2451 2178 2864 2244 familiariter
2897 2200 2981 2243 611
3015 2187 3278 2263 patrum
3304 2203 3576 2249 suorum
3610 2188 3993 2254 narratione
4028 2192 4167 2254 noti
4204 2201 4415 2258 erant.

2449 2262 2517 2328 N
2518 2284 2600 2329 on
2644 2265 2890 2329 mirum
2932 2264 3153 2348 igitur,
3201 2267 3259 2332 si
3300 2289 3418 2350 pro
3463 2270 3818 2353 apostolica
3859 2271 4210 2340 traditione
4256 2276 4420 2343 obii·

2451 2349 2653 2429 ciunt,
2698 2348 2871 2433 quod
2915 2358 3075 2415 tune
3104 2355 3544 2421 communiter
3584 2356 3656 2420 111
3690 2357 3920 2439 primis
3954 2359 4245 2426 eeclesiis
4283 2382 4417 2427 non

2450 2434 2644 2501 modo
2696 2443 3034 2520 receptum
3084 2445 3263 2522 erat,
3324 2438 3442 2505 sed
3496 2462 3612 2524 pro
3657 2448 3836 2508 certo
3887 2443 4044 2509 fidei
4088 2444 4414 2528 dogmate,

2448 2519 2624 2604 quod
2663 2521 2929 2601 Paulus,
2973 2522 3249 2603 Petrus,
3293 2532 3362 2589 et
3403 2526 3643 2609 reliqui
3686 2549 3914 2593 eorum
3958 2529 4246 2615 collegae
4288 2554 4416 2596 nu-

2445 2628 2569 2690 per
2621 2606 3097 2690 prodidissent,
3155 2610 3367 2675 fixum
3436 2618 3503 2676 et
3565 2610 3798 2678 stabile
3854 2613 4233 2682 habebatur.
4323 2616 4418 2683 Et

2448 2699 2671 2757 tamen
2722 2691 3068 2778 Origenes,
3125 2695 3239 2778 qui
3290 2701 3584 2780 tempore
3636 2718 3770 2763 non
3824 2699 4111 2765 multum
4157 2700 4241 2766 ab
4280 2699 4417 2769 illis

2451 2778 2828 2859 differebat,
2882 2780 3057 2845 inter
3122 2780 3273 2845 fidei
3337 2782 3663 2866 principia
3726 2793 4032 2850 numerat
4097 2784 4414 2871 quasdam

2449 2864 2842 2944 sententias,
2886 2865 3123 2947 quibus
3163 2867 3220 2932 si
3259 2888 3393 2932 non
3438 2869 3792 2935 anathema
3832 2869 4076 2935 dixerit
4115 2870 4413 2956 Pighius,

2448 2970 2490 3015 a
2533 2950 2669 3015 suis
2712 2971 2968 3033 quoque
3009 2950 3427 3035 lapidabitur.
3498 2954 3565 3019 N
3565 2975 3695 3021 11110
3737 2963 3886 3038 post
3927 2962 4027 3021 tot
4066 2963 4415 3041 tantasque

2447 3036 2934 3115 conversiones,
2994 3044 3143 3119 post
3185 3037 3385 3103 talem
3429 3038 3849 3106 ecelesiarum
3902 3040 4413 3124 dissipationem,

2445 3121 2580 3187 imo
2613 3121 2896 3200 ruinam,
2932 3122 3354 3205 supercilioso
3387 3125 3580 3203 fastu,
3622 3147 3742 3208 pro
3766 3124 4120 3191 traditione
4155 3137 4413 3211 aposto-

2446 3206 2575 3272 lica
2613 3207 2982 3286 venditare,
3029 3206 3348 3291 quidquid
3391 3230 3774 3294 quacunque
3815 3212 4184 3291 occasione,
4230 3212 4414 3279 nullo

2445 3298 2623 3358 certo
2682 3292 2793 3358 vel
2846 3300 3142 3376 tempore
3199 3293 3305 3360 vel
3360 3301 3605 3374 autore,
3662 3296 4042 3379 obrepserit,
4088 3303 4413 3380 quantum

2448 3377 2717 3443 obsecro
2774 3378 3141 3443 securitatis
3196 3377 3440 3444 habet?
3540 3380 3636 3444 At
3689 3380 3971 3464 Pighius
3998 3380 4048 3466 ¹)
4105 3403 4241 3447 non
4281 3381 4412 3448 nisi

2451 3467 2601 3542 [pag.
2640 3465 2748 3542 64]
2810 3463 3053 3545 primos
3104 3461 3250 3529 illos
3313 3463 3621 3530 ecelesiae
3676 3486 3979 3549 proceres
4033 3467 4222 3546 citat,
4290 3466 4412 3533 sub

2451 3548 2689 3631 quibus
2752 3548 2969 3615 adhuc
3022 3548 3300 3614 florebat
3358 3549 3694 3634 religionis
3757 3552 4029 3634 puritas.
4139 3549 4277 3619 Sed
4338 3553 4413 3618 111

2450 3655 2647 3717 (1116111
2704 3634 2947 3699 finem?
3007 3635 3135 3700 nisi
3176 3640 3254 3699 ut
3302 3635 3586 3704 colorem
3604 3687 3620 3715 ,
3673 3637 3782 3701 vel
3823 3637 4080 3704 larvam
4124 3637 4415 3721 qualem-

2450 3740 2707 3804 cunque
2759 3721 2994 3786 erassis
3045 3719 3494 3803 impietatibus
3548 3720 3848 3800 inducat,
3915 3723 4151 3805 quibus
4208 3722 4415 3789 ullam

2449 3806 2857 3872 occasionem
2902 3805 3058 3870 dare
3100 3825 3439 3889 nunquam
3474 3808 3720 3872 sanctis
3761 3806 3892 3872 illis
3926 3808 4090 3874 viris
4122 3809 4193 3873 in
4229 3809 4414 3874 men-

2450 3899 2586 3956 tem
2637 3892 2849 3957 venit:
2914 3899 3177 3956 tantum
3239 3892 3424 3957 abest
3477 3899 3551 3958 ut
3604 3913 3781 3958 nunc
3844 3892 4052 3960 velint
4101 3892 4233 3957 illis
4291 3915 4414 3959 sua

2447 3977 2694 4059 scripta
2742 3976 3112 4061 suffragari.
3210 3977 3501 4042 Tantum
3540 3976 3816 4044 lectores
3858 3978 4114 4057 hortor,
4181 3985 4255 4043 ut
4296 3999 4413 4044 ve-

2449 4069 2633 4128 tusta
2670 4061 2787 4126 illa
2823 4068 3119 4146 tempora
3152 4083 3305 4127 cum
3344 4064 3587 4128 nostris
3624 4064 3989 4128 conferant:
4033 4062 4270 4128 deinde
4312 4064 4413 4129 iu-

2452 4148 2670 4214 dicare
2713 4169 2832 4231 per
2874 4169 2947 4214 se
2987 4153 3319 4231 poterunt,
3365 4169 3497 4231 qua
3537 4149 3929 4228 sinceritate,
3968 4156 4083 4214 aut
4115 4169 4245 4231 (1110
4287 4170 4411 4233 pu·

2452 4233 2628 4313 dore,
2674 4233 2938 4298 illorum
2981 4233 3340 4316 patrocinio
3383 4254 3647 4299 causam
3691 4256 3878 4300 suam
3921 4233 4164 4300 fiilciat.

2623 4318 2994 4384 Audiamus
3052 4326 3277 4384 tamen
3321 4339 3488 4402 quae
3543 4341 3625 4384 ex
3680 4319 3812 4384 illis
3865 4320 4240 4386 testimonia
4294 4319 4409 4385 ad-

2452 4404 2664 4471 ducat.
2753 4403 2834 4469 Id
2872 4410 3096 4470 autem
3136 4403 3339 4470 habet
3380 4404 3807 4488 propositum,
3853 4412 3927 4470 ut
3965 4404 4115 4471 illos
4157 4426 4407 4489 omnes,

2450 4512 2586 4556 uno
2630 4490 2825 4557 simul
2870 4511 2981 4556 ore
2996 4542 3013 4570 ,
3068 4490 3352 4555 liberum
3407 4491 3747 4556 arbitrium
3804 4511 4096 4557 asserere
4142 4491 4411 4559 demon-

2450 4582 2633 4642 stret.
2721 4574 2917 4642 Unde
2956 4582 3182 4659 postea
3225 4575 3353 4641 duo
3396 4575 3624 4642 infert:
3683 4597 3802 4642 nos
3844 4598 3986 4643 esse
4030 4578 4410 4647 manifestos

2449 4661 2840 4740 haereticos,
2897 4663 3012 4745 qui
3055 4684 3096 4727 a
3135 4668 3452 4745 perpetuo
3511 4661 3820 4729 ecclesiae
3862 4683 4220 4741 consensu,
4280 4664 4410 4732 hoc

2450 4757 2568 4826 est,
2614 4744 2969 4812 traditione
3011 4747 3364 4831 apostolica
3406 4745 3889 4828 dissentiamus,
3936 4755 4005 4814 et
4038 4770 4146 4815 me
4188 4750 4407 4832 impu-

2452 4832 2687 4898 denter
2725 4832 3079 4898 mentitum
3123 4853 3296 4913 esse,
3354 4833 3465 4918 qui
3518 4835 3870 4917 scriptores
3927 4855 4156 4900 omnes
4202 4834 4410 4902 60016-

2459 5042 2777 5050 μ--ο

2588 5190 2648 5257 1)
2686 5190 2765 5245 At
2797 5207 2937 5245 nunc
2973 5189 3212 5260 Pighius,
3245 5198 3468 5260 praeter
3495 5190 3805 5261 principun
3838 5204 4023 5326 οπίἒξε
4045 5189 4306 5244 serebant.
