4967 5992
379 331 498 398 357

375 522 547 588 hanc
591 516 1085 614 renovationem
1127 529 1243 587 est.
1334 520 1426 585 Et
1469 541 1552 585 ne
1595 520 1857 604 longius
1902 522 2335 607 pugnandum

377 609 490 685 sit,
536 606 882 673 contrariis
926 606 1103 672 votis
1154 607 1287 672 huc
1340 606 1496 671 illuc
1540 606 1818 673 distrahi
1874 629 1945 673 se
1989 609 2334 691 conqueri-

377 703 488 757 tur
541 693 825 771 Paulus,
888 713 962 758 ac
1018 713 1091 757 se
1147 693 1658 775 repugnantiam
1712 695 1988 772 sentire,
2047 693 2204 759 dum
2248 695 2334 760 ad

376 779 694 844 iustitiam
738 778 869 843 Dei
911 777 1234 860 adspirat:
1274 777 1430 844 hinc
1475 777 1598 843 sibi
1634 800 1960 844 remoram
2003 781 2203 856 1111101,
2246 801 2334 845 ne

378 878 513 931 tam
559 864 860 930 celeriter
902 873 1148 941 currat,
1208 871 1284 928 ut
1328 862 1603 930 deceret.
1695 864 1915 929 Huius
1958 885 2332 949 repugnan-

377 953 508 1016 tiae
563 970 827 1016 causam
880 955 1222 1032 peccatum
1278 950 1350 1013 111
1406 971 1478 1014 80
1535 950 1840 1016 habitans
1894 951 2077 1016 facit:
2134 951 2334 1016 simul

378 1043 632 1119 partem
670 1036 984 1119 assignat,
1018 1035 1090 1100 in
1125 1057 1255 1117 qua
1290 1034 1562 1113 habitet,
1594 1057 1830 1118 nempe
1866 1057 2150 1102 carnem.
2196 1035 2334 1103 Sed

375 1121 658 1205 Pighius
698 1120 778 1185 de
821 1142 1090 1203 corpore
1130 1120 1322 1185 illum
1365 1120 1544 1203 loqui
1581 1122 2072 1204 interpretatur,
2128 1144 2333 1205 quum

376 1229 645 1274 carnem
664 1208 979 1272 nominat.
1028 1208 1121 1271 At
1130 1227 1343 1290 neque
1362 1227 1599 1289 corpus
1623 1209 1981 1273 motionem
2001 1209 2334 1291 propriam

336 1314 340 1318 ’
379 1317 464 1359 ex
499 1313 570 1357 se
606 1293 821 1369 habet,
864 1301 930 1356 et
950 1292 1205 1358 Paulus
1248 1313 1380 1356 non
1417 1291 1773 1374 quamlibet
1803 1295 2179 1372 motionem,
2219 1293 2334 1359 sed

376 1379 683 1445 affectum
726 1378 1175 1444 voluntarium
1230 1378 1585 1461 significat,
1632 1379 1746 1460 qui
1790 1380 2052 1461 spiritui
2099 1378 2333 1444 adver-

377 1478 579 1531 setur.
666 1464 863 1530 Nunc
907 1464 1280 1547 quaeritur,
1326 1461 1502 1528 unde
1546 1464 2030 1546 repugnantia?
2079 1466 2208 1530 nisi
2250 1486 2333 1530 ex

376 1574 456 1617 ea
498 1550 990 1633 imperfectione
1009 1599 1026 1628 ,
1084 1549 1257 1632 quod
1313 1549 1607 1615 nondum
1660 1551 1894 1632 spiritu
1939 1552 2067 1616 Dei
2116 1552 2189 1615 in
2232 1559 2333 1616 to·

376 1647 524 1701 tum
566 1637 921 1700 reformata
965 1644 1068 1700 est
1112 1635 1396 1700 hominis
1440 1644 1510 1699 et
1550 1656 1737 1700 mens
1780 1645 1850 1700 et
1893 1636 2217 1713 voluntas,
2262 1637 2332 1701 in

377 1723 557 1787 vitae
608 1722 1001 1788 novitatem:
1059 1721 1176 1787 sed
1230 1743 1496 1787 carnem
1550 1721 1768 1787 adhuc
1814 1730 1882 1787 et
1923 1731 2168 1787 terram
2214 1722 2334 1787 ali-

377 1829 512 1891 qua
552 1808 653 1872 sui
695 1816 894 1890 parte.
925 1807 1173 1889 resipit.
1263 1807 1395 1873 Ubi
1431 1807 1562 1872 tale
1600 1806 1998 1873 desiderium
2041 1814 2333 1891 apparet,

376 1907 451 1958 ut
495 1893 796 1959 voluntas
839 1894 1104 1958 resistat
1145 1891 1506 1972 voluntati,
1568 1891 1963 1958 desiderium
2017 1913 2167 1958 cum
2221 1893 2335 1959 de-

372 1978 615 2045 siderio
669 1980 1004 2063 confligat,
1063 1987 1296 2045 votum
1350 1979 1436 2044 sit
1491 1987 1641 2045 voto
1696 1980 2130 2056 contrarium,
2190 1980 2335 2061 quis
2385 1981 2389 2022 ἰ
2440 1977 2720 2042 iuvatur.

371 2064 541 2130 mihi
581 2085 714 2129 non
758 2064 1074 2130 concedat
1118 2064 1351 2143 dicere,
1398 2065 1688 2130 animam
1729 2066 1803 2128 in
1848 2063 2010 2130 duas
2054 2064 2336 2131 divisam

371 2170 520 2216 esse
555 2149 813 2232 partes?
881 2150 1027 2215 Imo
1064 2150 1212 2232 quis
1245 2171 1382 2214 non
1414 2150 1508 2213 ita
1542 2156 1610 2214 et
1641 2151 1862 2226 sentit,
1899 2160 1966 2215 et
1997 2148 2331 2232 loquitur?

548 2236 909 2317 Postquam
947 2256 1101 2301 vero
1140 2235 1473 2301 doctrinae
1516 2243 1780 2300 nostrae
1823 2256 2152 2301 summam
2187 2255 2335 2317 pro-

369 2321 561 2400 tulit,
628 2327 776 2399 [pag.
833 2326 980 2399 173]
1048 2341 1133 2385 ex
1199 2319 1476 2386 adverso
1540 2320 1886 2385 nobiscum
1939 2320 2334 2403 Pelagianos

365 2408 653 2484 confert,
717 2426 878 2487 quos
927 2404 1012 2471 ad
1066 2406 1350 2470 alterum
1402 2413 1770 2470 extremum
1789 2457 1804 2484 ,
1871 2407 2153 2489 gratiam
2205 2405 2334 2471 Dei

361 2513 646 2575 prorsus
700 2490 1116 2573 abnegando,
1175 2490 1471 2573 delapsos
1527 2510 1670 2557 esse
1726 2490 1907 2556 dicit:
1976 2499 2051 2555 ut
2102 2492 2197 2555 ita
2250 2491 2335 2555 ad

360 2597 566 2643 suam
623 2574 1136 2642 mediocritatem
1186 2576 1435 2654 veniat,
1490 2597 1658 2659 quae
1707 2577 1778 2640 in
1832 2575 2022 2642 liberi
2078 2576 2334 2643 arbitrii

495 2663 755 2743 tiaeque
819 2663 1277 2746 coniugatione
1341 2662 1655 2728 consistit.
1746 2663 1845 2727 Ac
1911 2663 2121 2744 primo
2188 2662 2332 2745 qui-

411 2769 555 2825 em,
613 2756 690 2818 nt
737 2747 1072 2828 probabile
1128 2750 1246 2813 fiat
1286 2745 1457 2830 quod
1502 2745 1800 2813 dicturus
1855 2757 1989 2825 est,
2048 2750 2334 2831 gratiam

363 2833 469 2899 illi
516 2853 603 2897 ex
640 2832 1040 2899 definitionis
1076 2833 1550 2899 ecclesiasticae
1585 2833 1774 2898 titulo
1809 2833 2127 2898 conciliat.
2197 2832 2335 2900 Sed

363 2939 499 3002 quo
559 2917 829 2983 tandem
881 2929 1273 3001 argumento
1324 2918 1774 2984 definitionem
1827 2918 2137 2984 ecclesiae
2181 2921 2335 2985 ‘esse

361 3002 648 3089 probat?
712 3006 1089 3087 Augustino
1134 3011 1316 3071 teste.
1399 3003 1625 3085 Quid?
1674 3004 1901 3069 eiusne
1944 3013 2172 3069 contra
2212 3002 2332 3070 1108

361 3090 747 3157 testimonio
788 3089 1070 3172 amplius
1112 3091 1295 3155 abuti
1333 3089 1561 3169 audet,
1618 3110 1812 3172 quem
1858 3088 2020 3155 adeo
2066 3089 2333 3157 eviden-

363 3191 472 3241 ter
511 3176 700 3241 nobis
721 3175 1245 3242 vindicavimus?
1306 3173 1442 3241 Sed
1482 3175 1698 3241 colore
1734 3195 1868 3240 11011
1905 3184 2101 3241 caret.
2169 3174 2332 3242 Ocr-

363 3261 547 3327 radit
604 3262 782 3326 enim
826 3283 912 3325 ex
953 3261 1388 3344 supposititiis
1428 3261 1614 3326 libris
1655 3261 2107 3339 sententiolas,
2166 3282 2334 3343 quae

363 3346 716 3412 dimidiare
767 3347 945 3411 inter
994 3347 1277 3413 liberum
1342 3345 1689 3410 arbitrium
1746 3355 1815 3411 et
1868 3344 1999 3410 Dei
2051 3349 2333 3429 gratiam

365 3432 703 3499 videntur.
793 3430 928 3497 Sed
972 3433 1137 3498 bene
1174 3432 1392 3511 habet,
1419 3430 1610 3514 ‘quod
1654 3432 1822 3496 nihil
1865 3453 2040 3498 nunc
2083 3434 2334 3516 profert

360 3521 438 3584 111
483 3516 798 3596 medium,
844 3517 1016 3599 quod
1059 3539 1192 3584 11011
1230 3526 1384 3583 0010
1419 3518 1863 3583 refutaverim.
1934 3516 2332 3600 Quanquam

363 3625 489 3671 sua
530 3603 951 3685 improbitate
994 3625 1101 3668 me
1136 3603 1327 3686 cogit,
1371 3601 1673 3668 nonnihil
1708 3604 1952 3668 iterum
1988 3601 2068 3668 de
2104 3604 2331 3669 eadem

361 3712 438 3755 re
497 3686 737 3755 dicere.
825 3688 1059 3768 Libro,
1118 3691 1330 3771 inquit
1348 3739 1361 3764 ,
1419 3686 1734 3767 secundo,
1790 3688 1873 3753 de
1917 3699 2331 3771 peccatorum

1856 334 1984 398 ns
2029 334 2384 438 LIBERO
2429 289 2908 438 Aammm.

4275 341 4401 432 sss

2436 524 2756 605 patiatur:
2815 544 2889 590 ac
2932 522 3086 588 inde
3127 520 3582 602 iudicandum,
3633 522 3791 606 quid
3836 545 3875 589 a
3916 525 4104 591 110018
4148 522 4400 590 dissen-

2438 609 2576 674 tiat.
2648 608 2951 685 Peccare,
2998 609 3213 690 inquit
3246 609 3546 693 Pighius,
3594 610 3925 676 neminem
3961 611 4222 687 fatetur,
4270 612 4398 678 nisi

2439 694 2788 760 volentem.
2859 692 3039 774 Quid
3082 692 3245 761 nos?
3328 701 3442 759 An
3484 702 3676 759 extra
3718 696 4129 761 voluntatem
4173 716 4401 779 pecca-

2438 788 2578 845 tum
2618 779 3119 844 constituimus?
3180 781 3461 845 Fatetur
3493 785 3643 860 [pag.
3676 787 3819 859 174]
3861 802 4136 864 quoque,
4179 783 4400 847 Deum

2438 864 2609 928 nihil
2649 865 3076 947 praecepisse,
3122 864 3295 946 quod
3338 886 3475 930 non
3517 868 3823 949 potestati
3867 877 4136 934 nostrae
4179 869 4400 934 subia-

2437 958 2597 1015 ceat.
2665 949 2922 1033 Nempe
2966 951 3025 1014 si
3067 959 3458 1032 potestatem
3501 952 3851 1035 intelligas,
3899 975 4032 1019 non
4072 974 4239 1036 quae
4283 976 4401 1018 na-

2435 1045 2630 1100 turae
2671 1046 2934 1101 nostrae
2978 1036 3066 1100 sit
3107 1036 3328 1116 insita,
3377 1036 3493 1103 sed
3539 1057 3735 1120 quam
3771 1060 3807 1102 0
3843 1039 4024 1105 00010
4057 1041 4243 1105 Ι)008
4288 1061 4401 1122 pe-

2437 1120 2773 1186 culiariter
2831 1122 2967 1186 suis
3022 1120 3121 1186 lar
3173 1123 3376 1200 'atur,
3444 1123 3617 1188 sicut
3668 1125 3807 1206 ipse
3862 1126 4054 1191 toties
4111 1127 4397 1209 exponit.

2437 1204 2834 1290 Quanquam
2855 1206 3112 1271 simula
3159 1207 3273 1286 dit,
3311 1206 3483 1291 quod
3510 1230 3742 1274 verum
3777 1219 3904 1275 est:
3944 1231 4157 1294 neque
4177 1233 4399 1276 exem-

2436 1293 2621 1376 plum
2664 1291 2794 1357 tale
2838 1292 3173 1358 exstitisse
3216 1315 3527 1376 unquam,
3574 1315 3787 1376 neque
3822 1295 4094 1377 posthac
4128 1317 4399 1379 speran-

2440 1377 2615 1443 dum.
2708 1377 3044 1454 Gratiam,
3112 1379 3358 1461 inquit,
3427 1381 3581 1444 solis
3648 1380 3975 1462 splendori
4044 1395 4395 1465 comparat.
4424 1427 4457 1456 0

2439 1462 2589 1544 Quo
2633 1463 3036 1554 subindicat,
3096 1464 3229 1529 vim
3286 1465 3572 1547 aliquam
3617 1467 3875 1532 animae
3928 1468 4173 1545 inesse,
4232 1469 4401 1534 sicut

2437 1550 2509 1613 in
2566 1549 2738 1613 oculi
2792 1551 2929 1614 acie
2984 1548 3210 1614 subest
3256 1551 3470 1616 virtus
3526 1551 3788 1616 visoria.
3881 1551 4016 1617 Sed
4074 1572 4191 1618 cur
4241 1575 4398 1618 mox

2438 1633 2732 1698 additam
2773 1634 2909 1701 illic
2946 1636 3413 1702 correctionem
3453 1636 3777 1702 subticet?
3843 1637 3992 1704 Hoc
4029 1640 4207 1703 enim
4242 1639 4398 1705 hac-

2440 1727 2634 1785 tenus
2677 1720 2893 1784 simile
2929 1730 3047 1796 est,
3095 1721 3268 1803 quod
3303 1722 3477 1787 sicut
3511 1721 3739 1788 oculus
3776 1722 3933 1787 dum
3970 1725 4177 1790 aciem
4211 1746 4401 1790 suam

2437 1805 2739 1883 intendit,
2785 1805 2943 1872 solis
2979 1806 3329 1889 splendore
3363 1807 3792 1885 illuminatur,
3829 1809 3924 1872 ita
3957 1808 4244 1875 hominis
4280 1831 4399 1892 vo-

2439 1891 2677 1970 luntas,
2725 1911 2889 1974 quae
2932 1891 3015 1955 ad
3059 1890 3281 1956 Deum
3322 1913 3394 1957 se
3437 1893 3790 1972 convertit,
3847 1894 3989 1959 eius
4029 1896 4245 1979 gratia
4284 1895 4400 1959 ad-

2813 1975 2949 2043 Sed
2993 1998 3196 2059 quum
3241 1978 3800 2043 animadverteret
3843 1980 4281 2063 Augustinus,
4329 1982 4402 2045 in

2441 2083 2517 2126 eo
2561 2061 2931 2126 claudicare
2973 2061 3492 2141 similitudinem,
3539 2063 3711 2145 quod
3747 2086 3877 2129 non
3915 2066 4002 2130 sit
4034 2066 4104 2131 in
4140 2068 4403 2131 animae

2439 2155 2767 2230 potestate
2810 2147 3183 2227 conversiO,
3228 2149 3457 2225 etiam,
3503 2150 3742 2231 inquit,
3798 2158 3874 2213 ut
3915 2159 4403 2231 convertamur,

2440 2234 2629 2298 Deus
2672 2230 2970 2297 adiuvat:
3016 2230 3191 2316 quod
3234 2233 3438 2298 oculis
3475 2235 3763 2317 corperis
3799 2244 4076 2301 externa
4108 2236 4228 2301 lux
4266 2258 4400 2302 non

2440 2326 2754 2401 praestat.
2843 2316 3031 2384 Sicut
3074 2325 3140 2382 et
3184 2317 3368 2384 alibi:
3415 2318 3610 2400 Quod
3652 2329 3753 2385 est
3792 2319 3996 2385 oculis
4030 2323 4282 2404 sanitas
4316 2323 4401 2387 ad

2438 2403 2800 2469 videndum
2856 2403 3092 2482 solem,
3153 2403 3276 2469 1100
3333 2417 3433 2469 081
3487 2406 3703 2488 gratia
3758 2406 4090 2471 mentibus
4148 2406 4231 2471 ad
4275 2409 4400 2472 im-

2438 2489 2747 2571 plendam
2791 2489 3021 2572 legem.
3054 2490 3103 2572 ¹)
3191 2490 3286 2554 At
3337 2491 3673 2556 neminem
3726 2491 4023 2557 adiuvari
4080 2494 4398 2576 agnoscit,

2439 2576 2568 2640 11181
2610 2576 2723 2657 qui
2767 2582 3001 2657 sponte
3045 2585 3348 2641 conatur:
3404 2598 3666 2659 nempe,
3725 2578 3878 2659 quia
3932 2598 4064 2641 non
4123 2585 4397 2644 externo

2438 2667 2700 2725 tantum
2754 2660 3077 2742 impulsu,
3136 2658 3253 2726 sed
3307 2661 3687 2726 voluntaria
3741 2663 4034 2728 motione
4091 2672 4399 2746 operatur

2436 2746 2511 2809 in
2546 2744 2944 2811 hominibus.
3007 2746 3182 2812 Nam
3217 2747 3494 2813 actionis
3528 2749 3811 2831 speciem
3849 2748 4040 2813 modo
4076 2746 4396 2833 designat,

2438 2851 2523 2895 110
2567 2832 2777 2897 brutis
2832 2839 2946 2897 aut
2999 2831 3326 2915 lapidibus
3381 2832 3628 2898 similes
3681 2835 3895 2898 facere
3950 2834 4250 2900 homines
4294 2835 4395 2900 vi-

2437 2915 2685 2983 deatur.
2778 2915 2972 2983 Unde
3014 2937 3209 3000 porro
3253 2927 3615 3002 spontanea
3666 2918 3781 2984 illa
3832 2920 4154 2998 incitatio,
4226 2919 4399 2986 unde

2434 3001 2849 3070 voluntarius
2905 3011 3178 3069 conatus
3192 3054 3208 3083 ,
3269 3024 3406 3069 non
3469 3004 3838 3070 dissimulat
3889 3012 4141 3088 postea:
4223 3005 4399 3071 Nam

2436 3089 2552 3153 ubi
2712 3090 2842 3154 tiae
2884 3109 3050 3172 opus
3085 3109 3229 3156 esse
3270 3097 3545 3155 testatus
3580 3098 3696 3168 est,
3744 3099 3882 3155 tam
3918 3098 3991 3156 ut
4027 3092 4400 3158 innotescat

2436 3194 2568 3256 quo
2656 3173 2918 3253 latebat,
2963 3195 3163 3256 quam
3203 3183 3280 3240 ut
3322 3196 3525 3241 suave
3569 3177 3688 3240 fiat
3729 3175 3901 3258 quod
3943 3198 4075 3241 non
4115 3176 4397 3243 delecta-

2435 3259 2575 3324 bat:
2633 3269 2981 3342 postquam
3037 3281 3174 3325 non
3228 3260 3557 3325 humanae
3609 3261 3965 3338 facultatis,
4021 3261 4138 3327 sed
4189 3262 4397 3329 divini

2437 3364 2585 3409 0880
2627 3346 2923 3410 muneris
2968 3344 3266 3422 tradidit,
3312 3345 3422 3412 vel
3462 3345 3636 3427 quod
3676 3347 3922 3412 scimus
3964 3346 4238 3423 bonum,
4285 3347 4396 3411 vel

2435 3429 2613 3512 quod
2657 3451 2734 3495 eo
2779 3428 3211 3507 delectamur,
3270 3429 3603 3508 laborant,
3657 3432 3901 3513 inquit,
3949 3431 4248 3496 homines
4292 3429 4409 3496 in-‘

2436 3516 2694 3593 venire,
2751 3515 2911 3598 quid
2951 3517 3025 3579 in
3070 3524 3296 3581 nostra
3336 3514 3674 3583 voluntate
3729 3517 3882 3582 boni
3936 3518 4025 3581 sit
4076 3518 4393 3598 nostrum,

2437 3612 2506 3664 et
2552 3601 2708 3684 quid
2764 3601 3055 3666 inveniri
3110 3601 3344 3684 possit,
3414 3602 3736 3684 ignoro.²)
3828 3603 4280 3686 Augustinus,
4336 3604 4395 3667 si

2436 3686 2679 3770 Pighio
2723 3685 3032 3766 creditur,
3080 3688 3161 3753 ab
3207 3686 3473 3752 homine
3517 3689 3813 3769 requirit,
3859 3696 3935 3751 ut
3977 3697 4213 3771 sponte
4249 3711 4289 3754 a
4323 3710 4393 3754 80

359 3775 628 3841 meritis
673 3785 739 3839 et
781 3774 1194 3853 remissione,
1250 3794 1385 3840 11011
1428 3775 1499 3839 111
1544 3794 1620 3840 00
1668 3773 2095 3856 reprehendit
2135 3775 2331 3840 Pela·
2381 3783 2386 3862 ξ
2434 3773 2582 3856 ipso
2648 3779 2936 3854 conetur.
2978 3789 2985 3795 ·
3041 3770 3220 3854 Quid
3283 3774 3703 3856 Augustinus
3767 3772 3951 3856 ipse?
4040 3774 4393 3839 Praetereo

361 3863 638 3945 gianos,
681 3860 853 3943 quod
894 3859 1178 3925 liberum
1220 3868 1515 3926 statuant
1567 3860 1944 3938 arbitrium,
2003 3859 2118 3925 sed
2160 3860 2331 3942 quod
2381 3865 2387 3936 Ι
2438 3858 2599 3924 01108
2640 3859 2869 3925 libros:
2929 3858 3044 3924 sed
3086 3860 3156 3923 in
3201 3875 3276 3923 00
3320 3879 3514 3941 quem
3567 3859 3728 3923 citat
3768 3858 4080 3941 Pighius,
4136 3859 4393 3924 fortiter

359 3948 434 4010 in
494 3968 577 4011 eo
634 3944 967 4011 evehendo
1024 3945 1294 4011 modum
1346 3945 1683 4011 excedant.

359 4043 643 4098 servent
677 4030 971 4108 lectores,
1019 4053 1171 4096 eum
1214 4051 1356 4097 esse
1398 4032 1688 4114 primum
1727 4031 1991 4109 librum,
2036 4053 2163 4114 quo
2200 4032 2332 4097 dis-

361 4131 609 4200 putare
653 4138 803 4182 cum
847 4117 1221 4201 Pelagianis
1265 4118 1576 4199 coeperit:
1630 4116 1765 4182 illic
1807 4118 2030 4200 itaque
2074 4117 2334 4184 velitari

360 4224 524 4268 eum
572 4202 820 4286 potine,
874 4223 1072 4286 quam
1121 4204 1293 4268 iusto
1337 4203 1692 4268 certamine
1735 4203 2106 4286 confligere.
2193 4204 2330 4268 De-

358 4288 523 4354 inde
583 4310 715 4353 11011
769 4309 911 4353 0880
967 4310 1052 4353 ex
1107 4290 1367 4372 proprio
1422 4290 1564 4354 eius
1617 4289 1949 4366 instituto,
2007 4288 2087 4353 de
2129 4287 2332 4355 libero

360 4374 647 4440 arbitrio
690 4376 1138 4456 quaestionem
1183 4374 1315 4439 illic
1359 4383 1670 4440 tractare:
1727 4374 1901 4456 quod
1945 4383 2012 4439 et
2063 4383 2331 4440 contex-

359 4471 474 4525 tus
521 4458 810 4537 indicat,
857 4469 924 4524 et
964 4460 1108 4543 ipse
1151 4479 1410 4542 quoque
1453 4469 1643 4524 autor
1684 4460 1850 4525 libro
1893 4460 2331 4525 Retractatio-

362 4567 538 4610 num
594 4543 880 4612 secundo
935 4554 1231 4611 testatur.
1320 4546 1469 4610 Non
1523 4566 1679 4628 ergo
1734 4545 2011 4623 mirum,
2079 4546 2137 4611 81
2193 4565 2331 4610 non

359 4631 655 4698 interius
711 4632 1034 4710 excutiat,
1090 4629 1265 4714 quod
1321 4650 1441 4713 per
1484 4631 1891 4696 occasionem
1933 4638 2195 4696 tantum
2235 4631 2330 4696 le-

361 4718 551 4784 viter
596 4717 926 4801 attingere
967 4718 1039 4782 in
1084 4717 1302 4782 animo
1345 4714 1647 4783 habebat.
1735 4714 2021 4793 Verum,
2081 4723 2155 4780 ut
2206 4716 2330 4783 hoc

359 4804 572 4868 nihili
617 4803 1034 4883 aestimetur,
1092 4800 1250 4884 quid
1292 4823 1443 4879 nos,
1488 4800 1784 4879 obsecre,
1841 4808 2078 4884 gravat
2119 4801 2326 4866 illud?

357 4911 500 4954 non
551 4886 858 4954 damnari
897 4888 979 4954 ab
1023 4909 1099 4954 00
1141 4888 1561 4971 Pelagianos,
1618 4885 1791 4969 quod
1832 4886 2115 4952 liberum
2157 4886 2331 4951 arbi-

355 4975 582 5040 trium
634 4982 1027 5053 statuerent,
1083 4973 1201 5039 sed
1255 4972 1429 5055 quod
1485 4973 1626 5039 sine
1683 4971 1877 5056 modo
1919 4972 2329 5037 extollerent.

354 5060 548 5126 Nam
597 5079 802 5142 quum
855 5067 1154 5144 receptae
1208 5060 1343 5125 iam
1396 5058 1851 5126 consuetudini
1893 5078 2133 5123 nomen
2178 5080 2330 5123 0011-

355 5145 658 5224 cederet,
703 5144 785 5210 de
826 5167 899 5212 re
939 5154 1195 5212 tantum
1237 5144 1776 5228 disceptationem
1814 5143 2119 5210 habebat.
2210 5143 2331 5207 Vi-

357 5228 672 5299 dendum
715 5250 873 5315 ergo
909 5253 1086 5297 nunc
1101 5282 1116 5310 ,
1174 5239 1498 5314 quantum
1549 5230 1753 5296 tribui
1802 5232 2006 5296 libero
2062 5230 2331 5296 arbitrio

1774 3945 1905 4010 Hic
1959 3945 2165 4012 velim
2218 3947 2331 4012 ob·
2382 3947 2386 4024 Ι
2437 3944 2521 4009 00
2589 3944 2713 4011 hac
2779 3944 3108 4010 calumnia
3170 3965 3241 4009 80
3306 3943 3614 4008 defendit.

3703 3945 4006 4021 Poterat,
4071 3945 4316 4026 inquit,
4337 3947 4395 4028 8)

2436 4030 2662 4108 homo,
2720 4032 2776 4096 si
2827 4051 2962 4095 non
3017 4052 3100 4095 ex
3157 4031 3370 4112 prima
3428 4027 3798 4095 conditione
3853 4029 3926 4093 in
3984 4029 4154 4094 hanc
4197 4030 4394 4095 mise·

2437 4116 2607 4180 riam
2649 4120 2797 4195 [pag.
2840 4121 2990 4195 175]
3037 4115 3410 4192 decidisset,
3456 4115 3599 4179 sine
3642 4114 4031 4180 difficultate
4071 4115 4392 4180 iustitiam

2436 4208 2747 4284 appetere
2790 4210 2857 4266 et
2901 4203 3114 4283 sequi:
3158 4222 3333 4267 nunc
3376 4208 3599 4266 autem
3643 4222 3728 4265 ox
3772 4198 4148 4265 defectionis
4183 4221 4397 4283 poena

2437 4295 2787 4369 sequutum
2830 4295 2933 4351 est
2976 4288 3238 4351 vitium:
3294 4295 3369 4352 ut
3423 4288 3557 4350 iam
3609 4286 3957 4351 molestum
4003 4285 4090 4350 sit
4132 4284 4395 4350 obedire

2435 4372 2746 4438 iustitiae.
2834 4372 3214 4456 Vigilanter
3265 4370 3529 4454 quidem
3583 4372 3819 4436 conari·
3867 4390 3986 4435 nos
4051 4369 4261 4450 iubet,
4329 4380 4399 4437 et

2436 4456 2775 4540 deprecari
2839 4457 3176 4523 ardenter:
3243 4457 3442 4523 simul
3505 4466 3729 4521 tamen
3788 4465 3866 4521 ut
3925 4456 4393 4541 intelligamus,

2433 4544 2609 4626 quod
2653 4551 2720 4609 et
2762 4544 2855 4609 sic
2897 4564 3227 4621 conamur,
3274 4550 3341 4606 et
3383 4542 3477 4607 sic
3515 4541 3959 4624 deprecamur,
4006 4541 4177 4608 dono
4219 4542 4396 4608 illius

2435 4650 2555 4694 nos
2598 4629 2858 4694 habere.

2608 4714 2880 4793 Verum,
2924 4712 3007 4777 ad
3052 4712 3222 4778 hanc
3263 4733 3454 4777 suam
3497 4711 3686 4777 liberi
3730 4711 3987 4777 arbitrii
4032 4721 4101 4778 et
4142 4715 4396 4798 gratiae

2434 4799 2737 4883 copulam
2773 4797 3214 4876 astruendam,
3252 4818 3336 4862 ex
3370 4799 3593 4881 priore
3627 4797 3713 4863 ad
3755 4797 4195 4864 Valentinum
4227 4799 4394 4865 libro

2434 4886 2756 4968 optimum
2810 4884 3259 4965 testimonium
3317 4883 3561 4949 habere
3609 4904 3680 4948 se
3739 4890 3953 4966 putat,
4010 4884 4121 4950 ubi
4177 4885 4395 4950 citatis
4490 4942 4499 4949 .

2434 4971 2798 5053 scripturae
2841 4970 3207 5053 praeceptis
3223 5019 3239 5046 ,
3280 4989 3447 5052 quae
3474 4969 3774 5035 liberum
3818 4969 4190 5048 arbitrium,
4237 4968 4397 5034 dum

2574 5176 2633 5240 1)
2673 5176 2899 5230 AdverS.
2936 5173 3198 5230 Faustum
3235 5173 3467 5228 Manich.
3505 5174 3595 5228 lib.
3631 5171 3714 5226 15.

2569 5242 2632 5310 2)
2670 5244 2927 5300 Eiusdem
2960 5244 3049 5298 lib.
3088 5260 3205 5313 cap.
3244 5242 3327 5352 17.
3366 5241 3450 5297 18.
3584 5339 3595 5348 ο
3659 5239 3723 5307 3)
3763 5241 4018 5376 Οαρ.2ὲὲ.
