4967 5992
376 342 499 405 345

377 526 466 590 sit
506 525 739 608 operis.
827 524 1063 607 Itaque
1103 522 1514 608 ingeniosam
1556 523 2046 606 occupationem
2089 522 2333 588 habere

377 631 447 677 se
482 617 691 694 putat,
728 617 808 675 ιιι
840 609 1206 675 transsilire
1237 608 1519 673 ulterius
1552 608 1750 675 liceat
1780 608 2105 674 inoffenso
2144 606 2329 689 pede,

378 695 534 761 dum
576 696 870 761 infinitos
913 694 1088 761 locos
1127 715 1271 760 esse
1313 693 1491 771 dicit,
1533 693 1606 758 in
1640 693 1879 776 quibus
1921 695 2062 777 ipse
2106 713 2331 776 pugno

374 802 653 848 mecum.
744 779 1142 862 Quanquam
1177 800 1263 844 ne
1305 780 1551 862 absque
1595 787 1985 863 argumento
2026 777 2332 844 videatur

376 867 540 933 haec
581 864 813 946 dicere,
858 887 1067 930 unum
1108 886 1265 930 mox
1306 865 1584 947 profert:
1625 864 1946 929 Bifariam
1989 864 2064 928 in
2108 863 2331 928 electis

377 955 512 1019 suis
571 954 792 1017 Deum
846 952 1102 1034 operari
1155 949 1329 1029 dice,
1388 957 1580 1015 extra
1628 969 1749 1032 per
1792 948 2066 1015 verbum
2087 1000 2102 1026 ,
2146 949 2330 1012 intus

374 1060 493 1121 per
546 1038 873 1120 spiritum.
974 1034 1232 1118 Spiritu
1286 1043 1547 1100 mentes
1610 1034 2075 1109 illuminando,
2133 1031 2331 1099 corda

376 1125 446 1188 in
503 1122 792 1188 iustitiae
856 1142 1146 1186 amorem
1211 1119 1588 1203 cultumque
1652 1118 1992 1185 formando
2005 1171 2021 1197 ,
2089 1139 2331 1184 novam

377 1230 488 1275 eos
532 1215 906 1274 creaturam
946 1208 1161 1274 facere
1175 1258 1191 1286 ,
1239 1205 1438 1272 verbo
1453 1256 1468 1283 ,
1516 1204 1599 1271 ad
1642 1205 1917 1270 eandem
1961 1205 2329 1270 renovatio-

375 1315 531 1359 nem
578 1291 1016 1377 expetendam
1030 1343 1047 1373 ,
1105 1289 1565 1374 quaerendam,
1635 1290 2109 1373 assequendam
2154 1291 2330 1354 exci-

376 1389 537 1445 tare.
646 1378 779 1443 Hic
850 1399 958 1443 me
1021 1376 1366 1443 evidenter
1433 1376 1598 1440 mihi
1664 1376 2139 1454 contradicere,
2202 1376 2329 1440 isto

374 1464 570 1530 modo
624 1462 926 1529 ostendit.
1015 1464 1158 1527 Aut
1212 1463 1390 1527 enim
1434 1463 1706 1544 spiritus
1751 1463 2032 1540 actione,
2091 1462 2326 1542 inquit,

373 1551 558 1633 prior
620 1557 722 1614 est
785 1548 970 1615 verbi
1024 1546 1419 1630 praedicatio
1435 1598 1450 1624 ,
1523 1556 1638 1612 aut
1697 1548 2031 1630 posterior.
2121 1546 2328 1628 Atqui

374 1634 740 1701 secundum
805 1634 930 1699 hoc
999 1655 1040 1698 a
1099 1636 1350 1697 ratione
1417 1632 1911 1700 dissentaneum
1976 1641 2104 1697 est:
2175 1631 2330 1714 quia

373 1721 624 1786 frustra
702 1725 1095 1802 quaererent
1172 1729 1241 1783 et
1305 1725 1688 1801 appeterent
1761 1718 2327 1802 regenerationem

372 1805 623 1884 fideles,
669 1824 867 1890 quam
909 1805 1044 1868 iam
1086 1805 1477 1885 consequuti
1520 1813 1756 1869 essent.
1835 1804 2135 1870 Priorem
2170 1822 2327 1868 vero

374 1912 539 1969 esse,
586 1911 739 1956 cum
780 1888 1078 1954 doctrina
1121 1910 1270 1954 mea
1310 1909 1445 1953 non
1499 1891 1838 1955 convenit:
1900 1910 2067 1971 quae
2110 1888 2325 1953 homi·

373 1997 530 2041 nem
596 1973 719 2041 sub
781 1981 1060 2040 naturae
1124 1981 1450 2039 vetustate
1524 1994 1610 2039 ne
1686 1983 1996 2057 appetere
2062 1970 2326 2055 quidem

369 2082 566 2146 posse
606 2061 853 2126 bonum
909 2058 1130 2125 tradit.
1219 2058 1550 2124 subtilem
1593 2067 1767 2124 certe
1812 2059 2127 2124 artificem
2145 2110 2161 2136 ,
2214 2059 2326 2139 qui

368 2154 515 2212 tam
556 2147 723 2212 bene
768 2146 954 2210 novit
995 2144 1160 2209 telas
1220 2163 1610 2208 aranearum
1654 2153 1895 2209 texere.
1984 2144 2129 2227 Ego
2173 2163 2329 2208 vero

368 2231 757 2314 respondeo,
799 2229 1104 2295 fidelibus
1146 2230 1279 2293 iam
1323 2228 1727 2312 regeneratis
1769 2227 2136 2311 praedicari
2181 2249 2327 2294 ver-

368 2318 551 2395 bum,
595 2315 792 2398 idque
836 2314 1191 2381 efficaciter
1206 2366 1221 2391 ,
1267 2321 1336 2377 et
1376 2334 1528 2379 cum
1570 2314 1820 2379 fructu:
1881 2335 2013 2379 non
2055 2321 2133 2379 ut
2174 2333 2328 2378 nas-

366 2411 614 2468 cantur
653 2419 866 2467 novae
910 2408 1266 2478 creaturae,
1310 2399 1425 2464 sed
1467 2408 1541 2463 ut
1572 2410 1930 2483 augescant
1970 2406 2039 2463 et
2074 2399 2327 2464 adoles-

363 2497 547 2565 cant,
591 2487 761 2551 sicut
803 2505 1096 2550 crescere
1140 2493 1207 2549 et
1247 2486 1565 2567 proficere
1609 2492 1748 2549 tota
1792 2485 1928 2550 vita
1970 2505 2112 2549 nos·
2137 2505 2326 2567 opor-

361 2580 490 2636 tet.
561 2569 638 2637 Si
655 2569 765 2634 ‘ad
807 2590 1131 2635 summam
1180 2569 1642 2652 perfectionem
1675 2570 1887 2652 primo
1922 2570 2132 2664 gradu
2178 2591 2324 2652 per-

353 2657 729 2740 veniretur,
774 2655 1022 2720 frustra
1064 2654 1327 2738 quidem
1364 2655 1768 2733 docerentur,
1816 2657 1927 2738 qui
1964 2654 2167 2721 semel
2208 2676 2323 2720 au-

363 2742 656 2807 dierunt.
747 2739 883 2806 Sed
926 2761 1047 2805 nos
1101 2739 1281 2805 aliud
1335 2741 1730 2823 experimur.
1819 2740 1964 2805 Iam
2008 2761 2167 2824 ergo
2209 2740 2324 2805 ab·

361 2834 569 2910 rupta
611 2831 714 2891 est
753 2845 910 2909 pars
956 2845 1091 2889 una
1133 2833 1458 2892 texturae.
1558 2827 1653 2890 At
1695 2827 1822 2892 nisi
1864 2827 2242 2903 mentimur,
2273 2827 2323 2909 ¹)

360 2921 525 2977 ante
574 2911 1144 2995 regenerationem
1209 2912 1408 2978 verbo
1470 2913 1746 2977 excitari
1819 2932 2014 2976 nemo
2076 2912 2324 2994 poterit

362 2998 450 3063 ad
496 2996 936 3080 expetendum
978 2996 1110 3062 Dei
1160 2997 1484 3080 spiritum.
1583 2997 1827 3063 Merito
1881 2997 2123 3063 alicubi
2179 2998 2322 3062 Au-

358 3084 680 3169 gustinus
739 3082 1034 3149 scholam
1088 3081 1262 3148 hanc
1315 3083 1547 3165 procul
1604 3104 1645 3146 a
1701 3104 1902 3148 sensu
1945 3083 2163 3148 carnis
2217 3104 2322 3147 re-

357 3177 619 3235 motam
660 3190 802 3234 esse
846 3167 1171 3233 admonet.
1241 3167 1641 3251 Quanquam
1677 3178 2006 3251 utcunque
2045 3188 2323 3251 persua-

358 3254 512 3320 deri
552 3259 701 3333 [pag.
746 3257 891 3332 157]
942 3263 1273 3337 nequeant
1312 3253 1645 3331 homines,
1702 3254 1922 3319 stultis
1964 3255 2101 3319 suis
2144 3254 2320 3337 cogi-

359 3340 732 3406 tationibus
773 3338 1100 3418 inebriati,
1143 3341 1447 3405 convinci
1490 3346 1713 3404 tamen
1757 3347 2040 3421 possunt
2055 3391 2070 3417 ,
2101 3347 2194 3414 ,ut
2235 3361 2321 3404 ne

357 3424 656 3510 amplius
696 3425 842 3490 Deo
887 3424 1338 3507 obloquantur.
1427 3425 1764 3508 Principio
1779 3476 1795 3502 ‚
1841 3424 2130 3489 Paulum
2171 3444 2320 3489 meo

353 3511 508 3578 loco
553 3511 977 3589 substituam,
1030 3511 1142 3592 qui
1186 3510 1269 3574 ad
1312 3509 1720 3593 repellendos
1764 3510 1993 3594 Pighii
2035 3510 2321 3575 insultus

352 3597 597 3663 fortior
639 3598 769 3661 erit
810 3603 880 3660 et
918 3595 1316 3662 instructior.
1383 3596 1455 3662 Is
1498 3596 1678 3660 enim
1720 3589 1926 3660 fidem'
1956 3594 2144 3661 docet
2177 3615 2321 3660 esse

348 3704 438 3748 ex
487 3680 758 3760 auditu3
812 3689 882 3745 et
916 3683 1225 3746 continuo
1269 3689 1490 3746 tamen
1530 3682 1822 3760 subiicit,
1879 3702 2017 3745 non
2059 3681 2195 3746 nisi
2237 3703 2320 3745 ex

349 3788 606 3834 arcana
642 3766 894 3833 brachii
922 3765 1055 3831 Dei
1098 3766 1495 3834 revelatione
1538 3767 1769 3834 haberi
1813 3766 2035 3850 (Rom.
2082 3771 2178 3843 10,
2222 3771 2317 3830 16.

357 3857 495 3938 17).
589 3850 833 3930 Audis,
891 3851 1227 3917 hominem
1271 3873 1357 3917 ex
1407 3851 1775 3931 incredule,
1831 3850 2015 3917 verbi
2057 3852 2320 3935 praedi-

350 3941 637 4015 catione,
671 3937 935 4003 fidelem
971 3939 1143 4017 fieri;
1186 3938 1376 4004 audis
1410 3959 1691 4016 rursum,
1731 3937 2146 4004 incredulum
2180 3958 2320 4003 ma-

350 4047 548 4104 nere,
607 4023 815 4089 donec
867 4025 996 4088 Dei
1049 4025 1282 4106 spiritu
1349 4023 1551 4088 fuerit
1612 4024 2043 4089 illuminatus.
2134 4022 2320 4089 Haec

351 4110 488 4177 duo
558 4111 617 4176 si
681 4107 840 4191 quid
902 4108 1215 4174 videntur
1288 4108 1530 4175 habere
1607 4110 2117 4193 repugnantiae,
2186 4129 2319 4174 uno

349 4195 571 4263 verbo
614 4196 793 4259 inter
835 4216 906 4260 se
950 4194 1257 4260 conciliat
1297 4194 1581 4260 Paulus:
1641 4195 1801 4260 dum
1844 4195 1969 4262 sibi
2012 4195 2317 4261 commis-

349 4304 507 4348 sum
547 4300 694 4346 esse
728 4280 1002 4362 spiritus
1036 4280 1475 4345 ministerium
1512 4281 1850 4364 gloriatur,
1887 4289 1954 4345 et
1997 4280 2156 4363 quid
2193 4280 2319 4346 sibi

348 4368 481 4436 hoc
529 4366 710 4444 velit,
756 4363 1072 4431 declarat:
1117 4386 1357 4448 nempe
1400 4364 1573 4448 quod
1604 4367 1957 4433 efficaciter
1990 4365 2319 4448 insculpat

345 4455 550 4520 Deus
596 4451 939 4517 hominum
982 4449 1286 4518 cordibus
1329 4473 1448 4535 per
1490 4453 1817 4534 spiritum,
1862 4451 2038 4535 quod
2081 4472 2201 4537 per
2244 4472 2318 4516 os

349 4540 503 4606 eius
517 4590 536 4617 ,
583 4558 722 4603 non
765 4545 947 4615 ante,
994 4558 1116 4603 nec
1157 4549 1333 4620 post,
1392 4536 1525 4602 sed·
1552 4537 1748 4601 simul
1793 4538 2066 4624 auribus
2105 4538 2316 4620 loqui-

347 4635 486 4691 tur.
584 4622 1083 4689 Praedicatione
1140 4643 1296 4706 ergo
1350 4623 1587 4687 iacitur
1640 4643 1895 4688 semen:
1965 4631 2042 4688 ut
2094 4635 2315 4688 autem

346 4710 620 4778 radices
662 4719 844 4793 agat,
889 4715 968 4772 ιιι
1092 4708 1361 4787 rminet,
1406 4717 1483 4771 ut
1522 4708 1867 4774 fructificet
1882 4759 1898 4787 ,
1950 4707 2082 4774 Dei
2123 4709 2315 4792 spiri-

345 4807 462 4863 tus
507 4796 702 4861 intus
742 4794 917 4860 facit.
1072 4814 1221 4872 unc,
1265 4802 1344 4858 ut
1386 4792 1468 4858 ad
1512 4814 1664 4859 mea
1712 4792 1912 4858 verba
1955 4795 2156 4859 etiam
2197 4814 2316 4859 ve-

342 4884 576 4949 niam:
620 4880 820 4946 verbo
862 4880 1235 4945 excitantur
1277 4879 1578 4945 homines
1613 4876 1692 4944 ad
1732 4877 2166 4962 expetendam
2213 4898 2314 4942 re-

341 4967 874 5054 generationem.
976 4962 1301 5045 Quando?
1362 4963 1523 5029 dum
1576 4965 1851 5048 spiritus
1892 4962 2022 5029 Dei
2067 4963 2317 5030 scilicet

493 5171 566 5236 1)
618 5169 712 5225 Sic
755 5187 876 5226 cum
928 5169 1182 5234 Genucio
1237 5174 1289 5224 ot
1338 5168 1501 5225 Gallo
1552 5169 1965 5224 emendandam.
2049 5168 2318 5237 Princeps

341 5245 552 5300 hebd.-
591 5241 863 5295 mentitur.

1850 332 1982 401 DE
2025 330 2382 400 LIBERO
2422 327 2897 398 ARBI'PRIO.

4267 333 4392 395 346

2434 539 2728 604 organon
2780 519 2950 584 illud
3007 539 3203 586 suum
3246 518 3465 584 reddit
3518 519 3781 597 efficax,
3839 526 3917 583 ιιι
3957 518 4093 584 tale
4138 519 4391 586 deside-

2434 605 2609 670 rium
2652 604 2982 671 accendat.
3076 604 3471 687 Quanquam
3523 612 3860 669 momenta
3914 612 4030 670 aut
4083 605 4393 673 articulos

2434 689 2675 773 agendi
2728 691 2873 755 Deo
2926 690 3372 773 praescribere
3387 742 3403 768 ,
3462 698 3765 755 nostrum
3819 711 3950 754 non
4006 700 4124 756 est.
4214 692 4391 756 Tan-

2435 782 2584 839 tum
2636 778 3040 842 retineamus
3098 775 3312 854 illam,
3359 797 3559 859 quam
3605 775 3915 841 describit
3956 776 4238 855 Paulus,
4283 798 4389 841 ar-

2434 880 2639 925 canae
2714 861 2986 942 spiritus
3063 862 3461 944 operationis
3538 883 3689 927 cum
3764 869 4041 927 externa
4105 862 4390 927 hominis

2432 945 2921 1027 praedicatione
2977 946 3466 1031 colligationem
3482 999 3497 1026 ,
3566 956 3633 1012 et
3676 947 3922 1012 erimus
3980 949 4159 1011 omni
4218 948 4389 1013 diffi-

2432 1030 2676 1094 cultate
2718 1031 3024 1113 expediti.

2607 1114 2940 1196 Quoniam
2986 1129 3207 1184 autem
3245 1118 3565 1184 nonnulla
3599 1119 3962 1200 scripturae
3996 1120 4389 1199 testimonia,

2432 1220 2601 1281 quae
2644 1221 2881 1282 parum
2924 1203 2996 1266 in
3039 1205 3321 1285 speciem
3352 1202 3662 1269 videntur
3707 1225 3857 1268 cum
3895 1203 4196 1270 doctrina
4238 1225 4392 1272 nos-

2433 1293 2539 1349 tra
2583 1305 2971 1370 congruere,
3028 1289 3097 1352 in
3156 1309 3277 1353 nos
3322 1299 3626 1370 torquent
3679 1287 4068 1368 adversarii,
4131 1292 4203 1355 in
4243 1312 4395 1357 mea

2435 1370 2860 1437 Institutione
2905 1372 3209 1452 ostende,
3267 1373 3551 1457 qualiter
3596 1374 3763 1439 falso
3810 1383 3876 1439 et
3929 1397 4273 1459 perperam
4318 1378 4392 1441 in

2433 1455 2724 1521 alienum
2770 1480 3034 1523 sensum
3081 1460 3175 1525 sic
3212 1467 3672 1541 torqueantur,
3741 1469 3937 1542 atque
3982 1471 4060 1525 ιιι
4101 1461 4172 1527 in
4217 1484 4395 1528 com-

2432 1540 2751 1624 pendium
2793 1543 3110 1628 redigam,
3157 1546 3228 1608 in
3271 1553 3482 1610 certos
3529 1543 3792 1628 ordines
3835 1544 4155 1614 distribuo
4171 1599 4187 1627 ,
4230 1568 4393 1631 quo-

2431 1647 2586 1690 rum
2628 1628 2882 1708 primus
2925 1637 3028 1694 est
3085 1629 3166 1694 de
3220 1631 3603 1714 praeceptis.
3696 1632 3838 1695 Aut
3879 1631 4130 1712 illudit,
4178 1635 4395 1716 iuqui-

2430 1720 2585 1790 unt,
2654 1713 2843 1779 nobis
2914 1715 3098 1780 Deus
3160 1715 3651 1799 praecipiende,
3720 1727 3835 1780 aut
3903 1719 4170 1784 nonnisi
4228 1740 4393 1801 quae

2432 1809 2589 1862 sunt
2634 1799 2707 1862 in
2750 1808 3077 1881 potestate
3120 1811 3369 1881 nostra,
3416 1822 3457 1865 a
3498 1802 3687 1868 nobis
3731 1802 4025 1885 requirit.
4113 1804 4245 1870 Hic
4287 1827 4391 1869 re-

2432 1883 2753 1965 spondeo,
2819 1884 2988 1950 nihil
3054 1885 3424 1970 intelligere
3489 1908 3626 1966 eos,
3693 1888 3807 1970 qui
3875 1888 4160 1954 hominis
4216 1892 4395 1955 vires

2431 1970 2798 2051 praeceptis
2842 1972 3228 2036 metiuntur.
3286 1972 3572 2056 Pighius
3608 1971 3692 2038 ad
3734 1971 3902 2038 illud
3935 1976 4165 2039 tritum
4202 1997 4399 2040 suum

2434 2058 2583 2132 [pag.
2625 2061 2776 2143 358]
2824 2058 3088 2121 axioma
3130 2056 3323 2136 redit,
3371 2079 3505 2122 non
3540 2080 3685 2123 esse
3720 2058 4191 2141 impossibilem
4233 2059 4398 2145 legis

2432 2139 2987 2207 observationem:
3047 2141 3222 2225 quod
3284 2164 3362 2207 eo
3418 2144 3664 2207 maiore
3710 2144 3929 2209 animo
3983 2148 4396 2228 pronunciat,

2430 2224 2585 2305 quia
2633 2246 2974 2309 nunquam
3025 2228 3107 2293 de
3150 2228 3316 2313 legis
3359 2229 3815 2294 observatione
3858 2231 4028 2293 serio
4064 2232 4394 2313 cogitavit.

2433 2309 2629 2374 'Pales
2672 2311 2847 2375 enim
2899 2314 3093 2378 hodie
3147 2315 3284 2378 fere
3340 2327 3497 2380 sunt
3552 2314 3959 2398 magnanimi
4003 2315 4114 2380 isti
4159 2316 4396 2400 gigan-

2432 2402 2563 2474 tes,
2619 2397 2730 2478 qui
2786 2396 2869 2462 de
2933 2398 3097 2482 legis
3152 2399 3495 2477 facilitate,
3543 2397 3623 2463 de
3669 2420 3943 2483 operum
3981 2400 4267 2480 meritis,
4313 2400 4394 2467 de

2430 2481 2830 2561 perfectione
2874 2483 3451 2566 philosophantur:
3512 2485 3648 2549 alto
3684 2486 3732 2566 ¹)
3780 2487 3958 2549 enim
4010 2487 4244 2569 spiritu
4282 2486 4395 2553 de-

2430 2574 2763 2647 spumant,
2807 2569 3023 2652 legem
3050 2568 3400 2638 observatu
3426 2570 3807 2654 possibilem
3833 2592 3995 2649 esse,
4022 2572 4205 2636 cuius
4242 2572 4393 2638 nul-

2429 2650 2561 2715 lam
2606 2653 2875 2719 omnino
2910 2662 3184 2737 partem,
3231 2657 3339 2723 vel
3383 2657 3658 2720 minimo
3693 2656 3921 2742 digito,
3956 2677 4249 2739 unquam
4293 2667 4391 2724 at-

2429 2736 2745 2820 tigerunt.
2834 2741 2928 2804 At
2980 2742 3036 2805 si
3081 2742 3286 2807 semel
3331 2742 3437 2808 vel
3492 2741 3625 2807 levi
3669 2742 4193 2825 apprehensione
4236 2764 4391 2809 con-

2428 2822 2738 2904 ciperent,
2764 2824 2922 2907 quid
2959 2827 3047 2893 sit
3066 2826 3261 2892 illud:
3289 2826 3515 2911 Dilige
3554 2828 3922 2892 Dominum
3945 2829 4166 2894 Deum
4192 2839 4386 2895 tuum

2428 2928 2512 2971 ex
2551 2918 2688 2975 toto
2730 2910 2953 2990 corde,
3000 2934 3086 2977 ex
3130 2921 3271 2978 tota
3309 2920 3551 2991 mente,
3600 2933 3684 2978 ex
3728 2915 3885 2988 totis
3929 2914 4183 2981 viribus
4238 2918 4386 2995 tuis,

2428 3005 2862 3078 agnoscerent
2903 3000 3193 3079 profecto
3208 3050 3224 3078 ,
3278 3019 3473 3081 quam
3518 2999 3748 3082 procul
3790 3001 3872 3066 ab
3918 2999 4061 3066 eius
4105 3001 4389 3083 comple-

2426 3091 2651 3145 mento
2708 3080 2952 3147 distare
3008 3085 3344 3149 hominem
3402 3105 3667 3150 necesse
3713 3086 3832 3164 sit,
3891 3086 4201 3168 quamdiu
4244 3109 4385 3154 cor-

2427 3186 2586 3248 pore
2655 3166 2779 3232 hoc
2845 3169 3112 3234 mortali
3168 3170 3628 3236 circumdatur.
3735 3169 3871 3237 Sed
3938 3193 4059 3237 nos
4120 3173 4192 3236 in
4258 3173 4386 3238 alia

2427 3251 2789 3316 etiamnum
2833 3256 3216 3335 quaestione
3260 3276 3614 3321 versamur.
3690 3257 3840 3321 Non
3882 3257 4060 3321 enim
4103 3258 4385 3340 implen-

2426 3335 2550 3401 dae
2585 3336 2796 3416 mod0,
2842 3338 2958 3404 sed
3000 3341 3200 3405 etiam
3234 3340 3645 3406 inchoandae
3687 3341 3821 3427 legi
3864 3342 4181 3424 imparem
4226 3342 4383 3408 dici-

2426 3443 2575 3487 mus
2620 3442 2765 3487 esse
2820 3423 3188 3490 hominem:
3237 3447 3358 3491 nec
3412 3427 3768 3508 perfectam
3828 3425 4023 3491 modo
4081 3441 4148 3491 et
4188 3449 4382 3494 exac-

2426 3514 2564 3571 tam
2608 3507 2900 3574 iustitiae
2941 3509 3419 3592 plenitudinem
3436 3563 3453 3590 ,
3512 3511 3628 3576 sed
3671 3512 3972 3576 infimam
4018 3532 4271 3596 quoque
4317 3523 4386 3579 et

2405 3592 2805 3668 ,facillimam
2839 3603 3098 3676 partem
3139 3595 3315 3662 illius
3350 3597 3771 3664 facultatibus
3811 3599 4217 3680 superiorem
4239 3620 4385 3666 esse

2426 3677 2723 3757 dicimus,
2769 3700 2931 3762 quas
2975 3680 3138 3747 adeo
3183 3682 3253 3745 in
3298 3682 3576 3748 sublime
3619 3683 3699 3748 Pi
3749 3683 3901 3748 hius
3946 3684 4188 3749 evehit.
4272 3688 4382 3752 An

2426 3771 2648 3829 autem
2692 3786 2923 3830 verum
2978 3767 3146 3832 illud
3191 3770 3278 3833 sit
3324 3790 3560 3846 necne,
3618 3791 3703 3834 no
3732 3791 3769 3834 o
3807 3775 3887 3833 ιιι
3931 3772 4256 3853 quispiam
4282 3793 4385 3843 ,ex

2424 3870 2531 3914 me
2585 3849 2818 3915 discat:
2877 3851 2993 3916 sed
3058 3854 3355 3918 consulat
3427 3856 3876 3938 unusquisque
3930 3855 4231 3921 fidelium
4287 3859 4384 3923 vi-

2423 3956 2581 4000 vam
2623 3936 2777 4000 fidei
2823 3939 3298 4020 experientiam
3314 3992 3329 4018 ,
3376 3949 3518 4004 tum
3564 3940 3810 4006 certius
3854 3941 3949 4006 rei
3992 3962 4191 4024 quam
4238 3964 4385 4007 ver·

2422 4020 2526 4085 bis
2567 4022 2981 4088 assentietur.
3049 4023 3196 4089 Iam
3241 4046 3409 4108 quae
3454 4024 3537 4089 ad
3581 4026 3778 4091 huius
3822 4029 4188 4092 sententiae
4227 4047 4383 4091 con-

2422 4108 2864 4173 firmationem
2909 4109 3276 4177 clarissima
3317 4109 3517 4177 Pauli
3562 4112 3938 4177 testimonia
3980 4111 4209 4196 allego,
4255 4114 4384 4178 rite

2423 4213 2496 4257 se
2541 4192 2812 4259 diluisse
2854 4204 3072 4277 putat,
3121 4218 3325 4279 quum
3370 4197 3500 4261 huc
3542 4219 3674 4262 non
3718 4198 4051 4280 pertinere
4094 4218 4383 4280 pronun-

2422 4278 2636 4345 ciavit.
2720 4281 2831 4344 An
2918 4283 3028 4347 uia
3069 4302 3190 4364 per
3230 4284 3464 4366 legem,
3508 4283 3743 4365 inquit,
3781 4284 4067 4365 cognitio
4110 4286 4380 4367 peccati,

2422 4362 2571 4429 ideo
2624 4302 3047 4447 impossibilis
3113 4377 3218 4434 est
3280 4369 3447 4453 legis
3508 4365 3920 4435 observatio?
4023 4369 4170 4453 Ego
4225 4391 4380 4436 vero

2421 4470 2558 4514 non
2614 4449 2680 4513 id
2732 4449 2954 4529 modo,
3010 4453 3126 4518 sed
3181 4454 3428 4519 serium
3484 4473 3740 4536 quoque
3782 4452 4177 4520 observandi
4236 4469 4379 4521 stu·

2423 4533 2606 4598 dium
2662 4537 3060 4619 impossibile
3113 4560 3286 4618 esse,
3331 4539 3486 4603 inde
3527 4538 3792 4622 colligo:
3852 4540 4020 4608 sicut
4060 4539 4187 4606 loci
4223 4561 4379 4606 con-

2420 4626 2649 4686 textus
2694 4624 3061 4688 necessario
3103 4625 3410 4707 postulat.
3500 4623 3674 4688 Nam
3727 4624 3842 4690 illa
3884 4626 4267 4706 quaestione
4306 4629 4378 4692 in

2418 4704 2712 4770 medium
2756 4707 2987 4789 posita,
3118 4710 3324 4775 ssitne
3366 4708 3646 4775 obtineri
3690 4711 3943 4794 iustitia
3984 4731 4104 4794 per
4142 4712 4374 4795 legem,

2420 4799 2497 4890 ut
2537 4790 2662 4857 hoc
2704 4731 3116 4873 impossibile)
3165 4814 3308 4860 esse
3351 4794 3732 4874 convincat,
3788 4796 3912 4863 hac
3964 4807 4225 4862 tantum
4268 4818 4375 4861 ra-

2419 4881 2600 4940 tione
2636 4878 2875 4941 utitur:
2914 4899 3035 4960 per
3056 4879 3269 4964 legem
3293 4881 3578 4965 cognitio
3615 4882 3865 4964 peccati
3900 4882 4122 4967 (Rom.
4154 4886 4211 4958 3,
4239 4886 4372 4967 20).

2423 5167 2434 5180 ι
2559 5097 2618 5164 1)
2659 5096 2752 5153 Sic
2786 5098 2905 5152 sola
2942 5099 3227 5170 princeps,
3272 5100 3647 5185 adsumente
3685 5102 4222 5227 Galloafflvertih
4269 5102 4374 5185 Car

2417 5166 2822 5302 hianti-ntitgpcnent
2853 5183 2983 5236 gros
3006 5171 3159 5294 ²22
3170 5169 3345 5294 ..ωᾶιὲ
3373 5188 3573 5241 gesner.
3646 5169 3743 5226 Ea.-
3782 5169 3835 5226 0
4066 5170 4365 5240 exemplam
