4967 5992
1412 1577 2178 1677 SUPPLEX
2266 1576 3396 1676 EXHORTATIO

2313 1738 2473 1793 ,AD
2586 1767 2599 1780 .

493 1821 1239 1919 'mvlo'mssmmit
1279 1849 1792 1958 cassania
1835 1849 2296 1962 oAROLuM
2339 1825 2773 1933 Qunam
2800 1823 2937 1953 [nm
2977 1846 3769 1930 ILLusmmssmos
3786 1905 3795 1912 .
3813 1845 4315 1918 Pamoffss

603 1997 614 2008 ·
887 1975 896 1984 '
1939 1984 2419 2069 ALIOSQUE
2465 1965 2955 2052 onnmns.-·
3284 1975 3293 1986 ·
3960 2025 3969 2034 -

571 2169 870 2244 Indi‘ctus
913 2184 1015 2242 est
1055 2175 1172 2241 abs
1215 2182 1283 2239 te
1325 2169 1688 2240 conventus
1719 2173 1870 2252 hic,
1915 2172 2165 2240 Caesar
2213 2176 2351 2239 Au·

399 2271 590 2348 guste
604 2314 621 2341 ,
687 2264 760 2327 in
812 2282 942 2344 quo
1001 2260 1083 2325 de
1141 2260 1472 2343 praesenti
1528 2259 1838 2326 eeclesiae
1889 2266 2068 2325 statu
2084 2310 2101 2340 ,
2156 2279 2354 2343 quem

394 2349 846 2416 miserrimum
898 2354 967 2411 et
1017 2345 1138 2428 pro
1278 2342 1696 2427 deploratum
1732 2365 1958 2411 omnes
2000 2345 2352 2425 cernimus,

394 2436 469 2500 in
524 2433 762 2499 melius
827 2430 1127 2515 corrigen
1172 2450 1212 2494 o
1274 2429 1603 2494 rationem
1668 2451 1818 2496 cum
1875 2429 2354 2497 Illustrissimis

388 2518 657 2604 imperii
695 2515 1115 2600 Principibus
1158 2513 1633 2598 ordinibusque
1668 2515 1815 2581 aliis
1860 2516 2043 2583 ineas
2086 2516 2353 2582 tandem

396 2614 598 2687 atque
635 2603 1043 2686 constituas.
1131 2599 1244 2666 Ad
1296 2599 1470 2666 hanc
1532 2601 1753 2683 itaque
1800 2601 2353 2674 consultationem

391 2688 658 2773 quando
699 2709 878 2754 nunc
918 2685 1286 2765 considetis,
1331 2687 1621 2769 primum
1665 2686 1781 2752 abs
1823 2693 1910 2765 te,
1957 2686 2218 2766 Caesar,
2266 2689 2354 2753 si-

389 2775 534 2840 mul
578 2775 778 2839 etiam
822 2793 862 2837 a
908 2772 1106 2852 vobis,
1148 2770 1591 2837 Illustrissimi
1630 2769 2006 2857 Principes,
2053 2782 2120 2837 et
2145 2773 2353 2838 'orna-

392 2859 634 2926 tissimi
676 2859 824 2937 viri,
855 2857 1152 2941 supplex
1185 2864 1337 2939 peto
1373 2864 1570 3006 stage
1615 2858 1858 2941 flagito,
1904 2879 2068 2941 quae
2111 2860 2180 2924 in
2214 2878 2352 2923 me-

393 2942 576 3010 dium
631 2944 987 3027 proferam,
1040 2941 1261 3027 legere
1315 2949 1383 3006 et
1488 2942 1792 3026 ‘igenter
1849 2944 2223 3028 ex'pendere
2265 2964 2354 3009 ne

394 3029 785 3114 gravemini.
874 3029 979 3094 Ea
1033 3035 1134 3094 est
1187 3025 1577 3112 magnitudo
1627 3037 1890 3096 causae‘
1928 3038 1997 3094 et
2038 3030 2350 3115 gravitas,

391 3136 565 3199 quae
605 3135 726 3180 vos
770 3114 855 3179 ad
886 3113 1193 3180 audiendi
1237 3111 1531 3179 studium
1565 3114 1842 3181 incitare
1886 3115 2136 3182 debeat.
2203 3115 2352 3200 Ego

395 3221 555 3270 vero
598 3221 740 3265 rem
799 3208 952 3264 ante
1007 3200 1228 3264 oculos
1272 3200 1366 3263 ita
1410 3197 1594 3265 vobis
1639 3217 2006 3283 proponam
2022 3252 2037 3276 ‚
2094 3210 2173 3266 ut
2215 3210 2351 3265 sta-

396 3299 584 3352 tuere
627 3306 762 3351 non
809 3284 1161 3351 difficulter
1216 3284 1500 3367 possitis,
1590 3306 1874 3351 uaenam
1913 3287 2051 3352 sint
2090 3299 2351 3352 vestrae

388 3380 633 3456 partes.
700 3370 1016 3454 Quisquis
1059 3371 1204 3448 sim,
1250 3378 1319 3434 et
1350 3371 1497 3452 piae
1585 3371 1893 3448 octrinae‚
1938 3380 2007 3437 et
2040 3371 2351 3437 ecclesiae

389 3458 830 3541 patrocinium
894 3477 1003 3522 me
1058 3455 1166 3521 hic
1229 3455 1562 3539 suscipere
1611 3456 1938 3538 profiteor.
2024 3456 2173 3524 Hoc
2231 3478 2350 3523 no·

386 3545 572 3609 mine
629 3563 838 3609 unum
892 3542 1128 3608 saltem
1183 3540 1364 3606 istud
1421 3542 1664 3606 mereri
1720 3541 1976 3621 videor,
2045 3564 2130 3608 ne
2183 3543 2351 3607 mihi

387 3628 793 3695 audientiam
837 3648 1124 3711 eousque
1167 3627 1452 3711 negetis,
1509 3626 1669 3692 dum
1711 3635 2053 3711 appareat,
2100 3628 2350 3695 falsone

385 3713 711 3782 eiusmodi
771 3713 1041 3779 titulum
1106 3732 1448 3796 usurpem:
1515 3732 1601 3777 an
1662 3712 1945 3778 fideliter
1999 3721 2347 3798 praestem,

383 3820 589 3883 reque
630 3801 775 3883 ipsa
814 3799 1180 3879 exhibeam,
1224 3797 1398 3881 quod
1440 3819 1602 3883 prae
1644 3819 1752 3863 me
1794 3800 1950 3865 fero.
2039 3800 2190 3866 Etsi
2231 3821 2348 3866 au-

383 3897 524 3952 tem
569 3892 757 3951 tanto
801 3886 983 3951 oneri
1010 3904 1420 3968 nequaquam
1444 3904 1676 3968 parem
1704 3906 1847 3951 esse
1891 3906 1998 3950 me
2043 3887 2207 3952 scio:
2237 3884 2349 3956 ubi

383 3983 612 4039 tamen
657 3992 697 4037 a
738 3970 923 4037 vobis
959 3971 1156 4037 officii
1199 3970 1334 4036 mei
1356 3971 1525 4036 ratio
1557 3968 1780 4036 audita
1817 3970 2039 4051 fuerit,
2076 3972 2348 4038 minime

381 4077 650 4137 vereor,
717 4077 802 4123 ne
861 4055 968 4125 vel
1032 4055 1394 4137 socordiae,
1462 4055 1570 4122 vel
1624 4058 2015 4123 temeritatis
2059 4078 2345 4136 accuser,

384 4141 781 4227 quod‘hanc
821 4142 1229 4226 provinciam
1265 4143 1485 4208 subire
1529 4162 1728 4208 ausus
1771 4163 1937 4207 sum.
2006 4143 2196 4209 Duae
2241 4165 2346 4209 res

385 4231 538 4308 [pag.
585 4234 652 4310 4]
708 4235 891 4308 sunt,
949 4228 1188 4311 quibus
1231 4225 1690 4293 commendare
1743 4225 2057 4312 quidquid
2115 4236 2344 4314 agunt,

381 4315 492 4382 vel
537 4321 712 4381 certe
769 4312 1145 4393 defendere,
1204 4313 1505 4379 homines
1560 4313 1698 4378 fere
1741 4314 1974 4380 solent.
2064 4314 2241 4381 Nam
2280 4324 2349 4380 et

383 4401 563 4483 quod
608 4400 882 4466 honeste
934 4400 1171 4483 pioque
1228 4398 1445 4465 studio
1488 4400 1731 4465 factum
1777 4409 1878 4465 est
1891 4451 1907 4478 ‚
1964 4400 2159 4466 laude
2200 4400 2343 4486 dig-

382 4508 567 4565 num,
613 4493 683 4553 et
723 4483 900 4570 quod
941 4485 1202 4569 publica
1242 4485 1631 4551 necessitate
1686 4507 2097 4569 expressum,
2145 4507 2346 4554 excu-

378 4572 637 4638 satione
708 4572 945 4641 saltem
996 4592 1134 4637 non
1184 4570 1536 4655 indignum
1587 4570 2003 4637 arbitramur.
2090 4573 2347 4638 Earum

379 4678 591 4741 quum
625 4670 906 4741 utraque
938 4658 1104 4723 mihi
1135 4662 1409 4736 constet,
1455 4675 1590 4720 non
1628 4654 1876 4736 dubito,
1924 4679 2091 4740 quae
2123 4668 2346 4725 vestra

378 4753 488 4809 est
545 4746 837 4827 aequitas
850 4795 868 4824 ,
930 4745 1089 4827 quin
1148 4762 1372 4808 meum
1416 4740 1538 4808 hoc
1591 4742 1938 4808 consilium
1981 4743 2345 4827 approbare

375 4829 573 4896 facile
615 4830 801 4896 vobis
836 4830 1098 4913 possim.
1165 4829 1340 4894 Nam
1381 4828 1497 4893 ubi
1540 4828 1776 4893 melius
1821 4834 1938 4893 aut
1980 4827 2340 4910 honestiuS,

377 4916 499 4981 ubi
542 4916 761 4996 etiam,
806 4915 930 4983 hoc
971 4914 1238 5000 quidem
1275 4922 1587 4999 tempore,
1631 4914 1705 4978 in
1744 4935 1818 4980 re
1860 4914 2074 4998 magis
2115 4935 2342 4982 neces-

375 5002 576 5081 saria,
623 5021 894 5085 operam
935 5001 1104 5067 mihi
1144 5000 1461 5068 collocare
1500 4998 1714 5079 liceat,
1759 5020 1957 5083 quam
1998 5000 2057 5065 si
2090 4997 2343 5067 Christi

374 5086 721 5166 ecclesiae,
781 5087 886 5153 cui
944 5086 1110 5151 nihil
1154 5089 1417 5153 omnino
1462 5084 1789 5170 denegare
1830 5086 1930 5151 fas
1975 5093 2101 5165 est,
2158 5085 2340 5152 labo-

375 5174 558 5237 ranti
593 5192 775 5239 nunc
796 5174 1107 5257 graviter,
1145 5182 1213 5239 et
1245 5181 1540 5239 extremo
1572 5172 1642 5236 in
1681 5171 2059 5237 discrimine
2095 5173 2338 5257 agenti,

371 5279 504 5343 pro
569 5279 719 5325 mea
771 5258 946 5326 virili
1014 5258 1241 5326 adesse
1295 5256 1537 5326 coner?
1626 5255 2020 5341 Quanquam
2088 5258 2169 5325 de
2233 5280 2340 5326 me

2455 2157 2599 2257 ipso
2656 2173 2945 2238 multum
3000 2153 3301 2257 praefari'
3337 2129 3508 2240 nihil
3565 2145 3820 2238 attinet.
3909 2174 4200 2242 Perinde
4252 2141 4425 2246 acci·-

2455 2258 2592 2342 pite
2635 2258 2811 2342 quod
2853 2257 3099 2339 dicam,
3156 2280 3233 2325 ao
3276 2259 3334 2323 si
3391 2277 3622 2325 eorum
3663 2258 3988 2339 omnium,
4049 2262 4161 2343 qui
4217 2262 4424 2330 eccle-

2458 2345 2657 2424 siam,
2705 2343 2809 2412 vel
2855 2344 3234 2410 restitutam
3274 2344 3411 2410 iam
3455 2351 3802 2422 curarunt,
3844 2344 3954 2411 vel
4003 2347 4278 2428 cupiunt
4318 2368 4422 2413 re—

2458 2430 2647 2496 stitui
2691 2430 2765 2494 in
2790 2449 3025 2497 verum
3057 2428 3372 2510 ordinem,
3418 2449 3555 2494 una
3599 2450 3747 2495 vox.
3773 2439 4174 2512 personaret.
4243 2430 4424 2498 Sunt
4524 2509 4535 2520 ι

2456 2515 2706 2598 aliquot
2745 2536 2882 2581 non
2923 2516 3191 2581 infimae
3233 2513 3576 2600 dignitatis
3618 2515 3969 2599 principes,
4014 2525 4173 2582 sunt
4213 2518 4422 2602 insig-

2453 2621 2580 2684 nes
2617 2600 3026 2684 respublicae
3069 2622 3206 2666 non
3246 2621 3494 2685 paucae
3546 2601 3619 2665 in
3663 2601 3789 2666 hac
3829 2621 4041 2667 causa.
4131 2603 4268 2667 Pro
4313 2603 4422 2670 his

2457 2686 2761 2753 omnibus
2817 2686 2912 2752 ita
2964 2708 3141 2753 unus
3193 2686 3455 2770 loquor,
3525 2693 3605 2752 ut
3660 2686 3887 2753 verius
3949 2707 4073 2786 per
4126 2708 4235 2753 me
4287 2710 4420 2755 uno

2458 2792 2574 2837 ore
2631 2772 2828 2839 simul
2883 2772 3238 2855 loquantur
3290 2792 3539 2838 omnes.
3627 2771 3759 2837 His
3808 2770 4034 2838 addite
4089 2774 4422 2841 infinitam

2457 2858 2716 2941 piorum
2751 2858 3100 2930 hominum
3132 2856 3652 2938 multitudinem,
3695 2858 3809 2941 qui
3829 2878 3948 2941 per
3970 2858 4189 2925 varias
4211 2859 4420 2928 chris-

2459 2944 2625 3010 tiani
2689 2944 2868 3010 orbis
2931 2952 3155 3027 partes
3219 2942 3518 3027 dissipati
3534 2994 3550 3022 ,
3618 2964 3753 3009 uno
3818 2951 4040 3010 tamen
4094 2965 4419 3013 consensu

2457 3029 2625 3095 mihi
2681 3030 2749 3094 in
2805 3028 2930 3096 hac
2986 3030 3241 3097 actione
3292 3029 3729 3097 subscribunt.
3817 3030 4124 3113 Denique
4187 3039 4421 3115 putate

2455 3115 2630 3182 hanc
2671 3136 3097 3181 communem
3130 3137 3274 3182 esse
3315 3117 3681 3181 orationem
3711 3116 4026 3194 omnium,
4073 3118 4186 3199 qui
4228 3139 4419 3200 prae-

2457 3207 2717 3266 sentem
2772 3200 3082 3266 ecclesiae
3142 3201 3632 3284 corruptionem
3690 3201 3783 3266 ita
3837 3202 4007 3265 serio
4053 3199 4418 3285 deplorant,

2456 3295 2533 3350 ut
2583 3293 2917 3368 nequeant
2983 3284 3236 3352 diutius
3294 3287 3496 3353 ferre:
3562 3285 3828 3350 nullum
3890 3286 4096 3351 finem
4159 3290 4416 3367 facturi,

2457 3370 2665 3438 donec
2716 3371 3005 3453 aliquam
3041 3371 3567 3437 emendationem
3625 3370 3928 3437 viderint.
4017 3369 4171 3438 Scio
4218 3394 4419 3456 quam

2455 3456 2696 3523 odiosis
2748 3455 3131 3522 nominibus
3197 3456 3282 3521 ad
3333 3457 3676 3522 infamiam
3743 3462 4069 3522 notemur.
4161 3457 4420 3526 Verum

2454 3562 2842 3626 quocunque
2916 3540 3188 3607 tandem
3252 3543 3521 3607 nomine
3590 3540 3925 3625 appellare
3986 3562 4107 3608 nos
4184 3543 4414 3624 libeat3

2457 3634 2607 3708 [pag.
2648 3632 2711 3707 5]
2756 3629 3009 3693 interea
3048 3649 3318 3695 oausam
3362 3627 3603 3707 audite,
3645 3637 3712 3691 et
3752 3627 3907 3692 inde
3947 3634 4178 3712 postea
4218 3632 4417 3697 aesti-

2453 3725 2649 3793 mate,
2694 3734 2822 3797 quo
2864 3712 3005 3780 loco
3048 3713 3278 3780 haberi
3322 3714 3691 3780 debeamus.

2623 3800 2958 3882 Principio
3012 3819 3148 3864 non
3201 3801 3539 3883 quaeritur
3584 3821 3669 3866 an
3709 3798 3958 3865 morbis
4008 3797 4264 3866 laboret
4306 3823 4415 3869 ec-

2452 3885 2680 3967 clesia,
2747 3896 2814 3951 et
2867 3884 3104 3951 multis
3157 3893 3227 3950 et
3277 3885 3583 3969 pessimis
3646 3884 3932 3968 (constat
3991 3887 4177 3951 enim
4239 3887 4417 3953 inter

2450 3993 2708 4051 omnes,
2767 3972 2876 4055 qui
2921 3971 3031 4036 vel
3073 3969 3490 4037 mediocriter
3548 3969 3896 4056 iudicant),
3955 3969 4069 4036 sed
4125 3992 4212 4037 an
4269 3974 4415 4039 eius

2451 4057 2716 4142 generis
2759 4057 2896 4123 sint
2937 4056 3184 4136 morbi,
3238 4078 3517 4141 quorum
3565 4056 3937 4140 longiorem
3979 4076 4231 4121 moram
4274 4079 4412 4124 non

2446 4145 2618 4209 ferat
2644 4144 2924 4209 curatio:
2971 4150 3048 4208 ut
3088 4143 3288 4209 nimis
3319 4144 3505 4209 lenta
3547 4138 3839 4208 remedia
3863 4149 4248 4224 exspectare
4290 4166 4413 4211 nee

2448 4229 2610 4295 utile
2655 4229 2757 4308 sit,
2803 4248 2927 4294 nec
2970 4228 3214 4294 deceat.
3302 4230 3714 4295 Accusamur
3757 4228 4142 4293 temerariae
4186 4235 4254 4294 et
4285 4230 4413 4294 im-

2448 4316 2596 4399 piae
2640 4315 3009 4380 novationis
3023 4366 3040 4393 ,
3086 4313 3260 4398 quod
3302 4316 3569 4380 omnino
3611 4310 3976 4397 quidquam
4019 4314 4164 4379 ausi
4206 4315 4413 4380 fueri-

2448 4422 2601 4466 mus
2645 4422 2730 4467 ex
2783 4400 3051 4483 antiquo
3108 4408 3290 4467 statu
3344 4402 3418 4464 in
3473 4398 3749 4466 ecclesia
3812 4419 4092 4464 movere.
4186 4398 4409 4481 Quid?

2448 4487 2789 4564 Etiamne,
2836 4486 2893 4550 si
2935 4507 3057 4552 nec
3101 4486 3344 4569 absque
3387 4487 3672 4564 ratione,
3719 4505 3840 4550 nec
3881 4504 4230 4567 perperam
4274 4489 4413 4552 fac-

2450 4581 2596 4639 tum
2649 4571 2780 4638 sit?
2871 4570 3076 4651 Sunt,
3137 4580 3217 4636 ut
3267 4570 3494 4650 audio,
3554 4571 3666 4654 qui
3723 4591 3809 4634 ne
3851 4571 3922 4635 in
3980 4570 4103 4636 hoc
4146 4570 4411 4655 quidem

2448 4659 2765 4724 damnare
2820 4678 2943 4722 nos
2997 4657 3323 4723 dubitent:
3383 4656 3540 4742 quia
3583 4654 4018 4740 expetendam
4061 4656 4327 4739 quidem
4357 4660 4409 4743 ¹)

2447 4768 2489 4810 a
2532 4744 2720 4811 nobis
2766 4743 2969 4809 fuisse
3013 4743 3501 4822 correctionem,
3546 4743 3792 4808 tentari
3838 4763 3993 4808 vero
4037 4764 4172 4807 non
4214 4764 4409 4826 opor-

2445 4832 2681 4909 tuisse,
2729 4836 3055 4897 censeant.
3114 4830 3178 4894 A
3223 4829 3459 4913 quibus
3501 4827 3672 4893 nihil
3713 4828 4068 4911 impetrare
4113 4828 4292 4894 aliud
4334 4829 4409 4893 in

2443 4917 2818 5000 praesentia
2872 4913 3104 4995 velim,
3160 4915 3289 4980 nisi
3339 4920 3417 4980 ut
3457 4913 3791 4998 paulisper
3844 4913 4161 4980 iudicium
4203 4914 4407 4978 susti-

2443 5008 2680 5081 neant,
2738 5000 2944 5067 donec
2987 5022 3070 5065 ex
3114 5022 3189 5066 re
3228 5002 3373 5087 ipsa
3417 4998 3764 5068 ostendero
3781 5050 3797 5081 ,
3842 5020 4055 5084 neque
4098 5019 4219 5065 nos
4253 5004 4407 5064 ante

2582 5272 2643 5339 1)
2678 5271 2891 5340 quidam
2926 5270 3304 5345 1576—16113
3345 5274 3543 5330 Gallus
3577 5290 3799 5330 aucuns.
