4967 5992
606 386 684 447 51
778 407 781 410 ⁴
1920 378 2044 444 LE
2081 375 2683 444 OATEOHISME
2720 377 2849 443 DE
2895 375 3296 443 GENEV'E.
4526 378 4600 441 52

1446 568 1716 622 n'mm.

778 635 1008 700 Voire:
1065 641 1135 702 et
1189 656 1395 702 avons
1449 635 1585 702 dict
1639 656 1764 718 que
1815 636 1880 700 16
1924 655 2096 718 vray
2147 640 2216 699 et
2265 633 2558 718 legitime

603 723 854 790 service
899 720 981 787 de
1023 719 1202 788 Dieu
1255 722 1536 789 consiste
1581 743 1666 797 en
1711 743 1784 788 66
1823 742 1948 805 que
1990 742 2158 787 nous
2200 720 2557 787 obeissions

602 814 647 876 a
689 827 763 875 sa
800 807 1092 874 volante.

1397 929 1465 964 m
1499 928 1757 965 mm

776 978 1178 1065 Pourquoy?

1447 1081 1717 1136 n’znnxr.

777 1149 1098 1216 D’autant
1150 1142 1306 1233 quffl
1364 1172 1448 1217 ne
1499 1158 1662 1216 veut
1759 1170 1833 1215 as
1885 1156 2059 1216 estre
2117 1169 2319 1232 serry
2374 1149 2558 1214 selon

604 1242 827 1303 nostre
866 1236 1161 1315 fantasie‚
1208 1237 1374 1303 mais
1418 1244 1461 1302 a
1502 1258 1622 1302 son
1663 1257 1708 1320 p
1779 1236 1793 1250 ’
1834 1234 1911 1301 ir.

776 1490 1013 1641 Qgelle
1059 1492 1263 1577 reigle
1305 1443 1474 1558 nothins
1494 1441 1935 1559 Ἠτῗὸωόο
1976 1510 2144 1589 pour
2186 1511 2351 1558 nous
2395 1511 2555 1576 gou-

600 1598 843 1646 verner

1446 2003 1712 2058 L’mru'r.

773 2069 870 2139 Sa
906 2072 1073 2158 Loy.

1392 2195 1458 2229 13
1492 2194 1751 2230 mm·

772 2241 1112 2324 Qu'est-ce
1157 2244 1392 2327 qu’elle
1436 2243 1771 2311 contient?

1438 2348 1707 2402 n’mrm.

766 2414 917 2481 Elle
960 2421 1062 2481 est
1104 2413 1349 2483 divisee
1392 2438 1477 2482 en
1522 2414 1695 2482 deux
1736 2416 2012 2499 parties:
2069 2415 2228 2483 dont
2281 2417 2349 2483 16
2398 2438 2551 2501 pre-

595 2500 799 2566 miere
861 2502 1155 2568 contient
1218 2508 1448 2584 quatre
1513 2500 2115 2584 commandemens,
2189 2508 2256 2568 et
2317 2501 2552 2570 l’autre

596 2587 731 2652 six:
775 2587 943 2652 ainsi
982 2608 1066 2651 en
1108 2592 1255 2652 tout
1297 2606 1369 2652 ce
1414 2594 1563 2654 sont
1609 2586 1744 2653 dix.

743 2674 753 2685 ι
1387 2708 1456 2742 u:
1488 2708 1748 2743 mn!-

769 2754 905 2838 Qui
951 2778 991 2822 a
1032 2757 1189 2822 faiot
1231 2763 1407 2823 ceste
1449 2755 1774 2824 division?

1438 2860 1706 2915 n’nrur.

764 2925 999 2994 DIEU
1043 2948 1306 3007 mesme,
1353 2930 1467 3012 qui
1510 2929 1598 2995 l'a
1641 2928 1896 2994 (166666
1930 2928 2165 2995 escrite
2201 2937 2243 2996 a
2281 2934 2398 3010 [fol.
2438 2937 2545 3009 25]

594 3012 830 3097 Moyse
872 3033 959 3079 66
1002 3013 1177 3079 deux
1221 3013 1457 3082 Tables
1471 3067 1486 3095 ,
1544 3022 1613 3081 et
1655 3036 1696 3080 a
1738 3014 1874 3082 dict
1914 3013 2147 3099 qu’elle
2204 3037 2276 3083 se
2327 3015 2550 3083 redui-

593 3097 810 3248 soitss
840 3119 926 3163 en
961 3099 1077 3165 dix
1109 3100 1393 3184 parolles
1431 3101 1667 3185 (Exod.
1707 3105 1809 3181 24,
1852 3104 1928 3166 12
1966 3110 2035 3167 et
2070 3104 2184 3182 32,
2227 3105 2304 3167 15
2342 3110 2410 3168 et
2444 3107 2547 3185 34,

593 3187 705 3266 29;
813 3192 940 3251 eut.
979 3192 1039 3266 4,
1082 3190 1158 3251 13
1197 3193 1264 3252 et
1303 3192 1400 3266 10,
1441 3187 1528 3273 3).

1385 3308 1452 3343 13
1485 3309 1745 3345 mm

764 3354 939 3437 Quel
985 3363 1087 3424 est
1125 3357 1523 3443 l’argument
1565 3358 1646 3424 de
1688 3358 1757 3425 la
1796 3360 2120 3443 premiere
2164 3360 2368 3426 Table
2381 3359 2414 3425 ⁶?

1434 3461 1701 3516 n’nuuxr.

764 3529 1107 3596 'I'ouchant
1148 3528 1213 3594 la
1256 3531 1546 3596 maniere
1591 3530 1671 3596 de
1712 3530 1867 3597 bien
1920 3530 2254 3598 honnorer
2293 3532 2544 3600 DIEU.

1380 3651 1447 3685 nr.
1482 3652 1741 3688 numism.
2160 3632 2169 3645 '

762 3699 853 3765 Et
896 3700 978 3766 de
1020 3701 1088 3766 la
1131 3699 1452 3768 seconde?

891 3793 895 3797 .
1433 3805 1700 3858 n’mmr.

764 3868 1114 3936 Comment
1147 3872 1196 3936 il
1231 3892 1395 3937 nous
1431 3873 1574 3938 faut
1596 3875 1786 3939 vivre
1822 3893 1979 3942 avec
2014 3895 2136 3939 noz
2171 3873 2542 3957 prochains,

591 3963 661 4022 et
703 3955 785 4022 de
828 3978 901 4023 66
946 3979 1073 4041 que
1116 3979 1283 4024 nous
1325 3958 1474 4023 leur
1516 3958 1783 4026 devons.

848 4106 859 4111 -
1348 4079 1415 4113 u
1448 4080 1705 4116 mam.
1721 4062 1770 4128 ²)

760 4129 992 4196 Recite
1036 4128 1099 4192 le
1139 4129 1428 4211 premier
1470 4130 2058 4195 commandement.

760 4302 1048 4367 Escoute
1091 4301 1328 4368 Israel:
1388 4252 1463 4366 Ie
1479 4251 1763 4367 assurgam
1807 4297 2132 4391 Seigneur
2189 4306 2303 4367 ton
2346 4302 2540 4385 Dieu,

590 4387 706 4470 qui
748 4386 884 4471 t'ay
928 4389 1054 4453 tire
1097 4387 1252 4452 hors
1296 4387 1379 4453 de
1422 4386 1491 4453 16
1532 4393 1708 4453 terre
1752 4386 2098 4472 d’Egypte,
2144 4386 2225 4453 de
2267 4388 2336 4453 la
2376 4389 2542 4453 mai-

589 4491 711 4538 son
756 4470 836 4537 de
880 4473 1227 4540 servitude.
1319 4475 1422 4541 Tu
1464 4478 1729 4543 n’auras
1771 4474 1956 4558 point
1998 4472 2249 4540 d’autre
2292 4474 2465 4540 Dieu
2482 4476 2541 4561 3)

589 4555 835 4623 devant
874 4578 1030 4642 moy
1077 4559 1312 4644 OExod.
1351 4564 1464 4642 203
1499 4561 1698 4627 Deut.
1739 4563 1829 4645 5).

761 4727 1027 4810 Expose
1069 4728 1131 4795 le
1174 4751 1344 4795 sens.
1378 4682 1445 4717 m
1482 4682 1738 4718 umam.

590 4904 731 4911 ...----
770 4906 791 4909 —
836 4906 861 4910 ι
970 4905 1407 4913 -—-—.——-.———-.

898 5017 955 5085 1)
993 5017 1219 5088 qu’elles
1253 5034 1314 5076 66
1349 5019 1627 5074 reduiront
1663 5020 1814 5076 1561.

588 5086 801 5143 Somme
840 5087 912 5141 du
948 5089 1180 5156 premier
1216 5086 1691 5145 commandement.
1737 5120 1806 5130 -
1849 5091 2162 5148 L’honneur
2195 5090 2288 5159 qui
2323 5098 2405 5147 est
2447 5098 2801 5162 proprement
2848 5093 2952 5147 deu
2998 5094 3032 5146 a
3063 5091 3219 5145 Dieu.

587 5155 740 5211 1563.
775 5154 929 5210 1566.

894 5224 956 5287 4)
988 5223 1133 5291 ‘Quid
1170 5227 1287 5280 sic?
1325 5220 1463 5277 1550
1501 5223 1617 5279 Cat.
1654 5231 1705 5280 a
1738 5226 1878 5281 Inst.

585 5295 896 5366 qecaestioni
923 5294 1240 5363 praemittit.
1517 5291 1575 5356 6)
1615 5293 1795 5347 Iidem
1829 5297 2193 5363 scripserunt.-
2228 5311 2258 5349 e
2295 5296 2474 5351 domo.

2089 5021 2152 5089 2)
2189 5022 2269 5077 Le
2304 5020 2388 5076 22.
2426 5021 2723 5080 dimanche.
2759 5053 2826 5062 -
2862 5024 2941 5078 Le
2977 5025 3211 5092 premier
3246 5020 3722 5078 commandement.
3762 5051 3828 5079 .—
3863 5022 4184 5077 Delivrance
4221 5020 4324 5077 d’E

2835 634 3118 699 Verum:
3166 654 3242 700 ac
3284 632 3481 699 simul
3523 581 3822 697 adtd'iss‘tum
3863 632 4005 711 fuit,
4048 649 4290 713 veram,
4325 629 4494 696 hanc
4534 651 4605 696 ao

2659 718 3022 804 legitimam
3067 739 3209 785 esse
3244 718 3545 805 regulam
3586 716 3842 784 colendi
3886 717 4033 799 Dei,
4079 723 4157 780 ut
4197 715 4338 782 eius
4378 715 4604 783 volun-

2658 805 2783 871 tati
2824 804 3274 888 obsequamur.

2835 973 2970 1057 Qui
3014 974 3150 1041 sio?
3171 975 3231 1061 ⁴)

3401 1096 3404 1101 ‘
3559 1097 3713 1133 PUBB·

2833 1145 3170 1228 Quoniam
3216 1147 3277 1213 is
3329 1145 3594 1212 demum
3648 1146 3750 1211 illi
3802 1146 4115 1230 probatur
4166 1143 4385 1210 oultus
4399 1195 4416 1222 ‚
4479 1166 4605 1210 666

2660 1253 2856 1315 quem
2908 1233 3282 1317 confingere
3336 1233 3526 1300 nobis
3565 1233 3858 1313 libuerit,
3913 1230 4029 1297 sed
4071 1251 4269 1315 quem
4311 1251 4430 1296 suo
4473 1231 4607 1316 ipse

2659 1318 2929 1385 arbitrio
2972 1320 3480 1403 praescripserit.

3502 1438 3761 1475 mm

2834 1487 3055 1571 Quam
3089 1497 3314 1556 autem
3356 1489 3628 1558 vivendi
3672 1488 3971 1574 regulam
4012 1489 4201 1555 nobis
4243 1489 4505 1573 posuit?

3303 1849 3476 1931 DE
3551 1849 4012 1933 LEGE.⁵›

3559 2021 3710 2057 runt.

2830 2071 3085 2155 Legem
3124 2092 3329 2137 suam.

3502 2192 3762 2228 mmm

2828 2240 3007 2324 Quid
3049 2264 3128 2308 ea
3170 2241 3500 2308 continet?

2829 2417 2947 2493 [fol.
2987 2418 3095 2493 32]
3131 2412 3407 2479 Duabus
3442 2364 3756 2498 1161ᾎυῖ66
3781 2421 4063 2481 constat:
4108 2434 4391 2499 quarum
4431 2417 4614 2505 prior

2655 2506 2936 2584 quatuor
2991 2499 3194 2564 habet
3257 2506 3637 2583 praecepta,
3708 2499 3918 2565 altera
3982 2521 4118 2567 sex.
4206 2500 4317 2567 Ita
4384 2501 4614 2570 decem

2655 2585 2921 2651 omnino
2963 2585 3330 2668 praeceptis
3373 2591 3628 2651 constat
3671 2591 3811 2651 tota
3853 2586 3979 2652 lex.

3505 2706 3764 2742 mm

2827 2755 2996 2838 Quis
3039 2754 3239 2821 huius
3279 2754 3619 2822 divisionis
3663 2765 3764 2822 est
3806 2763 3997 2823 autor
4006 2756 4052 2822 *ὖ

2824 2929 3010 2994 Deus
3052 2928 3211 3012 ipse,
3257 2927 3370 3011 qui
3401 2928 3474 2992 in
3506 2878 3956 2995 dssff‘tabulas
3996 2928 4390 3013 descriptam
4411 2931 4616 2998 Moisi

2652 3013 2942 3094 tradidit,
2988 3021 3055 3079 et
3094 3034 3289 3097 saepe
3326 3019 3601 3080 testatus
3636 3022 3737 3080 est
3776 3014 3989 3100 redigi
4021 3014 4093 3080 16
4128 3014 4355 3082 decem
4388 3017 4613 3085 verba.

2702 3441 2706 3445 ,
2823 3358 3319 3441 Argumentum
3360 3306 3903 3440 prioffsuffiiulae
3945 3358 4137 3442 quale
4180 3358 4327 3425 est?

2820 3529 2926 3594 De
2966 3529 3230 3611 pietatis
3275 3550 3433 3613 erga
3473 3479 3707 3596 Βέιῖἶῗ
3736 3530 3984 3597 officiis.

3489 3651 3746 3688 nunaut.

2821 3699 3167 3769 Secundae
3213 3722 3367 3768 vero
3381 3700 3414 3764 ‘2

3550 3823 3703 3860 ruffin.

2808 3872 3123 3955 *Qualiter
3166 3875 3254 3940 sit
3297 3874 3626 3959 agendum
3670 3895 3821 3940 cum
3876 3875 4279 3954 hominibus,
4338 3883 4404 3941 et
4450 3873 4620 3962 quid

2646 3958 2777 4027 illis
2822 3959 3194 4026 debeamus.

3500 4079 3759 4115 mum.

2818 4131 3052 4197 Recita
3095 4138 3517 4215 praeceptum
3561 4130 3670 4197 vel
3712 4136 3907 4212 caput
3949 4132 4251 4214 primum.

2704 4310 2710 4318 ·
2816 4301 2995 4369 Audi
3037 4302 3277 4369 Israel:
3321 4302 3469 4386 Ego
3528 4251 3698 4368 ἔιὲᾞ
3721 4268 3972 4367 Iohova'
4013 4302 4200 4369 Deus
4244 4308 4433 4384 tuus,
4495 4305 4617 4390 qui

2647 4396 2714 4455 te
2758 4389 2956 4455 eduxi
3001 4408 3085 4453 ex
3128 4394 3307 4454 terra
3349 4388 3671 4474 Aegypti,
3727 4386 3919 4452 domo
3938 4386 3995 4472 ⁶)
4051 4389 4417 4456 servitutis:
4466 4411 4619 4456 non

2647 4474 2918 4542 habebis
2963 4472 3118 4541 deos
3160 4475 3410 4541 alienos
3453 4494 3676 4540 coram
3718 4495 3842 4539 me.

3498 4681 3757 4718 mul·

2815 4733 3011 4821 Nunc
3055 4754 3322 4801 sensum
3365 4732 3720 4797 verborum
3764 4732 4059 4814 expone.'

3680 5088 3743 5156 3)
3780 5089 4015 5146 d’autres
4051 5091 4211 5147 dieux
4247 5089 4278 5143 1
4389 5134 4404 5148 .
4434 5028 4618 5146 3263.

2205 5226 2266 5292 5)
2304 5226 2455 5281 Boea
2493 5226 2748 5283 addidit.-
2779 5228 2834 5283 id
2869 5236 2982 5296 est,
3030 5226 3216 5283 decem
3249 5227 3561 5297 praeceptis
3594 5227 3713 5282 Dei.
3795 5227 3935 5305 Item
3971 5226 4107 5282 1563
4141 5243 4282 5299 quae
4314 5229 4616 5286 rubrica-
