4967 5992
373 344 495 407 337

369 537 505 593 tem
548 528 894 614 intelligat,
939 549 1136 614 nego;
1180 531 1240 596 si
1282 530 1721 597 obedientiam
1765 530 2150 615 simpliciter
2172 532 2319 598 Deo

372 621 704 697 acceptam
718 666 734 692 ,
793 635 926 679 non
982 615 1286 681 reclamo.
1384 617 1750 699 Postquam
1806 622 2029 682 autem
2073 616 2321 700 aliquot

369 700 743 765 testimonia
793 699 958 765 colle
1008 701 1058 764 ‘t
1075 752 1089 772 ‚
1145 702 1218 765 in
1310 701 1506 768 uibus
1558 700 1879 767 mercedis
1930 702 2011 766 fit
2051 704 2315 783 mentiO,

368 784 698 850 clausulae
752 785 891 851 loco
933 721 1026 849 iff
1057 785 1101 850 d
1142 786 1243 851 Pa
1319 787 1333 800 ‘
1381 786 1673 866 adducit,
1725 786 1806 851 de
1848 805 2087 852 corona
2128 788 2316 853 iusti·

367 870 513 945 tiae,
571 891 767 954 quam
833 870 1209 937 redditurus
1262 879 1364 937 est
1413 873 1627 938 iustus
1682 870 1881 937 iudex
1923 873 2133 938 servis
2178 873 2317 938 suis

364 955 434 1036 (2
474 957 642 1020 Tim.
680 962 740 1035 4,
779 958 868 1040 8).
959 955 1095 1021 Sed
1137 956 1322 1040 quid,
1369 957 1427 1023 si
1472 957 1831 1040 Augustini
1877 955 2097 1023 verbis
2138 958 2316 1024 exci-

367 1040 585 1125 piam?
676 1041 799 1107 Oui
847 1040 1134 1107 debitam
1179 1061 1485 1108 coronam
1522 1042 1798 1108 reddere
1840 1050 2063 1126 posset
2101 1044 2315 1107 iustus

365 1125 562 1193 iudex
579 1179 593 1203 ,
650 1126 778 1192 nisi
820 1126 1180 1192 indebitam
1218 1135 1372 1193 aute
1416 1129 1698 1212 gratiam
1741 1127 2017 1193 donaret
2058 1127 2314 1193 miseri-

367 1234 511 1278 cors
551 1211 783 1295 pater?
872 1212 1196 1279 Fatemur
1237 1214 1545 1297 utrinque
1589 1212 2020 1279 laborandum
2053 1233 2129 1278 ac
2172 1234 2314 1278 cer·

366 1297 661 1362 tandum.
749 1297 977 1380 Neque
1020 1318 1141 1364 nos
1180 1299 1541 1364 infitiamur
1555 1349 1569 1376 ,
1626 1298 1948 1363 eiusmodi
1991 1319 2136 1364 esse
2173 1320 2313 1364 cer-

366 1394 589 1448 tamen
604 1434 622 1463 ,
689 1382 862 1466 quod
921 1389 990 1447 et
1041 1404 1368 1449 summam
1427 1385 1666 1450 habeat
1733 1383 2192 1449 difficultatem
2245 1390 2314 1449 et

362 1468 686 1534 maximos
724 1475 1011 1547 conatus,
1056 1476 1404 1553 totumque
1445 1470 1731 1534 hominis
1766 1467 2059 1535 studium
2093 1469 2312 1552 requi·

362 1562 487 1620 rat.
561 1554 853 1618 Tantum
896 1555 1231 1635 quaeritur
1268 1557 1621 1638 propriane
1663 1555 1909 1619 virtute
1953 1553 2313 1619 militemus

361 1641 525 1719 Dec,
569 1660 655 1704 an
689 1639 805 1703 ille
825 1639 1183 1723 ingenium,
1220 1642 1532 1720 animum,
1571 1661 1829 1718 manus,
1875 1639 2069 1717 vires,
2106 1659 2310 1717 arma,

362 1747 398 1791 e
443 1723 624 1791 coelo
668 1724 1138 1790 subministret.
1229 1726 1509 1810 Pighius
1553 1724 1682 1791 Dei
1727 1727 1978 1809 gratiae
2022 1726 2311 1809 particu-

360 1811 495 1875 lam
541 1819 793 1894 erogat,
851 1810 1037 1875 nobis
1092 1831 1242 1875 arro
1328 1817 1356 1874 t
1409 1812 1728 1875 maiorem
1781 1820 2055 1893 partem.
2144 1810 2312 1875 Dico

360 1898 430 1960 in
475 1895 666 1961 nobis
708 1895 987 1977 impleri,
1034 1894 1208 1977 quod
1312 1917 1429 1962 eus
1474 1896 1633 1960 olim
1675 1895 2029 1961 israelitico
2074 1894 2311 1978 populo

359 1980 821 2065 pollicebatur:
879 1979 1065 2046 nobis
1119 1981 1369 2047 scilicet
1422 1979 1938 2064 quiescentibus,
1994 2001 2146 2045 eum
2190 2000 2310 2062 pro

360 2066 551 2132 nobis
606 2085 903 2150 pugnare
915 2089 931 2144 ;
989 2087 1121 2129 non
1176 2066 1331 2150 quia
1393 2067 1564 2132 nihil
1634 2086 1911 2150 agamus
1966 2065 2125 2148 ipsi,
2195 2071 2311 2129 aut

360 2153 514 2235 quia
555 2151 762 2235 ipsius
806 2152 1055 2233 impetu
1075 2202 1091 2228 ‚
1147 2151 1330 2216 nullo
1372 2152 1734 2216 voluntatis
1784 2160 2049 2216 nostrae
2107 2156 2310 2229 motu,

358 2236 443 2303 ad
487 2257 653 2320 opus
694 2237 1003 2314 feramur,
1049 2236 1165 2300 sed
1203 2237 1357 2320 quia
1399 2237 1654 2320 agimus
1698 2237 1826 2301 acti
1852 2237 1933 2301 ab
1975 2237 2150 2318 ipso:
2195 2255 2309 2301 vo-

366 2323 594 2388 lumus
634 2341 712 2386 eo
747 2341 860 2388 cor
891 2328 1197 2386 nostrum
1233 2321 1584 2406 dirigente;
1630 2340 1968 2399 conamur,
2010 2322 2153 2404 ipso
2194 2341 2310 2385 ex-

356 2410 641 2485 citante;
700 2404 993 2472 conando
1038 2407 1378 2484 efficimus,
1422 2408 1565 2490 ipso
1601 2407 1774 2472 vires
1811 2404 2028 2485 dante,
2073 2413 2151 2471 ut
2192 2426 2312 2471 nos

354 2494 656 2558 animata
697 2492 903 2556 simus
939 2499 1006 2557 et
1048 2491 1205 2557 viva
1235 2493 1695 2570 instrumenta,
1739 2494 1881 2574 ipse
1916 2498 2134 2556 autem
2174 2491 2309 2555 dux

352 2597 435 2644 ac
489 2577 818 2660 perfector
880 2577 1111 2658 operis.
1209 2577 1403 2642 Illam
1468 2577 1828 2661 Augustini
1894 2577 2307 2655 sententiam,

351 2664 583 2728 Deum
627 2680 935 2727 coronare
976 2662 1048 2726 iu
1092 2663 1278 2728 nobis
1312 2683 1432 2727 sua
1475 2662 1663 2737 dona,
1709 2674 2007 2728 truncam
2053 2668 2122 2726 et
2164 2682 2309 2727 mu-

353 2748 548 2813 tilam
592 2767 630 2811 a
674 2767 780 2811 me
822 2747 1029 2825 citari,
1070 2755 1298 2813 contra
1337 2749 1360 2812 i
1408 2749 1736 2812 sissimum
1779 2748 2114 2831 scriptoris
2157 2766 2307 2811 scn-

357 2853 543 2911 sum,
589 2838 925 2898 causatur:
984 2831 1099 2897 sed
1142 2834 1214 2897 in
1257 2852 1377 2916 pro
1420 2833 1636 2899 atione
1675 2834 1760 2897 fri
1808 2842 1892 2899 et.
1981 2832 2305 2912 Primum,

303 2997 308 3002 ¹
353 2938 564 3002 quum
614 2916 750 2982 illic
800 2917 1241 2983 meminerim:
1298 2917 1574 2983 subinde
1626 2938 1758 3001 apu
1852 2921 1960 2985 Au
2086 2919 2308 2982 tinum

353 3015 724 3069 recurrere·
763 3002 982 3088 (sicuti
1046 3023 1281 3069 verum
1325 3004 1476 3089 est),
1540 3004 1729 3087 quasi
1791 3025 1968 3071 seme
2058 3001 2307 3069 dictum

353 3094 619 3154 tractat.
710 3086 983 3168 Quoties
1048 3088 1198 3167 hoc,
1261 3109 1466 3173 quum
1525 3091 1597 3154 in
1650 3089 1981 3169 Psalmos,
2034 3095 2175 3154 tum
2231 3087 2306 3152 in

353 3173 630 3239 Ioannis
670 3172 1085 3258 evangelium
1099 3225 1116 3253 ‚
1174 3182 1251 3239 ut
1292 3176 1592 3240 omittam
1636 3176 2044 3241 contentiosa
2085 3194 2305 3256 opera,

352 3258 694 3325 inculcat?
786 3256 936 3339 Quo
980 3280 1208 3336 sensu,
1254 3261 1308 3325 si
1355 3261 1459 3326 cui
1504 3259 1776 3324 dubium
1819 3268 1937 3336 est,
1981 3261 2123 3343 ipsc
2165 3280 2305 3324 om·

351 3365 514 3410 nem
556 3344 937 3427 scrupulum
977 3345 1048 3409 in
1069 3345 1368 3428 Epistola
1409 3344 1492 3410 ad
1528 3343 1794 3410 Sixtum
1828 3347 2078 3412 eximit.
2159 3342 2304 3410 Sic-

351 3441 430 3495 ut
476 3430 563 3495 ab
609 3430 797 3493 initio
835 3429 1020 3510 fidei,
1064 3431 1306 3513 inquit,
1365 3431 1879 3496 misericordiam
1923 3430 2307 3512 consequuti

351 3535 617 3593 sumus,
678 3535 811 3579 non
856 3515 1013 3598 quia
1066 3536 1327 3581 eramus
1377 3514 1632 3593 fideles,
1693 3516 1809 3580 sed
1863 3524 1943 3581 ut
1983 3536 2303 3581 essemus:

353 3601 448 3666 sic
491 3601 569 3664 in
607 3602 737 3664 fine
780 3599 1116 3665 coronabit
1156 3621 1294 3679 nos,
1340 3601 1508 3666 sicut
1548 3602 1863 3684 scriptum
1905 3609 2023 3679 est,
2068 3602 2141 3665 in
2182 3600 2306 3665 mi-

355 3684 719 3752 sericordia
788 3695 857 3751 et
917 3686 1462 3752 miserationibus.
1571 3686 1769 3752 Unde
1833 3695 1900 3752 et
1963 3687 2108 3769 ipsa
2170 3687 2309 3750 vita

354 3779 651 3848 aeterna,
694 3790 859 3853 quac
902 3773 972 3834 in
1012 3773 1144 3836 fine
1178 3770 1542 3848 habebitur,
1585 3781 1653 3837 et
1693 3777 1841 3851 [pag.
1887 3776 2033 3851 146]
2079 3772 2307 3854 utique

352 3855 903 3942 praecedentibus
943 3858 1196 3930 meritis
1237 3857 1578 3922 reddetur:
1625 3867 1849 3922 tamen
1883 3857 2036 3939 quia
2079 3857 2310 3921 eadem

357 3943 630 4018 merita,
686 3940 920 4024 quibus
962 3941 1304 4018 reddetur,
1362 3964 1496 4007 non
1541 3964 1582 4007 a
1621 3943 1809 4008 uobis
1862 3952 2094 4027 parata
2134 3952 2307 4022 sunt,

356 4049 478 4111 per
537 4035 837 4092 nostram
891 4027 1381 4107 sufficientiam,
1441 4028 1556 4094 sed
1611 4030 1681 4092 in
1725 4028 1914 4093 nobis
1966 4029 2137 4094 facta
2190 4048 2310 4110 per

359 4114 677 4197 gratiam,
734 4112 930 4176 etiam
975 4114 1118 4195 ipsa
1172 4116 1384 4197 gratia
1427 4123 1865 4197 nuncupatur:
1925 4134 2060 4179 non
2114 4114 2309 4179 aliam

358 4197 442 4263 ob
487 4213 789 4275 causam,
834 4198 960 4262 nisi
1008 4199 1162 4280 quia
1203 4200 1410 4283 gratis
1454 4197 1675 4278 datur3
1737 4221 1858 4265 nec
1898 4199 2045 4264 ideo
2086 4207 2312 4263 tamen

356 4305 494 4349 non
556 4283 752 4349 datur
800 4284 1084 4360 meritis,
1153 4284 1266 4350 sed
1333 4284 1479 4349 ideo
1533 4286 1691 4368 quia
1754 4283 1905 4349 data
1960 4291 2118 4350 sunt
2170 4287 2313 4368 ipsa

357 4370 599 4434 merita
615 4420 629 4446 ,
677 4367 912 4451 quibus
956 4369 1166 4434 datur.
1255 4370 1440 4435 Haec
1495 4372 1546 4435 si
1596 4391 1834 4436 sanum
1879 4371 2168 4436 habeant
2210 4371 2313 4434 in-

356 4462 741 4537 terpretem,
829 4455 946 4520 uid
986 4453 1165 4520 dubii
1208 4455 1630 4539 relinquunt?
1695 4455 1860 4521 Esto
1899 4464 2152 4522 tamen:
2197 4475 2313 4521 va-

357 4539 496 4604 leat
540 4561 716 4604 unus
757 4540 803 4604 il
834 4560 869 4604 e
913 4541 1109 4606 locus.
1184 4539 1361 4621 Quid
1404 4540 1541 4607 illic
1583 4539 1907 4621 habetur?
1951 4541 2312 4626 Pelagiani,

358 4644 513 4690 eam
558 4626 766 4690 solam
810 4626 1091 4709 gratiam
1135 4627 1278 4691 sine
1321 4625 1473 4692 ullis
1515 4625 1767 4691 meritis
1808 4627 1950 4692 dari
1994 4628 2313 4709 interpre-

359 4711 712 4790 tabantur,
780 4731 908 4794 qua
963 4710 1150 4776 Deus
1208 4711 1489 4777 remittit
1540 4718 1809 4795 peccata
1822 4735 1839 4791 ;
1904 4712 2088 4778 illam
2134 4732 2311 4790 vero,

356 4816 532 4879 quae
576 4797 648 4861 in
696 4798 828 4861 fine
872 4795 1137 4862 dabitur
1151 4848 1167 4874 ,
1227 4798 1484 4862 meritis
1526 4796 2065 4881 praecedentibus
2108 4795 2310 4862 reddi.

356 4880 510 4947 Hoc
557 4880 688 4946 illis
730 4882 1084 4947 concedere
1126 4889 1399 4965 paratus
1443 4890 1545 4948 est
1586 4882 2031 4967 Augustinus,
2085 4884 2140 4947 si
2183 4882 2314 4947 Dei

358 4966 541 5032 dona
582 4987 726 5033 esse
767 4975 1144 5052 agnoscant,
1187 4989 1324 5034 non
1365 4977 1587 5036 autem
1631 4969 1976 5036 hominum
2014 4968 2311 5052 propria:

357 5073 536 5135 quae
590 5053 770 5117 enim
824 5053 986 5118 talia
1028 5061 1218 5135 sunt,
1262 5054 1332 5120 id
1374 5062 1504 5135 est,
1551 5055 1636 5122 ab
1681 5054 2093 5133 hominibus,
2138 5052 2315 5119 mala

356 5156 541 5216 esse3
579 5137 754 5203 bona
794 5146 1033 5217 autem,
1078 5161 1220 5207 esse
1262 5141 1395 5207 Dei
1436 5141 1625 5207 dona.
1714 5142 1860 5208 Iam
1949 5140 2176 5206 lenum
2218 5139 2314 5203 lo-

356 5243 518 5289 cum
561 5221 762 5290 habet
800 5223 1097 5310 Pighius.
1185 5223 1368 5306 Quid
1411 5225 1726 5310 proinde?
1806 5226 1897 5292 Vi
1942 5247 2033 5307 es,
2075 5225 2313 5309 inquit,

581 5323 802 5382 Calvino·
833 5342 1018 5397 opera.
1097 5326 1210 5384 Vol.
1255 5328 1357 5385 VI.

1842 345 1970 410 DE
2014 344 2369 413 LIBERO
2413 344 2888 412 ARBI'I'RIO.

4254 356 4381 421 338

2423 550 2562 594 non
2605 531 2764 611 tolli,
2809 531 2922 596 sed
2969 533 3171 598 statui
3204 542 3582 600 sanctorum
3616 537 3781 601 meri
3789 543 3873 601 ta.
3934 537 4207 620 Nempe,
4251 541 4378 607 sic-

2423 622 2499 680 ut
2552 616 2705 680 alibi
2761 619 3176 701 Augustinus
3246 618 3389 702 ipse
3449 620 3733 685 liberum
3786 620 4129 688 arbitrium
4188 622 4378 691 docet

2420 721 2541 783 per
2582 703 2861 786 gratiam
2910 703 3219 783 stabiliri;
3262 707 3416 788 quia
3456 725 3575 789 per
3606 727 3753 772 eam
3797 707 4130 788 liberetur,
4174 730 4376 792 quum

2419 795 2658 851 natura
2711 786 2801 852 sit
2844 789 3209 872 captivum,
3270 789 3548 873 ideoque
3601 791 3686 857 ad
3730 812 3923 857 omne
3980 793 4226 858 bonum
4271 796 4377 861 in-

2418 871 2599 936 utile.
2688 872 2945 938 Verum
2994 873 3162 938 nihil
3223 874 3462 942 doloris
3518 898 3601 941 ex
3657 877 3781 943 hoc
3823 878 4101 944 vulnere
4143 883 4373 946 sentio.

2420 954 2714 1022 Subiicio
2755 965 3006 1039 postea,
3054 960 3423 1025 timendum
3478 963 3752 1027 minime
3795 982 3968 1042 esse,
4028 971 4106 1029 ut
4148 967 4376 1030 venia-

2418 1062 2596 1120 mus,
2663 1062 2791 1124 quo
2847 1043 3026 1109 clara
3084 1065 3248 1109 voce
3303 1046 3576 1128 spiritus
3637 1055 3908 1114 sanctus
3975 1068 4098 1115 nos
4163 1059 4372 1117 vocat.

2417 1126 2616 1192 Hanc
2657 1128 2833 1192 enim
2877 1131 3132 1208 seriem,
3178 1136 3246 1195 et
3289 1130 3409 1209 hos
3443 1132 3688 1215 gradus
3726 1133 4208 1201 misericordiae
4241 1137 4374 1201 Dei

2416 1212 2608 1277 nobis
2665 1212 2975 1292 describi,
3029 1222 3105 1278 ut
3156 1215 3478 1297 glorificet
3515 1237 3678 1299 quos
3722 1219 4135 1298 iustificavit,
4181 1222 4373 1286 iusti-

2415 1299 2571 1362 ficet
2610 1318 2772 1380 quos
2814 1300 3092 1377 vocavit,
3139 1307 3328 1366 vocet
3368 1322 3531 1384 quos
3566 1302 3780 1387 elegit.
3868 1304 4048 1370 Hinc
4090 1326 4213 1370 nos
4256 1306 4373 1371 do·-

2416 1383 2579 1460 ceri‚
2635 1404 2769 1448 non
2822 1382 2953 1449 alia
3006 1382 3088 1448 de
3144 1405 3346 1449 causa
3386 1390 3687 1452 coronari
3741 1389 3995 1468 fideles,
4053 1391 4183 1456 nisi
4216 1393 4371 1473 quia

2414 1467 2548 1531 Dei
2589 1468 3054 1547 misericordia,
3101 1489 3236 1534 non
3280 1492 3401 1536 sua
3443 1470 3768 1538 industria
3783 1525 3799 1553 ‚
3845 1483 3912 1540 et
3953 1476 4147 1541 electi
4189 1488 4367 1556 sunt,

2416 1561 2486 1616 et
2526 1553 2764 1632 vocati,
2811 1561 2880 1619 et
2918 1555 3272 1621 iustificati.
3334 1557 3442 1621 Ab
3487 1556 3612 1621 hac
3655 1562 3985 1625 sententia
4029 1581 4105 1625 eo
4151 1581 4363 1645 usque

2416 1635 2726 1702 abhorret
2776 1639 3089 1722 Pighius,
3146 1648 3227 1704 ut
3272 1642 3490 1706 Deum
3534 1643 3675 1706 iore
3732 1645 3978 1709 iustum
4028 1652 4255 1730 neget,
4314 1649 4373 1713 si

2415 1742 2593 1787 vera
2621 1724 2722 1788 sit.
2812 1723 3069 1789 Verum
3113 1745 3318 1807 quum
3362 1727 3489 1792 ista
3548 1728 3891 1793 insectatio
3933 1750 4119 1795 mera
4173 1733 4261 1795 sit
4304 1739 4372 1796 et

2413 1814 2646 1957 :533³
2656 1809 2967 1958 ffiffl
2984 1811 3636 1979 ssffissssffissffli
3648 1864 3665 1890 ’
3714 1814 4370 1970 ssssl‘sstisseafflhorffi

2412 1978 2750 2043 electionis
2784 1980 3233 2061 quaestionem
3268 1989 3541 2063 spectat,
3578 2003 3746 2064 quae
3786 2005 3981 2049 suum
4022 1985 4368 2068 proprium

2412 2061 2629 2128 locum
2672 2063 2952 2129 habebit.
3031 2063 3428 2148 Quanquam
3470 2087 3557 2132 ne
3594 2072 4141 2150 praetermittam,
4188 2070 4362 2154 quod

2413 2147 2763 2214 observatu
2816 2149 3092 2232 dignum
3144 2157 3275 2228 est,
3333 2151 3462 2215 duo
3518 2150 4046 2219 adversariorum
4089 2156 4361 2235 obiecta,

2413 2254 2582 2316 quae
2647 2254 2944 2299 seorsum
3009 2256 3086 2300 ac
3143 2237 3494 2317 separatim
3540 2257 3893 2319 posueram
3906 2290 3922 2316 ,
3977 2240 4361 2307 commiscet

2413 2318 2714 2403 Pighius.
2804 2320 2976 2385 Nam
3018 2321 3130 2384 illo
3175 2319 3441 2386 demum
3499 2326 3647 2402 [pag.
3691 2328 3838 2402 147]
3883 2323 4132 2401 solute,
4186 2325 4360 2406 quod

2414 2403 2496 2468 de
2538 2425 2811 2487 operum
2865 2405 3118 2471 meritis
3173 2427 3250 2471 ac
3293 2408 3823 2471 remuneratione
3861 2409 4178 2488 afferunt,
4237 2409 4359 2475 hoc

2412 2490 2611 2554 tertio
2653 2489 2792 2555 loco
2827 2511 3301 2555 recensueram.
3359 2489 3434 2556 Si
3480 2512 3610 2556 non
3646 2491 4028 2558 subiaceant
4061 2492 4365 2560 electioni

2412 2581 2678 2640 nostrae
2726 2575 2897 2640 bona
2951 2575 3258 2642 similiter
3300 2583 3378 2641 ut
3418 2577 3621 2657 mala,
3663 2578 3840 2643 unde
3883 2579 3989 2655 fit,
4047 2585 4122 2643 ut
4166 2578 4279 2643 alii
4323 2601 4364 2645 a

2412 2658 2544 2725 fide
2597 2659 2905 2726 deficiant
2968 2669 3037 2725 et
3088 2661 3276 2726 bonis
3331 2662 3666 2743 operibus,
3726 2662 3838 2727 alii
3891 2664 4363 2745 perseverent?

2409 2745 2590 2811 Huic
2635 2746 2998 2829 quaestioni
3037 2755 3115 2812 ut
3157 2747 3618 2824 satisfacerem,
3665 2766 3934 2813 causam
3968 2747 4368 2815 diversitatis

2411 2830 2497 2895 ad
2539 2831 2899 2915 gratuitam
2924 2832 3054 2897 Dei
3097 2832 3485 2898 electionem
3520 2831 4006 2917 delegaveram:
4051 2834 4224 2900 sicut
4261 2856 4368 2899 re-

2409 2937 2569 2981 vera
2611 2917 2966 2982 vocationis
3006 2923 3273 2983 nostrae
3305 2916 3807 2983 fundamentum
3842 2925 3961 2996 est,
4006 2940 4139 2984 non
4173 2918 4366 2986 modo

2408 3010 2485 3067 ut
2538 3023 2685 3068 eam
2741 3003 3041 3086 incipiat,
3100 3003 3216 3069 sed
3272 3004 3473 3069 etiam
3530 3011 3608 3068 ut
3663 3003 3955 3068 stabiliat
4018 3024 4230 3087 usque
4293 3005 4370 3070 in

2409 3089 2630 3166 finem,
2677 3108 2754 3153 ac
2795 3087 3133 3170 compleat.
3223 3087 3373 3154 Illic
3413 3089 3584 3153 nihil
3628 3109 3850 3154 meum
3896 3098 4013 3154 est.
4083 3090 4259 3155 Nam
4297 3090 4367 3155 id

2410 3174 2826 3257 Augustinus
2869 3173 3111 3256 ubique
3144 3174 3460 3240 inculcat:
3506 3175 3619 3257 qui
3661 3180 3887 3240 tamen
3930 3175 4128 3239 simul
4184 3178 4368 3240 evin-

2409 3258 2530 3333 cit,
2591 3278 2724 3322 non
2780 3279 2851 3323 se
2906 3259 3311 3325 comminisci
3366 3281 3450 3324 ex
3502 3260 3767 3342 proprio
3824 3279 4018 3328 sensu
4034 3310 4052 3338 ,
4107 3260 4223 3325 sed
4282 3281 4367 3325 ex

2409 3344 2539 3408 Dei
2592 3343 2801 3425 ipsius
2852 3364 2965 3408 ore
3021 3365 3297 3409 sumere.
3400 3343 3683 3428 Pighius
3739 3351 3959 3408 autem
4017 3364 4204 3408 reum
4249 3365 4365 3408 cx-

2409 3429 3025 3580 tremkaebesaevitiae
3070 3438 3138 3493 et
3192 3428 3605 3495 crudelitatis
3650 3430 3871 3493 Deum
3924 3429 4110 3507 facit,
4169 3430 4224 3494 si
4269 3430 4367 3494 ita

2407 3534 2516 3579 res
2608 3535 2649 3578 a
2730 3521 2817 3579 at.

2585 3598 2906 3683 Sequitur
2967 3600 3039 3663 in
3095 3619 3246 3664 mea
3308 3598 3764 3663 Institutione:
3833 3596 4059 3678 Quum
4114 3599 4362 3665 Paulus

2412 3686 2438 3768 (
2453 3693 2474 3749 l
2531 3685 2680 3750 Gor.
2733 3692 2793 3764 4,
2847 3685 2916 3768 7)
2971 3684 3328 3768 quemlibet
3392 3689 3692 3754 nostrum
3750 3683 4148 3768 interrogat,
4216 3686 4363 3768 quis

2412 3792 2564 3836 eum
2608 3770 2963 3847 discernat3
3015 3779 3083 3834 et
3126 3769 3395 3854 gloriari
3434 3775 3645 3843 vetat,
3700 3767 3873 3851 quod
3915 3771 4134 3835 omnia
4178 3791 4360 3836 acce-

2411 3856 2734 3940 perimus,
2789 3875 3009 3921 nonne
3052 3857 3134 3922 ob
3184 3854 3253 3920 id
3297 3856 3511 3938 ipsum
3555 3854 3764 3919 libero
3820 3853 4090 3919 arbitrio
4134 3855 4366 3920 adimit

2411 3946 2633 4008 omnia
2649 3994 2665 4022 ,
2711 3963 2795 4007 ne
2838 3961 3030 4025 quem
3076 3942 3331 4006 meritis
3373 3940 3592 4005 locum
3634 3938 4005 4022 relinquat?
4073 3940 4204 4006 Hic
4247 3941 4361 4005 Pi-

2414 4028 2609 4113 ghius
2662 4026 3036 4105 cavillatur,
3096 4026 3263 4090 nihil
3321 4025 3514 4090 illum
3579 4025 3783 4091 libero
3839 4025 4108 4090 arbitrio
4173 4023 4361 4090 dero-

2501 4137 2592 4194 re,
2637 4114 2790 4178 dum
2838 4113 3161 4189 admonet,
3203 4119 3435 4188 tom,
3481 4119 3549 4176 et
3582 4110 3755 4194 quod
3800 4130 4046 4188 sumus,
4091 4117 4159 4175 et
4190 4108 4365 4193 quod

2464 4199 2765 4276 abemus,
2813 4206 2880 4263 et
2922 4198 3098 4281 quod
3141 4216 3514 4281 possumus,
3560 4196 3793 4261 referri
3834 4194 3978 4259 Deo
4023 4207 4361 4277 acceptum

2415 4284 2681 4352 debere:
2733 4285 2931 4349 etiam
2974 4283 3255 4348 liberum
3299 4280 3661 4348 arbitrium.
3752 4281 3922 4345 'Pum
3938 4331 3953 4356 ,
3998 4281 4185 4363 quasi
4226 4282 4363 4346 vic·

2414 4373 2585 4436 toria
2626 4370 2907 4455 potitus,
2952 4369 3242 4434 insultat.
3334 4365 3513 4448 Quid
3556 4366 3716 4431 haec
3759 4365 4081 4444 doctrina,
4124 4367 4363 4448 inquit,

2418 4463 2537 4522 aut
2588 4454 2842 4522 meritis
2856 4507 2870 4533 ‚
2941 4461 3057 4521 aut
3128 4454 3333 4520 libero
3387 4450 3780 4517 adversatur
3842 4450 4159 4515 arbitrio?
4250 4452 4363 4516 Me

2417 4544 2597 4607 enim
2625 4542 3056 4608 vehementer
3091 4557 3330 4615 errare,
3377 4538 3433 4603 si
3477 4557 3587 4601 eos
3622 4535 3787 4600 adeo
3822 4536 4101 4600 delirare
4135 4536 4363 4601 existi-

2417 4646 2593 4691 mem
2611 4679 2626 4706 ,
2681 4633 2757 4691 ut
2809 4627 3092 4693 liberum
3142 4623 3486 4688 arbitrium
3551 4621 3807 4685 homini
3862 4620 4137 4687 credant
4192 4643 4232 4685 a
4291 4644 4361 4688 se

2416 4715 2559 4796 ipso
2609 4714 2854 4788 inesse,
2912 4718 2981 4776 et
3032 4730 3164 4775 non
3222 4728 3263 4772 a
3314 4707 3461 4773 Deo
3513 4707 3756 4771 datum.
3861 4707 4102 4772 Merito
4154 4708 4251 4772 ita
4292 4709 4365 4772 in

2419 4799 2558 4864 suis
2600 4797 2892 4863 victoriis
2935 4795 3227 4861 exsultat
3267 4793 3550 4878 Pighius
3566 4844 3580 4870 ‚
3639 4812 3801 4874 quas
3856 4792 4017 4858 adeo
4061 4791 4143 4857 de
4184 4792 4364 4857 facili

2418 4889 2784 4968 comparat,
2841 4883 2985 4947 sine
3037 4880 3361 4963 sanguino
3417 4885 3485 4945 et
3521 4875 3777 4943 sudore.
3864 4876 3995 4943 Ubi
4044 4877 4364 4942 latebram

2416 4970 2721 5035 invenire
2778 4967 3068 5050 aliquam
3108 4972 3354 5049 potest,
3409 4965 3480 5029 in
3524 4983 3672 5028 eam
3712 4984 3870 5029 mox
3912 4984 3983 5028 se
4025 4961 4236 5028 abdit:
4297 4970 4364 5027 et

2418 5076 2624 5139 quum
2668 5055 2927 5119 hostem
2982 5051 3266 5135 amplius
3304 5071 3442 5116 non
3480 5049 3688 5128 videt,
3745 5050 4048 5134 fugatum
4092 5069 4168 5114 ac
4208 5069 4363 5132 pro-

2418 5141 2721 5225 fligatum
2762 5145 2968 5222 putat.
3072 5136 3208 5204 Sed
3260 5136 3603 5220 paululum
3647 5133 3781 5200 iam
3808 5141 4036 5217 ,caput
4081 5140 4362 5212 exserat,

2418 5233 2485 5292 et
2526 5246 2653 5306 me,
2696 5224 2806 5292 vel
2841 5224 3206 5308 apostolum
3238 5222 3457 5305 potius
3472 5272 3489 5300 ,
3539 5220 3665 5288 sibi
3708 5219 3976 5304 propius
4018 5219 4366 5284 imminere
