4967 5992
342 388 424 450 29
946 449 958 461 ,
1682 381 2342 452 GATEOHISMUS
2384 383 2995 452 GENEVENSIS.
4261 392 4344 455 30

340 593 464 657 par
506 593 580 638 sa
623 579 843 638 vertu:
904 572 1240 639 tellement
1292 572 1453 657 qu’il
1505 579 1611 639 n’a
1650 595 1770 657 pas
1812 573 2006 639 161666
2049 571 2288 639 (1’66116

340 658 669 724 tousiours
709 659 957 738 boniet,
1017 678 1184 742 pour
1227 680 1391 725 nous
1433 659 1705 743 remplir
1748 657 1828 725 de
1873 679 1946 724 sa
1985 659 2288 725 benedic-

339 744 500 811 tion.

1135 866 1202 901 m
1234 865 1493 901 mm.

512 916 778 1000 Expose
821 936 894 983 ce
934 916 1048 1001 qui
1092 916 1384 983 s’ensuit.

1185 1019 1454 1074 n’mu'r.

513 1085 835 1151 D’autant
889 1108 1016 1171 que
1069 1087 1137 1152 la
1184 1096 1361 1154 mort
1424 1088 1618 1154 estoit
1678 1109 1808 1153 une
1870 1087 2290 1154 malediction

342 1194 458 1239 sur
491 1168 817 1253 l'homme,
864 1179 906 1238 6
947 1193 1139 1239 66666
1185 1172 1282 1248 (16,
1314 1172 1538 1257 peche,
1575 1172 1761 1240 Iesus
1797 1173 2026 1239 Christ
2057 1173 2143 1237 l'a
2176 1196 2290 1237 en-

340 1258 575 1338 duree,
634 1265 698 1322 et
752 1279 838 1323 en
890 1256 1263 1325 l’endurant
1315 1259 1402 1325 l'a
1444 1259 1737 1326 vaincue.
1824 1259 1921 1324 Et
1967 1279 2136 1342 pour
2178 1258 2290 1323 de-

339 1349 672 1410 monstret
713 1365 839 1428 que
882 1343 1136 1410 c’estoit
1167 1367 1297 1410 666
1331 1366 1533 1431 vraye
1570 1351 1744 1410 mort
1780 1366 1906 1428 que
1939 1344 2007 1409 la
2042 1346 2288 1421 sienne,

340 1429 391 1494 il
434 1451 475 1495 a
511 1429 714 1496 voulu
757 1436 931 1495 estre
972 1431 1099 1496 mis
1143 1451 1230 1496 au
1273 1431 1589 1514 sepulcre,
1636 1450 1890 1496 comme
1925 1430 2025 1495 166
2068 1445 2290 1494 autres

338 1516 658 1581 hommes.

1134 1637 1201 1672 m?-
1235 1638 1492 1673 mlssm·

511 1686 683 1752 Mais
716 1685 767 1751 il
801 1707 886 1750 ne
921 1687 1166 1753 semble
1200 1708 1338 1770 paS,
1374 1687 1533 1769 qu'il
1565 1708 1731 1753 nous
1765 1688 2083 1753 revienne
2107 1687 2291 1772 quel-

338 1792 468 1856 que
521 1772 672 1838 bien
732 1770 813 1837 de
867 1779 1041 1838 ceste
1081 1774 1382 1852 victoire,
1426 1794 1557 1840 veu
1599 1795 1726 1857 que
1775 1794 1940 1839 nous
1995 1795 2080 1838 ne
2133 1774 2291 1840 lais-

338 1879 495 1924 sons
534 1859 720 1941 point
762 1856 843 1922 de
880 1859 1147 1923 mourir.
1707 1865 1713 1871 “

1181 1962 1449 2015 n'nurm.

515 2029 679 2095 Gela
711 2028 1127 2112 n'empesche
1163 2029 1243 2095 de
1278 2032 1442 2095 rien.
1512 2029 1645 2097 Oar
1677 2030 1744 2095 la
1776 2036 1951 2096 mort
1983 2029 2097 2096 des
2131 2029 2290 2096 fide-

339 2114 438 2180 les
474 2120 644 2181 n’est
674 2116 1091 2180 maintenant
1123 2124 1309 2181 autre
1348 2116 1543 2182 chose
1564 2120 1764 2199 qu’un
1796 2137 2087 2200 passage,
2123 2136 2293 2200 pour

336 2200 439 2266 les
484 2199 847 2266 introduire
890 2207 932 2266 6
970 2222 1103 2267 666
1144 2202 1255 2267 vie
1297 2202 1652 2267 meilleure.

1130 2324 1198 2358 LE
1232 2323 1491 2359 mlum.

511 2373 617 2438 De
658 2372 798 2438 cela
831 2371 881 2437 il
910 2372 1185 2465 ⁸s'ensuit
1218 2373 1376 2456 qu'il
1408 2395 1491 2439 ne
1524 2394 1692 2438 nous
1725 2372 1866 2438 faut
1897 2372 2046 2455 plus
2081 2373 2291 2437 crain-

335 2456 457 2523 dre
502 2457 569 2523 la
608 2464 801 2537 mort,
848 2478 1100 2523 comme
1144 2480 1276 2524 une
1318 2458 1513 2525 chose
1554 2457 1868 2523 horrible:
1925 2459 2090 2523 mais
2133 2479 2291 2540 suy-

333 2565 459 2609 vre
502 2543 1058 2610 voluntairement
1114 2552 1338 2610 nostre
1382 2543 1560 2611 Chef
1605 2551 1672 2609 et
1713 2543 2058 2627 Capitaine
2101 2544 2334 2610 Iesus·

334 2628 604 2708 Christ,
648 2629 759 2711 qui
801 2651 965 2696 nous
1010 2635 1128 2710 [fol.
1170 2635 1276 2710 13]
1318 2652 1366 2715 y
1406 2629 1709 2714 precede:
1764 2651 1898 2695 non
1953 2650 2071 2714 pas
2124 2650 2292 2714 pour

334 2736 509 2781 nous
551 2716 712 2781 faire
753 2715 950 2801 perir,
994 2715 1164 2781 mais
1207 2737 1374 2799 pour
1400 2737 1581 2799 ‚nous
1624 2736 1875 2783 sauver.

1182 2818 1449 2872 L’rmrmr.

508 2885 569 2951 Il
613 2892 714 2952 est
757 2886 944 2952 ainsi.

1102 3006 1169 3042 u:
1204 3007 1462 3043 mmm.
1480 2991 1528 3052 ¹)
1994 2998 2011 3017 ⁸

515 3054 665 3138 Que
708 3056 969 3143 signifie
1003 3077 1077 3124 ce
1109 3058 1221 3142 qui
1267 3065 1370 3125 est
1411 3056 1703 3123 adiouste
1746 3057 1826 3124 de
1870 3079 1944 3125 sa
1986 3059 2289 3126 descente
2371 3108 2383 3118 .

330 3150 401 3209 66
447 3144 667 3208 enfers
680 3140 712 3206 ¹?

1177 3246 1446 3301 n’mzrm.

515 3314 695 3381 C'est
742 3336 870 3399 que
918 3336 1051 3381 non
1105 3315 1469 3381 seulement
1506 3315 1571 3380 ’11
1613 3339 1655 3381 6
1696 3316 1967 3381 souffert
2009 3316 2075 3382 16
2116 3323 2289 3381 16611

333 3400 693 3480 661616116,
755 3402 867 3485 (161
907 3412 1009 3467 661
1051 3403 1421 3485 separation
1464 3400 1554 3466 (16
1596 3424 1783 3485 corps
1828 3410 1895 3466 et
1937 3400 2019 3467 de
2060 3402 2285 3468 l'ame:

328 3488 509 3553 mais
552 3487 730 3553 aussi
773 3509 899 3571 (166
943 3509 1062 3554 666
1096 3508 1241 3552 6166
1276 3509 1317 3553 6
1351 3494 1488 3554 6616
1524 3496 1829 3553 66661166
1864 3508 1950 3552 66
1985 3489 2288 3572 angoisse

329 3572 824 3639 merveilleuse:
872 3595 999 3657 que
1035 3571 1107 3639 S.
1140 3574 1375 3649 Pierre
1417 3572 1672 3657 appelle
1715 3574 1811 3640 les
1855 3572 2164 3640 douleurs
2206 3573 2287 3639 de

332 3658 589 3744 mort‘2)
634 3658 809 3739 (Act.
848 3662 908 3739 2,
946 3659 1080 3744 24).

1130 3782 1197 3816 m
1231 3781 1489 3817 mm·

513 3830 696 3895 Pour
736 3829 949 3914 quelle
991 3831 1213 3896 raison
1268 3831 1407 3896 cela
1449 3831 1711 3898 s'est-il
1752 3831 1935 3911 faict,
1992 3837 2061 3897 et
2110 3851 2286 3897 com-

320 3914 561 3983 ment?

1179 4019 1445 4073 n’aurutr.

514 4088 769 4155 Pource
828 4088 984 4173 qu'il
1038 4110 1106 4154 se
1158 4089 1519 4171 presentoit
1571 4096 1615 4154 6.
1656 4088 1832 4154 Dieu
1882 4108 2050 4172 pour
2094 4089 2286 4155 satis-

324 4175 501 4241 faire
557 4196 642 4240 au
696 4195 853 4240 nom
907 4173 1021 4240 des
1075 4174 1421 4258 pecheurs,
1480 4175 1531 4239 il
1582 4174 1794 4240 falloit
1839 4175 2000 4259 qu'il
2054 4175 2289 4241 sentist

324 4270 516 4329 66616
579 4259 868 4327 horrible
924 4259 1250 4326 destresse
1303 4282 1387 4327 66
1440 4283 1515 4326 66
1569 4261 1969 4341 conscience,
2034 4281 2288 4327 comme

322 4348 438 4414 s'il
498 4347 688 4412 estoit
742 4344 1020 4412 (16161666
1086 4344 1167 4411 (16
1221 4347 1431 4413 Dieu:
1498 4353 1564 4412 et
1626 4367 1874 4413 mesme
1927 4367 2177 4413 comme
2231 4347 2289 4411 si

320 4431 572 4500 DIEU
617 4432 813 4498 estoit
853 4440 1210 4498 courrouce
1255 4440 1483 4500 contre
1525 4434 1659 4517 luy.
1749 4433 1992 4498 Estant
2031 4454 2116 4498 en
2153 4439 2290 4499 cest

321 4520 631 4605 abysme,
675 4517 725 4582 il
770 4539 812 4583 a
853 4518 1013 4597 6116,
1061 4518 1226 4583 Mon
1265 4520 1460 4597 Dieu,
1505 4540 1660 4584 mon
1701 4519 1904 4598 Dieu,
1950 4539 2288 4603 pourquoy

320 4610 505 4671 m’as
546 4611 621 4669 16
659 4603 857 4669 161666
899 4602 1169 4685 (Matth.
1209 4607 1310 4683 27,
1348 4608 1430 4667 46
1443 4628 1460 4684 ;
1504 4604 1694 4670 Marc
1736 4608 1835 4683 15,
1875 4604 2028 4689 34)?

1128 4724 1195 4759 LE
1230 4725 1488 4760 mmm.

507 4774 687 4841 Dieu
734 4773 1010 4840 estoiteil
1053 4773 1221 4842 donc
1264 4783 1619 4842 courrouce
1663 4782 1887 4841 contre
1929 4772 2090 4860 luy?

1179 4877 1447 4932 n’nurmr.

510 4947 687 5013 Non:
746 4946 916 5012 mais
968 4945 1022 5010 il
1078 4945 1288 5013 falloit
1338 4945 1674 5012 toutesfois
1718 4944 1877 5029 qu’il
1916 4945 2290 5029 l'affligeast

320 5034 507 5100 ainsi
558 5053 724 5116 pour
766 5032 1031 5098 verifier
1072 5053 1147 5098 66
1188 5034 1302 5118 (161
1345 5055 1386 5098 6
1427 5040 1566 5099 6616
1614 5030 1869 5116 predict
1909 5053 2030 5114 par
2070 5031 2287 5109 Esaie,

2339 573 2345 667 Ι
2393 593 2516 639 666
2561 593 2718 638 vero
2753 572 2946 639 desiit
2981 574 3236 639 interea
3279 592 3421 639 esse
3455 575 3882 665 benedictus,⁸
3904 597 4033 660 quo
4066 598 4186 644 nos
4229 599 4351 645 sua

2391 657 2838 725 benedictione
2879 659 3317 741 perfunderet.

3243 869 3506 904 mulsum.

2575 919 2692 991 [fol.
2743 928 2769 979 1
2782 919 2847 995 8]
2891 915 3317 1003 Prosequere.

3296 1041 3443 1076 Pul-311.

2572 1084 2854 1166 Quando
2910 1088 3173 1170 quidem
3231 1112 3406 1155 mors
3465 1090 3854 1173 supplicium
3913 1099 4056 1156 erat
4094 1091 4350 1157 homini

2396 1171 2776 1254 impositum
2793 1223 2807 1249 ,
2862 1176 3109 1254 peccati
3164 1196 3390 1254 causa,
3443 1197 3584 1242 eam
3643 1177 3819 1241 filius
3875 1178 4003 1241 Dei
4059 1178 4346 1260 pertulit,

2396 1264 2465 1321 et
2504 1257 2890 1339 perferendo
2934 1260 3106 1325 vicit.
3177 1264 3400 1344 Atque
3434 1275 3514 1324 ut
3545 1262 3780 1327 melius
3814 1263 4157 1346 patefieret
4191 1282 4350 1330 vera

2395 1350 2608 1407 morte
2651 1344 2868 1426 ipsum
2914 1344 3186 1430 defungi
3200 1398 3217 1426 ,
3261 1347 3562 1412 collocari
3604 1349 3675 1413 in
3717 1348 4061 1432 sepulchro
4075 1401 4091 1428 ,
4136 1351 4349 1415 instar

2397 1428 2676 1493 aliorum
2720 1428 3081 1512 hominum,
3125 1431 3354 1498 voluit.

2567 1685 2840 1767 Verum,
2886 1708 3021 1753 non
3062 1640 3714 1774 videtffffffinfiquam
3757 1690 3840 1755 ad
3883 1712 4001 1756 nos
4044 1691 4350 1758 utilitatis

2396 1791 2481 1836 ex
2525 1772 2648 1838 hac
2685 1774 2960 1840 victoria
2990 1772 3227 1855 redire,
3272 1797 3476 1859 quum
3508 1777 3938 1842 nihilominus
3974 1777 4370 1845 moriamur.-

2567 2029 2633 2095 N
2631 2029 2755 2095 ihil
2809 2030 2879 2095 id
2932 2029 3164 2097 obstat.
3252 1982 3480 2116 §330
3540 2033 3716 2099 enim
3785 2033 3969 2100 aliud
4020 2055 4200 2100 nunc
4250 2042 4352 2100 est

2395 2135 2573 2181 mors
2617 2115 2951 2197 fidelibus,
3010 2138 3207 2200 quam
3251 2119 3570 2184 transitus
3625 2119 3699 2184 in
3742 2121 3950 2185 vitam
3993 2120 4348 2186 meliorem.

3251 2324 3511 2359 mmm.

2568 2372 2750 2437 Hinc
2791 2373 3111 2456 sequitur,
3165 2394 3301 2439 non
3344 2375 3625 2458 amplius
3681 2374 4160 2442 exhorrendam
4207 2398 4349 2444 esse

2394 2465 2679 2523 mortem
2736 2479 2811 2524 ac
2854 2460 2912 2524 si
2963 2480 3070 2524 res
3113 2466 3290 2525 esset
3340 2458 3799 2526 formidabilis:
3859 2460 3978 2527 sed
4017 2461 4349 2546 intrepido

2394 2546 2614 2608 animo
2670 2544 3074 2628 sequendum
3127 2565 3270 2610 esse
3313 2544 3548 2612 ducem
3591 2553 3915 2626 nostrum,
3974 2545 4345 2613 Christum:

2392 2630 2509 2713 (161
2557 2629 2728 2696 61661
2791 2650 2928 2695 666
2983 2631 3185 2714 periit
3237 2631 3310 2695 in
3352 2639 3561 2698 morte
3575 2681 3592 2713 ‚
3656 2633 3751 2699 ita
3792 2632 4008 2716 perire
4051 2654 4170 2700 nos
4214 2655 4347 2700 non

2288 2800 2299 2811 ,
2392 2715 2696 2798 patietur.

3295 2838 3449 2875 rm.

2565 2886 2681 2954 Sic
2723 2887 3050 2973 agendum
3094 2895 3213 2955 est.

3244 3009 3505 3045 ΠῙἨῙΒΤΕΒ.

2568 3058 2761 3141 Quod
2813 3059 2894 3126 de
2952 3060 3094 3126 eius
3147 3059 3233 3125 ad
3274 3061 3516 3125 inferos
3576 3059 3895 3127 descensu
3938 3082 4093 3126 mox
4130 3060 4344 3128 adiec-
4460 3076 4473 3100 ⁸

2393 3151 2536 3210 tum
2581 3152 2699 3226 est,
2745 3165 2944 3228 quem
2985 3167 3253 3212 sensum
3297 3144 3538 3212 habet?

3292 3267 3445 3303 rtmn.

2561 3316 2739 3381 Eum
2795 3338 2929 3381 non
2991 3337 3406 3384 communem
3471 3322 3732 3382 tantum
3797 3323 4076 3381 mortem
4137 3318 4342 3382 fuisse

2336 3398 2341 3417 ¹
2390 3421 2803 3485 perpessum,
2867 3424 3034 3485 quae
3088 3410 3190 3469 est
3256 3404 3513 3468 animae
3566 3423 3607 3467 a
3663 3421 3928 3489 corpore
3982 3402 4335 3485 separatio:

2392 3485 2509 3551 66(1
2552 3487 2751 3552 611616
2794 3486 3052 3552 (1616166
3096 3489 3360 3567 1661116,
3402 3489 3574 3552 61661
3615 3488 3857 3553 Ρ61166
3899 3493 4108 3552 vocat.
4192 3486 4341 3552 Hoc

2392 3579 2614 3637 autem
2655 3573 2921 3638 nomine
2962 3572 3309 3639 horribiles
3353 3572 3692 3656 angustias
3736 3571 4060 3657 intelligo,
4107 3574 4343 3657 quibus

2392 3657 2535 3724 eius
2578 3659 2800 3723 anima
2841 3659 3195 3725 constricta
3236 3660 3376 3724 fuit.
3803 3658 3811 3673 '

3231 3780 3492 3815 mmm.

2564 3819 2744 3896 Cedo
2787 3829 2952 3895 mihi
2992 3830 3190 3895 huius
3233 3832 3331 3896 rei
3372 3849 3637 3896 causam
3681 3849 3756 3895 ac
3798 3828 4085 3895 modum.

3289 4038 3440 4074 PUER-

2563 4085 2738 4169 Quia
2794 4096 2872 4153 ut
2939 4109 3058 4171 pro
3111 4086 3558 4171 peccatoribus
3626 4089 4054 4169 satisfaceret,
4121 4107 4342 4154 coram

2388 4173 2519 4240 Dei
2575 4172 2891 4239 tribunali
2957 4195 3027 4240 se
3097 4175 3368 4240 sistebat
3381 4226 3397 4253 ,
3465 4176 3756 4256 torqueri
3818 4173 3944 4237 hac
4009 4174 4341 4245 anxietate

2390 4261 2533 4325 eius
2575 4260 3038 4326 conscientiam
3080 4261 3450 4342 oportebat,
3493 4280 3570 4324 ac
3614 4259 3672 4323 si
3715 4257 4060 4324 derelictus
4108 4280 4149 4323 a
4189 4258 4338 4323 Deo

2390 4352 2590 4412 esset:
2660 4345 2793 4411 imo
2859 4366 2935 4412 ac
2988 4346 3043 4410 si
3087 4344 3307 4411 Deum
3359 4345 3632 4409 haberet
3678 4344 4011 4408 infestum.
4099 4345 4185 4408 In
4235 4344 4339 4410 his

2390 4431 2713 4516 angustiis
2756 4439 2929 4512 erat,
2987 4452 3190 4515 quum
3245 4431 3642 4496 exclamaret
3690 4428 3775 4493 ad
3824 4437 4110 4510 patrem:
4154 4431 4340 4496 Deus

2390 4538 2597 4597 16666,
2642 4518 2826 4584 Deus
2868 4539 3074 4597 meus,
3114 4524 3187 4582 ut
3230 4515 3387 4600 quid
3431 4513 3841 4597 dereliquisti
3883 4513 4030 4580 me?

2565 4779 2682 4852 [fol.
2720 4779 2821 4852 19]
2863 4774 3115 4839 Eratne
3156 4721 3501 4855 igfflrfl'li
3544 4766 3833 4838 offensus
3866 4772 4095 4857 pater?

2563 4944 3013 5028 Nequaquam.
3105 4941 3242 5008 Sed
3293 4894 3494 5010 Ρ1111116
3559 4945 3631 5010 16
3699 4966 3850 5011 eum
3917 4944 4338 5010 severitatem

2392 5031 2713 5110 exercuit,
2759 5037 2835 5094 ut
2873 5028 3258 5113 impleretur
3300 5030 3474 5113 quod
3515 5031 3922 5114 praedictum
3962 5031 4179 5095 fuerat
4207 5052 4340 5143 ⁸per

647 5238 704 5306 1)
752 5239 834 5294 Le
871 5240 951 5293 10.
988 5238 1288 5295 dimanche.
1341 5269 1407 5278 —
1460 5238 1731 5297 Desccnte
1766 5235 1832 5292 de
1868 5237 2048 5297 Christ
2084 5252 2189 5293 aux
2240 5235 2438 5291 enters.
2488 5264 2552 5274 —
2601 5234 2862 5291 Torment
2904 5234 2973 5289 (16
3018 5233 3202 5291 Christ
3246 5243 3304 5291 et
3348 5235 3444 5293 des
3489 5234 3785 5307 pecheurs,
3828 5250 3897 5290 en
3943 5251 4085 5305 quoy
4128 5234 4335 5289 differe.

316 5312 385 5373 2)
428 5309 506 5365 de
537 5308 597 5363 la
628 5317 770 5364 mort
804 5308 957 5362 1561.
995 5306 1147 5363 1562.
