4967 5992
172 0 199 19 -i
208 0 365 75 'qt
380 2 403 21 ι·
472 0 489 23 0

2198 342 2988 414 PROLEGOLOENA’-
3237 384 3240 389 -
4303 358 4310 367 ·
4355 304 4362 311 ’
4392 346 4578 414 xm

550 540 890 605 torstense
931 528 1269 618 exemplar
1310 539 1388 598 ut
1442 535 1731 617 primum
1775 539 1843 599 et
1898 535 2352 603 authenticum
2394 535 2783 603 recudemus
2796 591 2813 619 ,
2870 537 3146 625 minime
3183 544 3414 603 tamen
3467 555 3790 621 negamus
3829 556 4025 620 posse
4067 536 4311 604 alicubi
4353 536 4577 604 Gene-

550 668 757 716 vense
796 645 1017 725 adhuc
1058 643 1460 726 delitescere,
1506 646 1631 724 cui,
1676 646 1733 711 si
1776 645 1945 729 quis·
1967 640 2306 730 repererit,
2351 646 2640 731 palmam
2681 657 2748 713 et
2788 646 3235 733 principatum
3275 647 3560 713 libenter
3611 647 3996 715 tribuemus.
4087 646 4429 733 Quidquid
4471 651 4575 729 sit,

553 759 779 843 accipe
820 764 916 837 tu,
961 756 1279 824 benevole
1321 754 1543 835 lector,
1585 775 1757 838 quae
1796 755 1879 821 de
1917 764 2148 829 nostra
2183 757 2301 822 illa
2343 757 2702 824 rarissima·
2725 760 3254 843 argentoratensi
3295 755 3584 827 editione
3624 755 3907 827 dicenda
3949 758 4080 825 huc
4121 761 4487 842 pertinent:

865 881 1532 952 CA'PECHISMVS
1583 884 1594 968 Ι
1640 892 2049 950 ECCLESIAE
2093 894 2576 967 GENEVENSIS,
2628 893 2638 963 Ι
2687 884 2813 952 hoe
2856 892 2988 966 est,
3048 884 3335 951 formula
3383 882 3729 951 erudiendi
3779 890 3798 971 Ῐ
3836 905 4075 969 pueros
4126 888 4201 952 in
4246 884 4573 973 doctrina}

554 997 827 1065 christi.
891 998 904 1082 ι
970 976 1316 1074 Aullwre
1374 977 1589 1073 Ioan,
1657 976 1999 1073 Calumo.
2070 989 2082 1093 1
2151 1005 2451 1075 OEmbiema
2475 1004 2751 1085 effipiam.)
2789 1004 2800 1075 ι
2835 1004 3363 1063 mumolum
3397 1004 3596 1061 APVD
3628 1005 3856 1062 vvsn-
3909 1004 3923 1075 ι
3968 1003 4209 1059 aetam
4280 1003 4577 1061 Raetiam.

552 1119 723 1173 Am
751 1117 763 1187 1
798 1113 982 1173 1545.

862 1220 1110 1285 Forma
1145 1220 1480 1284 octonaria
1519 1220 1753 1284 minor.
1840 1217 2330 1301 Quaterniones
2372 1217 2680 1284 undecim
2722 1218 2999 1305 (A—L)
3014 1269 3029 1296 ‚
3075 1212 3246 1283 folia'
3272 1225 3538 1300 praeter
3577 1218 3848 1284 titulum
3892 1222 3977 1283 87
4022 1238 4159 1283 non
4202 1226 4571 1286 numerata.

549 1331 901 1398 Emblema
938 1330 1191 1397 Rihelii
1246 1326 1711 1414 descripsimus
1768 1329 1839 1395 in
1893 1329 2391 1413 Prolegomenis
2434 1327 2628 1396 {Domi
2671 1329 2728 1395 I.
2770 1349 2920 1414 pag.
2959 1312 3267 1394 XXXII.
3348 1328 3811 1395 Praemittitur
3852 1328 4274 1396 Catechismo
4308 1329 4578 1398 Calvini

552 1442 831 1526 epistola
872 1441 959 1507 ad
1006 1441 1353 1507 Ministros
1394 1441 1652 1507 Frisiae
1710 1441 2047 1506 orientalis
2096 1441 2172 1507 in
2228 1461 2357 1524 qua
2408 1440 2699 1507 maxime
2750 1438 2834 1505 de
2876 1461 3006 1505 usu
3060 1439 3436 1507 libellorum
3480 1439 4026 1507 catechetioorum
4064 1440 4219 1525 agit.
4308 1440 4394 1506 In
4435 1430 4578 1527 ipso

552 1573 825 1637 corpore
876 1552 1028 1619 libri
1085 1552 1547 1619 annotationes
1601 1551 2005 1637 marginales
2057 1551 2313 1633 nullae,
2369 1572 2455 1617 ne
2509 1550 2785 1617 biblicae
2841 1550 3106 1635 quidem
3172 1549 3617 1635 allegationes.
3718 1548 4025 1632 Quatuor
4077 1551 4231 1617 illae
4284 1554 4577 1636 capitum

552 1662 852 1731 rubricae
905 1663 1000 1730 de
1053 1663 1248 1743 fide,
1302 1661 1395 1728 de
1446 1663 1658 1748 lege,
1717 1661 2277 1752 deci-atione,
2335 1663 2428 1728 de
2473 1663 3011 1729 sacramentis
3062 1663 3137 1727 in
3188 1660 3315 1739 hoo
3370 1669 3439 1729 et
3490 1662 3767 1728 caeteris
3822 1662 4306 1746 exemplaribus
4348 1662 4576 1729 latinis

551 1776 697 1861 ipso
749 1776 967 1841 textui
1020 1795 1143 1841 suo
1198 1794 1496 1858 quaeque
1545 1773 1688 1840 loco
1744 1776 2033 1841 insertae
2084 1774 2414 1858 leguntur.
2503 1774 2931 1841 Precationes
2974 1773 3416 1840 subiiciuntur
3456 1771 3728 1839 eaedem
3770 1794 3848 1841 ao
3899 1774 3976 1837 in
4026 1773 4244 1859 prima
4287 1771 4574 1839 editione

553 1885 809 1972 gallica.
898 1884 1074 1970 'Pypi
1116 1883 1519 1969 grandiores.
1609 1884 1974 1968 Exemplar
2015 1893 2320 1950 nostrum
2357 1884 2516 1950 olim
2558 1886 2728 1950 Tim.
2776 1884 2956 1951 Guil.
3011 1884 3398 1951 Roehrichii
3444 1884 3602 1963 fuit,
3647 1883 3776 1949 viri
3820 1881 3903 1948 de
3946 1883 4234 1950 historia
4279 1884 4577 1950 Alsatiae

551 1996 992 2065 ecclesiastica
1032 1997 1278 2079 optime
1321 1995 1562 2076 meriti,
1607 1995 1800 2061 nobis
1843 1996 2167 2062 amicitiae
2207 1995 2472 2063 vinculo
2520 1995 3060 2062 coniunctissimi.

858 2105 1192 2192 sequutae
1242 2114 1404 2173 sunt
1458 2105 1780 2172 editiones
1833 2106 2060 2188 plures
2111 2127 2274 2190 quas
2328 2127 2466 2173 non
2520 2127 2749 2173 omnes
2807 2108 2936 2192 ipsi
2980 2104 3284 2173 vidimus.
3373 2106 3694 2172 Proxima
3732 2106 3935 2172 fuisse
3977 2105 4243 2173 videtur
4286 2127 4367 2172 ea
4408 2128 4576 2191 quae

556 2223 715 2285 1547
765 2217 1008 2304 prodiit
1050 2220 1394 2304 Augustae
1435 2216 1933 2284 Vindelicorum
1974 2217 2323 2300 impressa,
2381 2237 2582 2300 quam
2631 2215 2926 2302 possidet
2982 2215 3380 2282 bibliotheca
3419 2216 3858 2282 Monacensis.
3950 2216 4126 2281 'l'um
4163 2237 4435 2283 recusus
4476 2223 4578 2283 est

548 2331 660 2399 hio
701 2324 963 2397 libellus
1006 2329 1091 2395 ad
1132 2329 1377 2396 calcem
1418 2328 1865 2395 Institutionis
1921 2350 1978 2394 a.
2030 2333 2198 2393 1550
2242 2327 2556 2395 Genevae
2595 2327 2770 2411 apud
2816 2325 3193 2395 Gerardum
3235 2326 3629 2411 impressae,
3688 2325 3771 2392 de
3813 2346 3944 2409 qua
3984 2325 4141 2392 vide
4182 2347 4353 2412 quae
4396 2328 4472 2394 Τ.
4516 2327 4572 2394 I.

546 2460 697 2527 pag.
741 2439 1064 2507 XXXVI
1106 2462 1237 2524 seq.
1297 2440 1601 2507 diximus.
1688 2440 1945 2506 Eodem
1997 2460 2172 2504 anno
2231 2438 2724 2506 Catechismum
2767 2438 2948 2504 hunc
3002 2436 3207 2503 edidit
3248 2437 3343 2504 Io.
3391 2436 3741 2520 Crispinus
3756 2485 3774 2517 ,
3833 2456 4028 2521 quem
4071 2438 4319 2503 librum
4359 2439 4575 2504 rarius

549 2551 819 2621 obvium
861 2572 946 2617 ex
987 2549 1382 2619 bibliotheca
1425 2551 1949 2635 Guelferbytana
1989 2557 2332 2634 acceptum
2373 2548 2600 2615 sedulo
2644 2568 2799 2614 cum
2842 2557 3065 2615 nostro
3107 2549 3473 2632 exemplari
3514 2548 3936 2614 contulimus:

860 2664 1722 2751 GA'PEOHISMVS
1791 2665 1805 2773 Ι
1871 2665 2310 2750 Ecclesiae
2373 2664 2934 2770 Gseneuensis‚
3005 2663 3017 2767 Ι
3083 2674 3280 2743 HOO
3342 2672 3552 2755 EST,
3628 2674 4094 2743 FORMULA
4157 2675 4168 2762 Ι
4231 2675 4572 2744 erudiendi

549 2811 788 2875 pueros
830 2792 904 2856 in
947 2790 1244 2856 doctrina
1286 2788 1561 2856 Christi.
1613 2795 1624 2869 Ι
1672 2788 1793 2856 ΙΟ.
1838 2787 2258 2856 CALVINO
2297 2786 2772 2855 AV'I'HORE.
2812 2796 2823 2867 Ι
3208 2789 3219 2869 Ι
3270 2785 3741 2852 GENEVAE.
3788 2787 3801 2869 Ι
3849 2787 3945 2852 Μ.
3969 2788 4054 2853 D.
4078 2788 4161 2854 L.

857 2901 947 2967 In
986 2902 1119 2966 fine
1161 2898 1437 2985 legitur:
1482 2901 1828 2983 Excusum
1861 2891 2176 2967 Gen'evae
2211 2898 2387 2984 apud
2420 2900 2742 2964 Ioannem
2777 2897 3162 2983 Crispinum
3197 2896 3490 2963 Conradi
3524 2896 3721 2962 Badii
3754 2917 3971 2981 opera.
4040 2900 4241 2964 Anno
4275 2901 4370 2967 M.
4387 2896 4474 2965 D.
4490 2902 4570 2966 L.

548 3011 760 3096 pridie
802 3011 974 3077 Non.
1020 3010 1219 3076 Iunii.
1308 3012 1557 3076 Forma
1598 3011 1934 3076 octonaria
1975 3010 2209 3076 minor.
2300 3009 2789 3093 Quaterniones
2832 3018 2979 3077 octo
3022 3031 3173 3077 oum
3226 3015 3417 3093 parte
3460 3009 3623 3073 noni
3663 3007 3913 3093 (A-I)
3929 3060 3947 3088 ,
4002 3010 4294 3094 paginae,
4339 3031 4573 3077 nume-

548 3130 735 3189 ratae
784 3126 925 3189 132.
1014 3123 1190 3207 Typi
1231 3122 1521 3189 Badiani
1562 3121 2013 3205 elegantiores,
2058 3121 2293 3188 charta
2332 3121 2563 3188 nitida.
2651 3122 2906 3190 Ultimo
2948 3122 3123 3202 folio,
3166 3129 3320 3207 post
3359 3120 3769 3203 precationes
3785 3171 3800 3196 ‚
3846 3120 3920 3184 in
3963 3120 4191 3204 fugam
4233 3120 4429 3189 vacui
4469 3123 4573 3187 in-
4615 3126 4618 3131 '

550 3234 800 3319 scripta
841 3240 943 3300 est
987 3232 1278 3301 Oratio
1319 3233 1579 3299 Mosis
1623 3232 1792 3299 viri
1833 3230 2023 3311 Dei,
2068 3233 2209 3299 sive
2252 3232 2565 3299 Psalmus
2609 3234 3098 3318 nonagesimus.

861 3346 1722 3434 OATEOHISMVS
1794 3345 1807 3449 Ι
1880 3357 2406 3426 EOOLESIAE
2454 3359 2743 3428 GENE-
2770 3350 3117 3454 mensis,
3177 3348 3340 3432 hoc
3403 3363 3563 3460 est,
3626 3347 4041 3432 Formula
4101 3342 4568 3456 erudiendi!

548 3514 862 3601 pueros
922 3487 1010 3568 in
1076 3485 1459 3569 doctrina
1519 3483 1862 3568 Christi.
1937 3488 1950 3592 Ι
2024 3505 2308 3561 Ictim
2352 3505 2674 3562 cALvmo
2719 3507 3084 3563 svrnoas.
3134 3498 3145 3582 ι
3543 3499 3551 3584 ι
3595 3504 3968 3574 canavas,
4016 3502 4028 3572 ι
4079 3478 4215 3572 Ex
4247 3479 4570 3598 officina

553 3616 875 3714 lammis
926 3614 1289 3737 Crispini.
1357 3627 1370 3731 Ι
1435 3644 1512 3699 Μ.
1533 3642 1601 3697 1>-
1624 3642 1716 3696 m.

862 3745 1057 3831 Hane
1100 3744 1515 3811 rarissimam
1559 3741 1909 3809 editionem
1962 3743 2306 3810 nobiscum
2358 3744 2871 3813 communicavit
2915 3745 3041 3811 Vir
3082 3745 3488 3813 clarissimus
3523 3734 3618 3811 G.
3664 3743 3789 3810 Ed.
3835 3742 4048 3810 Steitz
4064 3792 4081 3823 ,
4139 3741 4321 3809 verbi
4364 3741 4573 3810 divini

555 3855 733 3941 apud
770 3856 1364 3924 Francofurtenses
1396 3853 1721 3933 minister,
1767 3875 1850 3919 ex
1892 3853 2289 3921 bibliotheca
2332 3855 2517 3922 urbis
2562 3878 2720 3923 suae
2762 3857 3237 3942 depromptam.
3294 3856 3542 3923 Forma
3577 3864 3681 3924 est
3715 3854 3947 3923 eadem
3982 3876 4058 3921 ac
4099 3848 4569 3938 praecedentis.

556 3965 1045 4049 Quaterniones
1087 3973 1246 4033 sunt
1287 3972 1434 4055 octo
1478 3965 1778 4049 (A-H),
1822 3965 2106 4049 paginae
2159 3973 2548 4033 numeratae
2597 3971 2738 4050 127,
2783 3968 3018 4034 ultima
3058 3988 3288 4036 vacua.
3378 3967 3488 4034 Ad
3544 3964 4078 4034 constituendum
4121 3970 4382 4030 textum
4422 3982 4573 4029 cum

554 4086 784 4144 nostra
823 4078 1120 4161 principe
1163 4078 1577 4143 contulimus.

863 4190 1093 4274 Neque
1150 4188 1716 4273 praetermisimus
1776 4194 1916 4252 tres
1969 4186 2130 4253 alios
2182 4187 2385 4273 libros
2439 4188 2523 4259 de
2574 4190 2811 4273 quibus
2865 4191 2974 4258 hic
3029 4190 3329 4274 pluribus
3383 4212 3579 4276 agere
3623 4210 3760 4255 non
3806 4188 4075 4265 attinet,
4127 4184 4368 4268 quippe
4409 4180 4571 4266 quos

558 4299 716 4367 alibi
759 4301 921 4368 satis
963 4306 1268 4367 accurate
1311 4299 1854 4379 recensuerimus,
1898 4319 2136 4382 nempe
2181 4299 2460 4367 Gallasii
2517 4299 2775 4386 Corpus
2818 4303 3248 4369 Tractatuum
3308 4300 3573 4370 Calvini
3611 4297 4135 4381 'theologicorum
4179 4293 4413 4380 (1552)
4457 4294 4573 4359 ubi
4623 4318 4630 4323 ·

556 4410 1014 4478 Catechismus
1072 4412 1355 4477 habetur
1401 4431 1465 4493 p.
1510 4413 1901 4487 152-2053
1955 4416 2024 4477 et
2080 4411 2408 4494 duplicem
2458 4412 2906 4481 Institutionis
2965 4412 3322 4482 editionem
3382 4415 3546 4478 1553
3603 4418 3670 4475 et
3730 4410 3893 4472 1554
3911 4457 3928 4485 ,
3976 4406 4059 4471 de
4114 4425 4246 4489 qua
4287 4412 4570 4489 utraque

557 4521 773 4604 adeas,
818 4542 1232 4606 quaesumus,
1285 4520 1764 4605 Prolegomena
1817 4521 2010 4587 Tomi
2063 4524 2275 4588 nostri
2322 4524 2538 4607 primi.
2642 4524 2748 4590 De
2802 4523 3198 4591 editionibus
3255 4521 3655 4589 Catechismi
3712 4516 4116 4602 bilinguibus
4170 4539 4227 4583 a.
4279 4521 4444 4581 1554
4502 4523 4571 4582 et

563 4637 723 4699 1561
772 4652 976 4718 supra
1028 4632 1277 4699 dictum
1328 4634 1403 4697 in
1456 4630 1726 4719 gallicis.
1827 4629 2273 4699 Adhibuimus
2327 4655 2521 4718 porro
2575 4635 2930 4709 editionem
2985 4636 3202 4700 Bezae
3260 4633 3571 4717 (Tractat.
3624 4632 3789 4695 1576
3840 4650 3901 4714 p.
3944 4631 4233 4709 18—55;
4295 4628 4457 4692 1597
4503 4649 4566 4713 p.

564 4747 812 4809 14—43
829 4768 847 4825 3
907 4748 1064 4808 1611
1121 4765 1183 4827 p.
1228 4747 1305 4807 12
1324 4745 1537 4827 —37)
1586 4749 1655 4807 et
1705 4741 2385 4811 Amstelodamcnsem
2432 4746 2530 4831 (p.
2576 4750 2822 4811 11—-32
2839 4770 2857 4827 ;
2914 4744 3195 4828 denique
3247 4740 3565 4811 editiones
3630 4740 3855 4825 plures
3923 4738 4264 4806 manuales
4320 4740 4568 4823 partim

560 4855 1093 4940 graeco-latinas,
1147 4856 1392 4938 partim
1446 4874 1629 4919 mere
1681 4851 1950 4931 latinas,
2008 4872 2175 4934 quae
2216 4854 2288 4918 in
2329 4865 2558 4925 nostra
2594 4857 2976 4923 collectione
3018 4859 3314 4934 exstant,
3369 4861 3437 4918 et
3478 4874 3763 4937 quarum
3803 4872 4007 4918 unam
4065 4857 4358 4928 tantum,
4413 4857 4568 4915 ante

560 4964 825 5033 Calvini
866 4967 1003 5033 fata
1038 4985 1369 5045 excusam,
1416 4965 1526 5030 hic
1566 4963 1908 5048 speciatim
1949 4982 2316 5029 memorare
2353 4964 2531 5031 libet.
2620 4966 2883 5031 Titulus
2929 4972 3060 5031 est:

868 5077 1454 5142 ΣΤΟΙΧΕΙΩΣΙΣ
1506 5076 1687 5153 ΤΗΣ
1736 5074 1746 5161 Ι
1792 5074 2185 5161 Χριστιανῶν
2234 5080 2532 5155 πίστευέ,
2584 5070 2623 5154 ἢ
2659 5073 3077 5159 ’Κατηχισμός,
3127 5076 3139 5161 1
3187 5076 3338 5143 κατὰ
3409 5076 3514 5156 τήν
3563 5074 3833 5141 παλαιᾶν
3890 5074 4232 5152 ὀνομασίαν.
4290 5071 4299 5156 Ι
4359 5069 4568 5154 Terin?

560 5191 667 5253 nui
705 5180 893 5265 ια’πος
928 5190 1048 5254 τῶν
1090 5193 1589 5268 (univocae-undu
1630 5181 2037 5273 προὰε-Ιτέθη
2090 5184 2296 5268 εὐχῶν.
2347 5192 2361 5271 Ι
2406 5186 2974 5254 RVDIMENTA
3022 5186 3290 5254 FIDEI
3338 5189 3350 5272 1
3403 5186 3851 5265 Christianae,
3905 5181 4014 5252 vel
4059 5179 4273 5246 Rudis
4328 5188 4396 5245 et
4435 5178 4565 5243 ole-
