4967 5992
412 298 494 360 89
1754 289 2412 359 OATEOHISMUS
2459 290 3075 359 GENEVENSIS.
3721 351 3730 365 „
4294 295 4302 306 ’
4333 300 4421 368 90

411 501 581 549 6668
623 479 1055 548 (161686111668
1097 502 1179 547 66
1225 463 1519 567 erepant,
1564 486 1633 545 et
1671 479 1831 563 qu'il
1869 499 2037 544 66118
2079 500 2228 546 8618
2269 486 2368 544 ot-
2412 481 2424 566 1
2471 487 2651 545 66118
2702 479 2833 546 fide
2886 488 3139 565 petere:
3207 486 3275 546 et
3328 482 3670 563 promissio
3738 480 4030 559 additur,
4101 483 4419 570 quidquid

413 577 605 655 troye
648 566 921 651 (Matth.
960 569 1064 648 21,
1101 568 1215 644 22;
1251 567 1440 632 Mare
1480 571 1577 647 11,
1615 565 1748 651 24).

731 657 743 666 ι
1202 689 1270 724 11!
1302 688 1563 724 mm·

583 741 647 806 11
710 747 885 806 reste
948 739 1030 804 116
1093 740 1312 805 saveir
1364 745 1689 804 comment
1755 743 1825 801 et
1877 743 1920 802 a
1973 736 2123 820 quel
2188 736 2366 802 tiltre

411 848 581 894 nous
624 846 924 911 pouvons
977 825 1165 890 avoir
1204 825 1272 891 la
1314 822 1649 910 hardiesse
1692 821 1774 888 de
1816 842 1981 888 nous
2023 831 2368 906 presenter

413 914 657 980 devant
708 912 913 978 Dien:
971 930 1098 976 ven
1154 931 1281 994 que
1334 932 1501 976 nous
1567 930 1652 976 en
1707 929 1989 975 sommes
2046 929 2169 992 par
2216 918 2365 992 trop

408 998 734 1085 indignes.

1251 1099 1518 1152 n’mm.

580 1171 1129 1247 Pr0mierement,
1176 1188 1346 1233 nous
1391 1187 1597 1234 avons
1639 1166 1737 1232 les
1778 1185 2171 1250 promesses,
2217 1185 2366 1230 aus-

409 1257 661 1343 quelles
701 1256 753 1322 11
791 1275 959 1322 nous
1000 1256 1143 1320 faut
1185 1261 1486 1333 arrester,
1532 1274 1687 1319 sans
1731 1251 2103 1319 considerer
2144 1259 2366 1316 nostre

410 1344 668 1430 dignite
730 1343 866 1426 (Pe.
907 1345 1008 1420 50,
1052 1345 1160 1421 153
1208 1342 1311 1419 91,
1362 1344 1398 1404 3
1435 1345 1506 1404 et
1544 1343 1684 1418 145,
1728 1341 1840 1418 183
1886 1338 1999 1404 Es.
2039 1341 2141 1416 30,
2187 1340 2260 1399 15
2300 1344 2368 1401 et

411 1436 516 1510 65,
567 1434 682 1510 24;
727 1428 856 1494 161.
908 1431 1008 1507 29,
1063 1430 1172 1506 12;
1216 1425 1359 1491 1661
1405 1430 1463 1503 2,
1515 1425 1646 1509 32).
1742 1421 2255 1501 Seoondement,
2312 1422 2367 1486 si

410 1537 582 1582 nous
650 1533 933 1581 sommes
1000 1513 1232 1578 enfans
1286 1510 1367 1577 de
1419 1509 1626 1589 Dieu,
1690 1510 1739 1574 il
1804 1531 1970 1575 nous
2031 1507 2248 1573 induit
2301 1515 2368 1573 et

495 1602 637 1667 ulse
688 1621 811 1685 par
863 1619 984 1666 son
1039 1599 1250 1664 sainct
1290 1597 1522 1679 Esprit
1578 1604 1618 1662 a
1671 1616 1839 1662 nous
1893 1595 2131 1660 retirer
2176 1594 2365 1659 fami-

464 1694 762 1753 erement
804 1694 846 1751 a
897 1685 1035 1770 luy,
1092 1704 1343 1751 6616166
1400 1690 1443 1749 a
1498 1689 1721 1748 nostre
1762 1682 1935 1747 Pere
1990 1679 2263 1766 (Matth.
2305 1684 2362 1760 6,

409 1774 503 1858 9).
589 1774 686 1838 Et
738 1772 874 1838 afin
927 1792 1052 1855 que
1106 1790 1270 1835 nous
1326 1789 1409 1833 66
1464 1768 1836 1853 eraignions
1888 1786 2011 1850 pas
2054 1766 2134 1832 de
2191 1786 2366 1832 6661-

403 1860 732 1944 paroistre
776 1857 1020 1924 devant
1061 1877 1134 1922 sa
1178 1855 1457 1920 Maieste
1510 1854 1862 1939 glorieuse,
1917 1873 2082 1918 nous
2126 1853 2237 1934 qui
2280 1873 2367 1916 ne

409 1964 694 2012 86161668
737 1964 863 2027 que
904 1962 1142 2026 povres
1178 1961 1330 2007 vers
1369 1939 1451 2005 de
1492 1948 1689 2019 terre,
1733 1945 1802 2005 et
1835 1936 2211 2004 miserables
2250 1957 2365 2020 pe-

410 2031 680 2110 oheurs,
730 2029 783 2094 11
835 2050 1002 2094 6668
1056 2027 1271 2093 116666
1320 2033 1544 2091 668116
1589 2024 1918 2109 Seigneur
1954 2023 2144 2089 Iesus
2199 2043 2365 2106 pour

410 2116 789 2183 Mediateur
824 2115 891 2200 (l
923 2115 1092 2179 Tim.
1132 2117 1190 2192 2,
1231 2116 1300 2192 53
1337 2112 1541 2177 Hebr.
1579 2119 1640 2188 4,
1683 2115 1793 2189 163
1837 2115 1864 2173 1
1905 2109 2117 2174 Iehan
2163 2112 2222 2188 2,
2265 2113 2361 2191 1):

409 2204 548 2270 sfin
572 2223 696 2287 que
738 2221 862 2285 par
883 2221 1003 2267 son
1044 2220 1285 2284 moyen
1329 2204 1533 2283 ayant
1575 2217 1781 2276 aoeez,
1824 2215 1990 2261 nous
2032 2215 2117 2260 ne
2161 2193 2363 2260 doub-

405 2289 588 2355 tions
628 2287 817 2372 point
859 2285 940 2351 de
982 2293 1257 2351 trouver
1299 2304 1509 2367 grace.

1201 2406 1267 2441 m
1300 2404 1560 2440 mmm.

580 2459 967 2524 Entens-tu
1010 2456 1166 2541 qu'il
1218 2476 1303 2520 ne
1359 2476 1525 2521 nous
1577 2454 1755 2519 faille
1807 2453 2126 2536 invoquer
2166 2451 2362 2533 Dieu,

408 2550 608 2631 qu’au
649 2543 824 2610 Nom
869 2542 949 2608 de
992 2543 1180 2610 Iesus
1224 2539 1497 2607 Christ?

1254 2646 1520 2698 &zur-Am.

586 2722 704 2798 [foL
744 2720 849 2795 45]
893 2715 969 2780 Ie
1010 2714 1284 2779 l'entens
1342 2713 1526 2780 ainsi.
1618 2710 1752 2778 Gar
1792 2730 1961 2777 nous
2017 2731 2101 2775 en
2159 2730 2364 2774 avons

404 2803 474 2869 le
518 2800 1093 2870 oommandement
1147 2820 1399 2882 expres.
1487 2799 1580 2863 Et
1623 2819 1706 2863 66
1750 2817 1823 2863 66
1866 2796 2138 2876 faisant,
2199 2816 2363 2860 nous

398 2895 511 2956 est
549 2887 797 2972 promis
835 2907 960 2970 que
1000 2906 1122 2969 par
1154 2885 1221 2951 la
1254 2891 1447 2949 vertu
1482 2884 1564 2949 de
1598 2903 1721 2950 son
1754 2883 2196 2962 intereession,
2238 2902 2362 2947 noz

392 2980 744 3060 requestes
785 2993 956 3039 nous
997 2981 1220 3038 serent
1259 2977 1588 3057 ottroyees
1630 2968 1871 3053 (Iehan
1911 2973 2008 3048 14,
2051 2967 2179 3051 13).

1202 3093 1270 3128 m
1302 3093 1418 3128 1111
1446 3092 1564 3127 mv

583 3144 679 3212 Oe
713 3142 886 3210 n’est
915 3143 1105 3227 point
1143 3142 1310 3209 11666
1351 3092 1667 3221 1161661116,
1711 3162 1798 3206 66
1828 3140 1982 3206 folle
2016 3159 2362 3223 presump-

397 3234 551 3298 tion
572 3229 655 3296 de
675 3251 844 3296 nous
879 3250 1027 3296 oser
1048 3227 1345 3295 adresser
1364 3229 1777 3312 priveement
1797 3233 1840 3292 a
1858 3225 2053 3305 Dieu,
2089 3244 2362 3312 moyen-

396 3324 579 3384 nant
622 3337 748 3401 que
792 3336 963 3381 nous
1005 3334 1214 3399 ayons
1256 3313 1448 3379 Iesus
1483 3312 1714 3379 Christ
1750 3332 1920 3395 pour
1961 3317 2188 3377 nostre
2221 3310 2362 3376 Ad-

394 3409 631 3471 voeatt
678 3407 747 3467 et
786 3421 911 3486 que
954 3422 1121 3466 nous
1162 3400 1227 3464 le
1264 3398 1576 3464 mettions
1631 3420 1715 3464 en
1770 3403 1999 3476 avant,
2059 3397 2193 3462 afin
2236 3417 2362 3479 que

393 3488 589 3556 Dieu
632 3508 754 3573 par
794 3508 916 3553 son
956 3505 1201 3571 moyen
1242 3504 1413 3550 nous
1464 3485 1556 3548 ait
1607 3483 1988 3568 aggreables
2002 3533 2019 3562 ,
2074 3490 2142 3548 et
2197 3503 2362 3548 nous

393 3595 671 3642 exauoe.

1256 3673 1523 3728 n’mmr.

584 3745 756 3811 Non.
845 3740 981 3810 Oar
1020 3763 1191 3808 nous
1243 3741 1469 3826 prions
1522 3760 1772 3808 comme
1813 3761 1935 3825 par
1977 3761 2052 3806 sa
2092 3738 2362 3821 bouehe,

399 3831 715 3898 d'autant
757 3829 913 3914 qu’il
955 3850 1120 3895 nous
1160 3827 1375 3894 donne
1409 3833 1635 3893 entree
1678 3832 1746 3893 et
1787 3824 2116 3906 audienee,
2162 3834 2230 3892 et
2260 3828 2363 3893 in-

397 3917 676 3984 16166116
718 3936 887 4000 pour
928 3935 1094 3981 nous
1140 3914 1357 3998 (Rom.
1396 3916 1457 3993 8,
1502 3913 1633 3997 34).

1179 4120 1246 4156 611
1278 4119 1536 4155 :mmm
1555 4101 1600 4167 ¹)

586 4173 871 4240 Parlons
903 4171 1316 4237 maintenant
1350 4168 1431 4235 116
1464 4169 1532 4236 18
1565 4166 1912 4236 substance
1933 4168 2014 4237 de
2035 4191 2158 4236 noz
2194 4172 2364 4237 orai-

393 4282 586 4329 8068.
685 4260 994 4325 Pouvons
1008 4295 1035 4308 -
1050 4276 1217 4322 nous
1281 4254 1636 4323 demander
1688 4261 1834 4321 tout
1895 4277 1968 4322 66
2022 4258 2136 4340 qui
2198 4279 2365 4324 nous

392 4348 597 4415 vient
640 4367 726 4411 en
767 4341 1300 4422 l’entendement,
1342 4362 1427 4406 66
1472 4341 1577 4408 s'il
1610 4364 1656 4429 y
1692 4363 1732 4407 a
1764 4341 2040 4426 quelque
2075 4343 2365 4410 eertaine

389 4432 617 4518 reigle
659 4430 729 4496 la
771 4428 998 4496 1168868
1011 4428 1044 4492 ⁴?
1742 4457 1747 4466 -

1253 4529 1517 4583 n’mm.

586 4601 666 4668 si
708 4622 874 4668 nous
917 4598 1232 4685 suyvions
1275 4604 1497 4664 nostre
1537 4598 1819 4664 fantasie
1832 4649 1848 4678 ,
1904 4618 2027 4664 noz
2071 4603 2362 4667 oraisons

393 4694 724 4776 seroyent
784 4687 939 4753 bien
1001 4684 1136 4751 mal
1186 4683 1478 4769 reiglees.
1568 4682 1702 4749 Car
1754 4705 1919 4750 nous
1972 4705 2253 4752 86161668
2306 4679 2364 4753 8“1

388 4777 757 4871 ignorans,
813 4793 942 4857 que
994 4791 1162 4837 nous
1215 4791 1300 4835 ne
1350 4790 1647 4865 pouvons
1703 4791 1824 4854 pas
1877 4771 2065 4855 inger
2119 4792 2194 4838 66
2251 4774 2361 4856 qui

2472 564 2810 632 eredentes
2846 568 3245 652 petierimus,
3291 567 3361 632 id
3401 568 3590 633 nobis
3634 566 3861 634 datum
3903 569 4006 634 iri.

2642 738 2884 805 Restat
2923 746 2998 804 ut
3050 669 3639 816 videamfflffide
3682 689 3869 806 661118
3911 747 4172 807 tantum
4217 745 4418 810 confi-

2472 821 2763 889 dentiae:
2812 831 2889 889 ut
2918 845 3122 908 quum
3164 832 3263 890 tot
3304 823 3515 890 modis
3557 822 3816 910 indigni
3863 825 4068 892 simus
4091 826 4220 893 Dei
4265 850 4420 896 eon-

2469 915 2718 992 speotu,
2765 910 2995 976 sistere
3037 932 3156 976 nos
3199 917 3422 976 tamen
3465 930 3682 976 eoram
3726 914 3870 995 ipso
3915 912 4287 981 audeamus.

3370 1117 3523 1153 rm.

2642 1167 2963 1246 Primum,
3008 1166 3328 1233 habemus
3369 1168 3849 1252 promissiones,
3894 1169 4128 1252 quibus
4169 1172 4419 1258 simpli-

2471 1254 2664 1333 61161,
2721 1254 2963 1319 omissa
3040 1253 3381 1336 dignitatis
3434 1262 3699 1319 6681186
3754 1256 4032 1334 1811666,
4107 1258 4419 1326 8186116111

2473 1347 2589 1404 681.
2680 1339 2968 1418 Deinde,
3011 1339 3070 1403 81
3111 1338 3229 1403 filii
3275 1339 3402 1403 Dei
3418 1339 3475 1423 ²)
3521 1361 3748 1405 sumus
3765 1391 3780 1418 ,
3823 1341 4076 1406 animat
4117 1362 4239 1408 nos
4284 1339 4417 1428 spi-

2471 1425 2640 1490 ritus
2684 1426 2853 1503 eius,
2912 1432 3107 1507 atque
3149 1425 3447 1509 instigat,
3493 1432 3569 1489 ut
3612 1425 3694 1491 ad
3738 1447 3920 1505 eum,
3973 1437 4290 1512 tanquam
4334 1429 4419 1495 ad

2470 1518 2727 1594 patrem
2741 1563 2757 1589 ‚
2814 1510 3228 1575 familiariter
3286 1531 3403 1577 nos
3455 1511 3744 1595 recipere
3803 1512 3971 1576 nihil
4025 1512 4416 1582 dubitemus.

2473 1597 2573 1662 Ao
2628 1615 2712 1660 ne
2768 1596 2914 1661 ideo
2967 1595 3138 1680 quod
3196 1597 3407 1662 instar
3457 1598 3784 1662 vermium
3828 1620 4081 1678 sumus,
4141 1608 4209 1666 et
4264 1620 4419 1667 666-

2469 1682 2746 1747 86166118
2768 1681 3132 1766 premimur
3147 1691 3521 1748 nostrorum
3541 1692 3975 1767 peecatorum,
4004 1685 4418 1752 maiestatem

2470 1769 2612 1833 6168
2697 1768 3022 1834 loriosam·
3039 1768 3444 1845 horreamus,
3489 1768 3915 1835 mediatorem
3951 1770 4139 1836 nobis
4181 1792 4418 1857 propo-

2469 1853 2571 1918 nit
2612 1789 2956 1920 Cghristum
2971 1905 2988 1932 ,
3045 1874 3171 1937 quo
3211 1854 3397 1920 nobis
3416 1853 3474 1938 Β)
3531 1854 3779 1920 81111616
3821 1855 4282 1939 patefaciente,
4339 1856 4420 1924 de

2469 1938 2834 2005 obtinenda
2876 1938 3089 2024 gratia
3132 1940 3403 2005 minime
3447 1939 3654 2006 simus
3697 1941 3899 2006 anxii.

3322 2405 3582 2441 mm.

2638 2453 2966 2537 Intelligis
3011 2473 3144 2519 non
3198 2454 3326 2519 nisi
3382 2456 3584 2521 unius
3623 2455 3876 2523 Christi
3921 2457 4185 2523 nomine
4227 2457 4417 2523 16116-
4529 2517 4544 2542 ,

2467 2537 2748 2606 68611616
2794 2559 2936 2604 6886
2978 2537 3243 2604 Deum?

2640 2709 2755 2778 Sic
2809 2711 3035 2777 sentio.
3124 2711 3300 2777 Nam
3355 2663 3752 2781 gtmdisertis
3809 2717 4028 2782 verbis
4082 2715 4177 2778 ita
4227 2714 4415 2780 nobis

2464 2798 2895 2882 praecipitur:
2941 2803 3009 2860 et
3052 2795 3318 2862 additur
3359 2800 3702 2883 promissio
3716 2853 3735 2882 ,
3778 2803 4111 2868 facturum
4148 2820 4271 2865 868
4311 2800 4415 2864 16-

2464 2884 2881 2961 16166881666,
2927 2889 3003 2947 61
3044 2902 3519 2967 oonsequamur
3560 2908 3725 2970 quae
3767 2888 4072 2971 petimus.
4505 2897 4514 2906 “

3317 3092 3575 3129 ΜΒ.

2637 3139 2791 3206 Non
2847 3161 3004 3227 ergo
3055 3142 3448 3209 temeritatis
3492 3150 3609 3209 aut
3644 3164 3795 3210 arro
3882 3147 4060 3212 ntiae
4104 3167 4415 3214 861111886-

2466 3225 2592 3292 dus
2635 3233 2763 3306 est,
2859 3227 2932 3291 ui
2972 3226 3095 3293 hoe
3140 3228 3451 3294 advocato
3492 3229 3704 3295 fretus
3879 3233 4095 3306 Deum
4139 3233 4415 3298 familia-

2464 3313 2628 3377 riter
2681 3247 2957 3378 aeee‘ilit:
3017 3318 3091 3412 et
3129 3313 3307 3378 huno
3349 3314 3493 3380 Deo
3546 3323 3613 3380 et
3667 3316 3795 3382 sibi
3836 3319 4144 3402 proponit
4179 3319 4411 3397 solum,

2463 3418 2584 3482 per
2626 3418 2821 3481 quem
2856 3397 3265 3463 exaudlatur.

3366 3691 3517 3727 ruml-

2577 3761 2586 3774 ·
2640 3746 2759 3821 [fol.
2799 3745 2906 3820 56]
2942 3738 3140 3806 Nullo
3196 3739 3405 3807 modo.
3493 3740 3670 3807 Nam
3724 3745 3834 3826 qui
3884 3744 3980 3810 816
4031 3755 4177 3812 6181
4190 3798 4208 3827 ,
4263 3757 4412 3813 tan-

2467 3848 2666 3911 quam
2704 3849 2789 3893 ex
2830 3825 3008 3891 illius
3063 3846 3174 3891 ore
3217 3847 3442 3911 preees
3497 3829 3805 3913 ooneipit:
3861 3851 4065 3914 quum
4109 3833 4252 3898 eius
4295 3853 4410 3916 pa-

2466 3913 2741 3979 trocinio
2789 3911 3088 3979 adiuvari
3147 3933 3332 3978 suam
3387 3915 3750 3980 orationem
3769 3966 3785 3994 ,
3842 3916 4415 4002 eommendarique

2467 3999 2651 4066 sciat.
3824 4009 3831 4021 '

2711 4163 2720 4168 -
3317 4120 3574 4156 mm

2641 4172 3025 4237 'Praetemus
3066 4170 3199 4236 iam
3213 4220 3229 4250 ,
3280 4170 3437 4254 quid
3482 4172 3814 4237 continere
3851 4171 4141 4238 fidelium
4185 4193 4415 4256 preces

2468 4256 2766 4326 debeant.
2854 4255 3131 4323 Licetne
3187 4255 3504 4341 quidquid
3546 4259 3616 4321 in
3662 4269 3952 4324 mentem
3993 4257 4185 4324 nobis
4228 4261 4415 4326 venit

2467 4363 2509 4407 a
2550 4342 2697 4410 Deo
2740 4343 3093 4426 postulare,
3139 4364 3226 4408 86
3264 4350 3446 4409 eerta
3478 4342 3586 4408 1116
3629 4342 3914 4410 16666118
3954 4351 4056 4410 681
4097 4345 4372 4430 reg-ula?

2637 4600 2823 4666 Haeo
2865 4621 3020 4667 vero
3060 4600 3259 4665 nimis
3280 4548 3700 4683 prssssstera
3742 4607 3915 4666 esset
3949 4601 4182 4666 orandi
4223 4603 4409 4682 ratio,

2462 4686 2809 4772 indulgere
2831 4685 3111 4769 propriis
3145 4684 3501 4763 desideriis,
3548 4686 3891 4770 carnisque
3910 4685 4168 4753 16111616.
4235 4687 4301 4753 N
4302 4710 4408 4753 am

2464 4781 2534 4837 61
2573 4772 2871 4837 rudiores
2914 4782 3158 4852 8616118,
3204 4792 3400 4855 quam
3444 4777 3519 4836 ut
3559 4773 3885 4855 possimus
3918 4769 4207 4840 iudicare
4251 4773 4406 4857 quid

725 5080 786 5147 1)
837 5080 916 5136 Le
962 5078 1047 5134 3⁷.
1094 5078 1388 5135 11161866116.
1431 5106 1496 5117 -
1547 5078 1827 5136 L'oraison
1875 5078 2227 5136 Chrestienne
2272 5095 2377 5150 que
2431 5095 2572 5135 nous
2618 5094 2654 5134 8
2701 5080 2924 5149 apprins
2971 5087 3157 5137 nostre
3204 5078 3478 5150 Seigneur.
3529 5107 3599 5120 —
3642 5078 3725 5135 La
3770 5080 3998 5136 division
4034 5081 4102 5136 (16
4149 5079 4408 5139 1’61·818611

383 5150 749 5210 dominicale.

723 5217 786 5284 2)
823 5217 926 5274 Dei
960 5233 1062 5272 om.
1103 5216 1246 5274 Gau.
1279 5223 1329 5272 et
1362 5216 1533 5273 Besa.

1806 5215 1869 5282 3)
1902 5217 2059 5273 nobis
2094 5232 2194 5273 om.
2230 5214 2383 5274 1550.
2416 5216 2569 5273 1552.
2605 5215 2742 5271 1576
2777 5223 2870 5274 ete.
