4967 5992
395 340 519 403 325
1881 335 2009 401 DE
2054 333 2411 403 LIBERO
2453 335 2930 405 ARBI'mIo.
4296 345 4427 409 326

396 527 671 593 retribui
714 523 1106 610 gratitudini
1150 533 1433 604 nostrae,
1479 523 1667 608 quasi
1712 523 2159 607 superioribus
2204 545 2355 608 graf

399 613 509 679 tiis
565 611 735 678 bene
802 608 1042 677 utendo
1099 611 1225 676 hoc
1279 632 1363 675 ex
1417 609 1606 676 nobis
1660 611 2117 675 meruerimus.
2209 610 2359 674 Hoc

398 701 492 766 sic
539 697 957 783 Augustinus
1001 698 1374 761 confirmat:
1434 694 1614 762 Satis
1656 694 1941 761 dilucide
1981 695 2357 761 ostenditur

399 794 467 851 et
506 782 863 851 inchoandi
897 790 965 847 et
1005 783 1075 847 in
1119 784 1322 847 finem
1377 780 1843 865 perseverandi
1889 782 2173 866 gratiam
2220 802 2355 846 non

396 870 762 937 secundum
804 868 1042 934 merita
1084 875 1313 934 nostra
1355 866 1518 947 dari,
1561 867 1677 933 sed
1721 867 1952 932 donari
1993 865 2353 932 secundum

396 957 607 1041 ipsius
650 955 1157 1021 secretissimam
1198 951 1603 1038 eandemque
1646 954 2077 1019 iustissimam
2091 1004 2108 1032 ‚
2153 953 2352 1019 bene·

395 1042 906 1118 ficentissimam,
953 1039 1511 1123 sapientissimam
1551 1039 1992 1105 voluntatem:
2039 1039 2353 1122 quoniam

396 1150 560 1213 qnos
595 1126 1117 1211 praedestinavit
1132 1177 1148 1204 ,
1195 1147 1304 1192 eos
1348 1132 1416 1191 et
1457 1126 1733 1191 vocavit.
1824 1124 2003 1206 Quid
2043 1144 2221 1189 nunc
2266 1123 2348 1189 ad

391 1212 965 1298 tergiversandum
1016 1212 1341 1296 (effugere
1405 1212 1582 1276 enim
1635 1211 1820 1276 nullo
1863 1209 2057 1275 modo
2101 1210 2347 1294 potest)

391 1297 701 1367 obtendet
727 1299 775 1381 ¹)
831 1296 1155 1382 Pighius?
1255 1299 1366 1362 An
1419 1297 1690 1362 mutilas
1743 1318 1819 1363 ac
1874 1317 2145 1361 mancas
2200 1316 2349 1360 sen·

391 1387 631 1453 tentiae
688 1405 795 1449 me
869 1382 1220 1466 decerpere
1296 1383 1698 1458 causabitur,
1763 1404 1931 1465 quae
1988 1381 2350 1465 Augustini

392 1478 686 1538 mentem
743 1470 1017 1535 minime
1061 1468 1556 1534 demonstrent?
1647 1470 1742 1533 At
1793 1489 1988 1534 nemo
2029 1468 2185 1546 erit,
2239 1467 2350 1550 qui

392 1579 531 1623 non
585 1558 725 1622 eius
780 1555 1187 1637 improbitati
1238 1555 1579 1632 reclamet,
1640 1555 1698 1619 si
1755 1555 1998 1620 fecerit.
2079 1555 2189 1619 An
2243 1574 2350 1618 me

392 1663 530 1708 non
584 1642 868 1707 fideliter
922 1639 1169 1707 citare?
1282 1642 1488 1723 Atqui
1543 1639 1626 1704 ad
1682 1640 1958 1706 verbum
2014 1637 2346 1722 descripsi.

390 1732 508 1795 An
551 1728 632 1793 de
675 1727 1004 1793 industria
1037 1728 1413 1809 praeterire,
1459 1746 1628 1809 quae
1664 1726 1829 1790 mihi
1863 1723 2345 1791 adversentur?

391 1817 600 1899 Atqui
653 1836 739 1879 ex
817 1821 1102 1895 quatuor
1153 1821 1417 1877 tantum
1470 1811 1682 1888 libris,
1756 1832 1969 1895 noque
2025 1811 2131 1875 his
2185 1810 2348 1875 adeo

387 1901 701 1985 prolixis,
755 1899 922 1964 haec
974 1900 1198 1963 omnia
1255 1899 1512 1980 excepi:
1570 1917 1731 1980 quos
1787 1897 2153 1980 perlegere,
2215 1915 2348 1960 non

387 2007 676 2071 magnus
757 1985 883 2051 erit
956 1984 1158 2049 labor.
1266 1984 1576 2049 Poteram
1655 1982 2088 2064 undecunque
2153 1981 2347 2064 longe

386 2073 589 2157 plura
630 2091 1045 2149 coacervare3
1102 2091 1335 2135 verum
1389 2070 1632 2151 partim
1688 2067 2057 2151 compendii
2110 2066 2345 2144 studio,

384 2159 641 2243 partim
685 2165 763 2221 ut
792 2155 1147 2221 lectoribus
1171 2157 1312 2220 sine
1339 2155 1642 2219 molestia
1677 2162 1794 2219 aut
1825 2153 2047 2218 labore
2079 2171 2346 2235 promp-

385 2252 537 2309 tum
581 2253 753 2309 esset
812 2260 1307 2325 recognoscere,
1364 2246 1612 2323 quanta
1664 2239 1796 2304 fide
1853 2259 1929 2304 ac
1972 2238 2346 2303 sinceritate

381 2350 619 2397 veram
663 2350 740 2394 ac
795 2328 1153 2412 genuinam
1194 2326 1556 2410 Augustini
1605 2333 1896 2390 mentem
1941 2323 2344 2406 explicarim,

380 2415 568 2482 cedo.
658 2412 735 2479 Si
780 2413 887 2477 cui
932 2412 1057 2477 hoc
1087 2411 1308 2476 minus
1348 2411 1722 2491 satisfaciat,
1768 2412 1835 2475 in
1872 2409 2161 2475 medium
2196 2429 2344 2492 pro-

380 2501 597 2567 deant
637 2499 736 2563 illi
778 2507 1062 2582 quatuor
1103 2496 1284 2561 libri:
1339 2497 1468 2561 duo
1522 2495 1607 2561 ad
1648 2496 2083 2562 Valentinum
2103 2546 2121 2574 ,
2178 2514 2342 2577 quo-

378 2607 542 2652 rum
609 2584 778 2649 alter
843 2582 923 2648 de
980 2583 1217 2649 Gratia
1281 2588 1349 2646 ct
1414 2582 1615 2648 libero
1669 2582 1939 2647 arbitrio
1955 2632 1971 2660 ,
2035 2580 2204 2645 alter
2262 2578 2342 2644 de

380 2670 825 2753 Oorreptione
879 2678 946 2734 et
996 2670 1210 2752 gratia
1260 2668 1614 2751 inscriptus
1671 2677 1798 2746 est;
1844 2666 1972 2731 duo
2037 2667 2197 2731 item
2257 2664 2342 2730 ad

379 2758 791 2839 Prosperum
837 2764 905 2819 et
925 2754 1291 2820 Hilarium:
1335 2773 1614 2837 quorum
1653 2773 1827 2818 unus
1869 2760 1971 2818 est
2014 2752 2095 2817 de
2137 2752 2342 2817 Prae-

382 2841 828 2909 destinatione
884 2848 1291 2916 sanctorum,
1361 2839 1688 2905 secundus
1742 2838 1822 2903 de
1880 2839 2068 2903 Bono
2121 2858 2341 2919 perse-

384 2927 759 2995 verantiae:
815 2931 965 3006 [pag.
1005 2931 1153 3006 129]
1211 2926 1381 2991 Tum
1436 2947 1522 2991 ex
1578 2925 1714 2991 illis
1764 2925 1938 2989 inter
1993 2945 2115 2988 nos
2170 2921 2342 2988 iudi·

386 3015 568 3080 cium
610 3015 759 3078 fiat:
817 3012 1009 3078 facile
1064 3012 1243 3076 enim
1295 3012 1539 3094 patiar,
1583 3019 1661 3076 ut
1703 3017 1841 3076 tota
1883 3009 2036 3075 inde
2080 3016 2341 3076 contro-

386 3099 611 3165 versia
652 3097 1027 3163 dirimatur:
1076 3118 1198 3163 nec
1239 3118 1471 3163 vereor
1504 3118 1589 3162 ne
1631 3096 1701 3161 id
1735 3096 1842 3161 vel
1881 3096 2153 3161 minimo
2188 3115 2342 3161 cau-

385 3205 502 3252 sae
543 3191 806 3250 nostrae
848 3183 1261 3249 incommodo
1303 3185 1439 3248 fiat.
1517 3185 1630 3248 An
1673 3182 2126 3266 Augustinum
2171 3180 2346 3247 dicet

385 3270 499 3338 hic
565 3268 986 3353 praetervehi
1039 3268 1480 3335 contentionis
1537 3268 1750 3333 calore
1765 3319 1779 3346 ,
1829 3275 1907 3331 οι
1959 3268 2100 3332 0108
2143 3266 2343 3331 fidem

383 3358 485 3423 sic
530 3354 885 3421 extenuet?
977 3354 1068 3418 Et
1111 3355 1183 3419 hi
1225 3353 1380 3419 libri
1420 3362 1595 3432 sunt,
1640 3352 1879 3437 quibus
1923 3352 2372 3417 autoritatem·

386 3444 535 3509 sine
587 3443 967 3524 exceptione
1013 3439 1434 3504 deferendam
1479 3439 1803 3523 agnoscit,
1870 3447 1938 3502 et
1979 3459 2062 3502 ex
2107 3437 2345 3520 quibus

386 3528 552 3594 solis
598 3537 778 3593 certo
822 3528 1024 3592 statui
1065 3546 1284 3609 posse,
1331 3545 1497 3609 quae
1540 3525 1743 3590 fuerit
1784 3526 1891 3589 Au
1988 3524 2148 3610 stini
2196 3543 2347 3588 sen·

385 3614 606 3679 tentia
630 3665 645 3692 ,
701 3614 1112 3695 pronunciat.
1214 3610 1393 3692 Quid
1448 3617 1670 3677 autem
1724 3611 1832 3676 hic
1888 3544 2076 3675 {poet
2116 3611 2348 3693 Augu-

384 3698 651 3767 stinus?
740 3697 1173 3763 Voluntatem
1216 3696 1499 3763 hominis
1554 3718 1699 3762 esse
1741 3695 2007 3779 quidem
2047 3694 2346 3773 liberam,

386 3784 511 3850 sed
556 3805 692 3849 non
748 3786 878 3848 nisi
933 3783 1018 3848 ad
1059 3782 1326 3848 malum.
1415 3786 1635 3866 Atque
1688 3781 1812 3847 hoc
1869 3781 1966 3845 illi
2011 3780 2349 3863 epitheton

383 3892 528 3937 non
573 3870 836 3954 proprie
880 3868 1098 3946 tribui,
1141 3890 1348 3951 quum
1394 3890 1590 3934 serva
1633 3869 1720 3933 sit
1762 3867 2142 3950 iniquitatis.
2200 3867 2348 3932 Ma-

384 3957 530 4021 lam
568 3956 747 4021 enim
793 3975 935 4020 esse
979 3955 1389 4032 naturaliter,
1435 3962 1503 4020 et
1543 3954 1690 4019 ideo
1734 3954 1857 4018 sub
1903 3953 2148 4035 peccati
2195 3954 2349 4036 iugo

385 4042 607 4107 teneri
663 4043 956 4107 vinctam
1010 4062 1084 4106 ac
1139 4041 1495 4124 captivam,
1566 4039 1772 4105 donec
1835 4043 1954 4121 per
2007 4038 2351 4104 Christum

383 4127 731 4193 liberetur.
831 4127 1028 4192 Hanc
1067 4126 1474 4210 ‘pravitatem
1540 4146 1616 4191 eo
1684 4146 1887 4207 usque
1952 4133 2203 4207 patere,
2277 4130 2354 4188 ut

384 4235 532 4279 non
576 4212 769 4278 modo
805 4212 974 4277 nihil
1017 4212 1173 4276 boni
1217 4212 1388 4278 velle
1432 4221 1549 4275 aut
1591 4211 1953 4276 deliberare
2002 4210 2350 4293 possimus,

386 4298 512 4365 sed
554 4320 641 4364 ne
684 4297 1027 4381 concipere
1065 4298 1347 4380 quidem.
1434 4298 1658 4362 Deum
1700 4298 1907 4382 igitur
1948 4317 2084 4360 non
2126 4309 2354 4361 nostra

384 4385 896 4468 praeparatione
955 4382 1218 4463 adduci,
1285 4392 1361 4448 ut
1403 4384 1685 4467 gratiam
1728 4383 1917 4448 nobis
1962 4403 2149 4447 suam
2195 4401 2352 4448 con-

383 4471 583 4549 ferat,
631 4469 747 4535 sed
782 4470 992 4536 modis
1026 4469 1330 4534 omnibus
1367 4489 1486 4533 nos
1525 4469 1928 4550 praevenire,
1965 4474 2041 4532 ut
2083 4467 2352 4532 initium

385 4558 483 4623 sit
523 4577 608 4621 ex
650 4577 836 4621 mera
878 4556 1019 4620 eius
1061 4554 1524 4621 misericordia.
1615 4552 1865 4618 Omnes
1910 4555 2088 4618 enim
2138 4553 2348 4618 homi·

383 4643 500 4708 nis
556 4642 907 4709 facultates
965 4648 1302 4723 corruptas
1346 4660 1518 4717 esse,
1564 4647 1643 4703 ut
1684 4639 1854 4703 nihil
1897 4660 2093 4722 quam
2138 4640 2348 4703 malos

383 4729 651 4793 fructus
692 4748 925 4811 parere
980 4748 1064 4792 ex
1109 4748 1179 4791 se
1223 4733 1481 4807 queant.
1572 4724 1768 4792 Hanc
1811 4734 2152 4807 praeterea
2196 4747 2347 4808 gra-

383 4814 562 4878 tiam
605 4834 736 4878 non
782 4813 1084 4878 omnibus
1126 4810 1577 4877 indifferenter
1619 4817 1735 4875 aut
1775 4811 2145 4893 promiscue
2186 4810 2346 4888 dari,

385 4898 516 4965 sed
540 4898 623 4964 iis
667 4898 994 4964 duntaxat
1030 4897 1263 4982 quibus
1297 4897 1484 4963 Deus
1517 4896 1692 4972 vult:
1735 4896 1914 4976 alios,
1950 4896 2186 4978 quibus
2212 4917 2346 4960 non

384 4985 597 5050 datur
613 5036 629 5063 ,
683 4985 892 5051 malos
949 5005 1338 5068 permanere
1354 5035 1369 5060 ‚
1429 4983 1513 5049 ad
1555 4982 1801 5048 bonum
1848 5002 2118 5065 prorsus
2177 4982 2344 5046 nihil

385 5070 648 5148 valere,
715 5071 871 5152 quia
934 5073 1067 5136 sint
1129 5092 1211 5135 ex
1279 5070 1539 5154 perdita
1605 5076 1672 5134 et
1737 5068 2050 5134 damnata
2109 5088 2348 5148 massa,

540 5257 598 5320 1)
631 5259 902 5313 obtendet.
959 5256 1052 5313 Sic
1067 5259 1326 5326 princeps
1359 5264 1408 5312 et
1442 5256 1652 5313 Gallus.
1697 5256 1981 5312 Caeteros.-
2001 5256 2343 5312 obtenderet.

2457 543 2744 608 suaeque
2799 525 3208 591 damnationi
3267 527 3741 610 relinquantur.
3842 530 4201 596 Praeterea
4214 582 4230 610 ,
4284 552 4422 597 non

2458 629 2605 676 esse
2648 611 2969 677 eiusmodi
3012 613 3297 696 gratiam
3341 613 3531 692 hanc,
3578 635 3750 698 quae
3792 614 3926 681 illis
3970 614 4138 682 bene
4179 618 4421 701 agendi

2456 702 2853 779 potestatem
2912 698 3235 776 conferat,
3289 698 3347 765 si
3391 699 3628 765 velint:
3687 707 3764 765 ut
3803 701 3878 764 in
3921 721 4149 767 eorum
4190 716 4419 785 postea

2459 781 2725 864 optione
2769 783 2873 861 sit,
2919 783 3089 849 velle
3133 791 3250 849 aut
3289 804 3425 850 non
3461 785 3662 865 velle;
3702 785 3819 852 sed
3855 787 4208 854 efficaciter
4242 790 4421 873 ipsos

2458 887 2845 949 permovere
2889 876 2967 933 ut
3008 870 3253 937 velint:
3312 871 3447 934 imo
3492 872 3902 937 voluntatem
3946 892 4031 938 ex
4086 874 4265 940 mala
4303 875 4419 941 bo-

2458 972 2616 1017 nam
2670 954 2911 1034 facere,
2968 962 3046 1019 ut
3102 956 3474 1022 necessario
3530 955 3696 1022 bene
3753 958 3979 1024 velint.
4068 958 4178 1025 Ad
4232 961 4418 1041 haec,

2456 1059 2593 1102 non
2648 1037 2716 1102 id
2771 1039 2977 1105 semel
3028 1041 3202 1120 fieri,
3260 1050 3337 1106 ut
3392 1041 3696 1108 homines
3754 1043 3988 1110 deinde
4044 1044 4169 1110 sibi
4215 1046 4419 1113 relin-

2458 1131 2769 1206 quantur,
2819 1123 2937 1191 sed
2976 1127 3290 1191 continuo
3327 1134 3555 1193 tenore
3591 1150 3702 1194 eos
3735 1130 4123 1214 gubernari:
4173 1140 4248 1196 ut
4281 1153 4422 1199 non

2455 1210 2682 1274 minus
2731 1210 2802 1274 in
2857 1211 3030 1276 bono
3086 1232 3510 1294 perseverare
3553 1235 3755 1297 quam
3805 1214 4053 1281 bonum
4104 1217 4420 1302 incipere,

2453 1295 2585 1359 Dei
2643 1294 2890 1360 donum
2945 1298 3048 1362 sit.
3138 1297 3360 1362 Deum
3413 1319 3607 1382 porro
3666 1321 3801 1365 non
3857 1302 3987 1367 alia
4040 1302 4266 1370 induci
4310 1326 4419 1369 ra·

2454 1382 2661 1458 tione,
2708 1389 2785 1446 ut
2825 1381 3128 1447 homines
3172 1391 3317 1447 tum
3359 1384 3685 1468 regendos
3742 1387 3981 1470 spiritu
4040 1409 4158 1454 suo
4202 1392 4412 1456 susci-

2453 1468 2611 1548 piat,
2654 1474 2796 1531 tum
2832 1475 3164 1552 susceptos
3210 1469 3293 1534 ad
3337 1477 3711 1535 extremum
3754 1494 3960 1555 usque
4003 1475 4180 1540 vitae
4228 1483 4420 1561 regat

2453 1561 2651 1633 atque
2686 1553 2758 1616 in
2793 1555 3288 1635 perseverantia
3322 1557 3683 1634 confirmet,
3729 1558 3860 1622 nisi
3895 1565 4041 1638 [pag.
4074 1565 4221 1640 130]
4264 1581 4419 1646 gra-

2453 1638 2622 1702 tuita
2675 1658 2796 1703 sua
2839 1639 3147 1719 bonitate,
3195 1640 3377 1705 nullo
3412 1641 3616 1707 ullius
3658 1643 3875 1708 meriti
3917 1653 4245 1727 respectu:
4290 1649 4418 1713 sic-

2450 1734 2528 1787 ut
2600 1743 2838 1788 revera
2891 1724 3149 1789 nullum
3215 1726 3460 1792 habere
3516 1736 3820 1811 possunt,
3880 1751 4001 1795 nec
4068 1730 4140 1795 in
4198 1754 4412 1816 opere,

2452 1828 2575 1874 nec
2617 1809 2693 1873 in
2737 1808 3095 1887 voluntate,
3137 1831 3261 1876 nec
3298 1813 3497 1876 etiam
3540 1815 3611 1877 in
3657 1815 4067 1898 cogitatione.
4158 1817 4244 1882 In
4281 1819 4409 1884 1100

2451 1894 2837 1977 compendio
2882 1896 2937 1961 si
2981 1895 3137 1979 quid
3181 1896 3742 1980 deprehendatur,
3802 1901 3972 1983 quod
4017 1923 4152 1967 non
4195 1905 4286 1969 sit
4322 1926 4408 1970 ex

2450 1989 2733 2063 quatuor
2772 1980 2903 2046 illis
2946 1980 3130 2047 libris
3166 1991 3522 2066 sumptum,
3560 2005 3827 2051 causam
3869 2008 4004 2051 non
4040 1988 4201 2067 (1100,
4247 1991 4410 2072 quin

2449 2086 2558 2131 me
2623 2065 2872 2131 nullius
2934 2065 3086 2133 fidei
3141 2066 3477 2133 hominem
3544 2076 3722 2136 totus
3786 2073 4075 2138 mundus
4140 2073 4404 2142 iudicet.

2450 2150 2629 2232 Quid
2686 2158 2910 2216 autem
2963 2153 3035 2216 in
3089 2159 3229 2217 tota
3280 2161 3510 2219 nostra
3550 2155 3850 2221 doctrina
3890 2158 4069 2223 aliud
4113 2163 4409 2227 contine-

2448 2235 2604 2301 tur?
2692 2238 2876 2321 Ergo
2926 2239 3186 2303 etiamsi
3240 2246 3463 2321 crepet
3516 2240 3830 2324 Pighius,
3887 2244 4076 2308 nobis
4130 2245 4254 2312 hoc
4290 2267 4408 2311 ex·

2447 2331 2752 2405 torquere
2813 2344 2948 2388 non
3010 2332 3225 2406 potest
3238 2375 3255 2403 ‚
3322 2325 3481 2408 quin
3540 2327 3956 2411 Augustinus
4012 2330 4100 2393 sit
4156 2340 4403 2398 noster.

2447 2406 2628 2488 Quid
2671 2429 2828 2492 ergo
2872 2419 3191 2493 superest,
3237 2412 3588 2494 quominus
3627 2432 3779 2477 eum
3813 2414 3884 2477 in
3921 2413 4253 2480 beluinam
4287 2437 4407 2482 na-

2445 2499 2671 2559 turam
2715 2494 3148 2579 degenerasse
3190 2495 3476 2562 clamet?
3568 2495 3781 2562 Sicuti
3817 2520 3888 2564 se
3926 2499 4255 2565 facturum
4291 2500 4405 2568 de-

2445 2581 2805 2658 nunciavit,
2852 2582 2908 2644 si
2954 2580 3409 2653 ostenderetur
3452 2603 3689 2648 causae
3732 2589 3998 2650 nosti-ae
4033 2586 4402 2672 suffragari.

2900 2872 3003 2937 IN
3048 2871 3421 2938 LIBRUM
3468 2872 3946 2954 QUARTUM.

2617 3010 2721 3075 Ne
2765 3010 2871 3074 cui
2916 3008 3191 3074 dubium
3231 3009 3349 3089 sit,
3396 3009 3554 3093 quid
3595 3011 3912 3076 hactenus
3957 3035 4078 3079 sua
4121 3015 4404 3099 garruli-

2444 3104 2582 3161 tate
2625 3102 3066 3177 consequutus
3110 3094 3308 3159 fuerit
3348 3095 3649 3179 Pighius,
3693 3097 4118 3181 magnificum
4165 3119 4251 3164 ex
4297 3102 4403 3166 in-

2445 3189 2652 3274 tegro,
2698 3179 2814 3246 sed
2856 3179 3275 3245 umbratilem
3320 3202 3396 3246 ac
3447 3182 3938 3265 imaginarium,
3995 3185 4121 3250 sibi
4165 3188 4404 3252 trium-

2446 3266 2655 3350 phum
2709 3265 2902 3331 canit.
3002 3266 3358 3344 Prostrati,
3412 3267 3654 3350 inquit,
3714 3277 3870 3333 sunt
3931 3270 4144 3351 primo
4197 3273 4404 3337 ariete

2448 3351 2826 3418 adversarii.
2915 3351 3063 3434 Ego
3108 3357 3332 3415 autem
3373 3351 3570 3416 valde
3612 3352 3817 3418 durus
3860 3375 4026 3433 sum,
4071 3357 4187 3436 qui
4231 3365 4403 3423 stra-

2451 3458 2602 3522 gem
2656 3437 2827 3503 hanc
2903 3455 3040 3500 non
3107 3437 3337 3501 sentio.
3437 3437 3611 3501 Mihi
3665 3438 3842 3502 enim
3898 3446 4118 3505 rectus
4183 3440 4403 3509 adhuc

2447 3526 2814 3605 firmusque
2868 3529 3046 3586 stare
3100 3520 3345 3587 videor.
3434 3522 3530 3587 Et
3572 3543 3700 3605 quo
3754 3524 3904 3606 plus
3947 3525 4296 3607 profecisse
4339 3549 4413 3593 se

2450 3608 2783 3686 ostendat,
2845 3607 2900 3673 si
2954 3612 3255 3673 veterum
3320 3607 3695 3690 opinionem
3759 3608 3950 3675 nobis
4017 3615 4411 3694 opposuerit,

2453 3695 2845 3779 sacrilegam
2897 3693 3083 3758 illam
3139 3713 3327 3758 suam
3379 3714 3611 3759 vocem
3665 3694 3909 3759 iterum
3961 3706 4202 3763 ructat:
4262 3699 4413 3764 nul-

2455 3782 2581 3847 lius
2625 3781 2995 3863 scripturae
3050 3779 3438 3860 autoritate,
3483 3780 3842 3863 quamlibet
3884 3783 4128 3862 clarae,
4184 3793 4413 3850 nostro

2454 3867 2720 3951 quidem
2763 3865 3005 3931 iudicio
3022 3915 3039 3944 ,
3094 3872 3162 3928 et
3205 3863 3556 3943 evidentis,
3604 3865 3921 3932 adversus
3965 3868 4211 3934 claram
4254 3891 4413 3937 con-

2454 3960 2930 4034 sonantemque
2965 3950 3478 4016 orthodoxorum
3513 3960 3778 4034 patrum
3823 3956 4217 4019 sententiam
4233 4007 4249 4034 ‚
4296 3955 4414 4021 ad-

2456 4061 2687 4105 versus
2749 4057 3164 4104 communem
3233 4037 3545 4103 ecclesiae
3612 4037 4091 4118 definitionem,
4165 4041 4415 4122 aliquid

2456 4124 2723 4191 credere
2775 4122 3082 4206 cuiquam
3134 4122 3351 4188 licere.
3452 4123 3635 4188 Fieri
3692 4125 3871 4188 enim
3927 4146 4145 4208 posse,
4212 4135 4289 4191 ut
4341 4128 4413 4192 in

2458 4212 2822 4294 scripturae
2878 4208 3319 4292 intelligentia
3360 4219 3538 4274 erret
3581 4211 4029 4293 unusquisque
4072 4219 4377 4277 nostrum
4392 4237 4411 4292 ;

2454 4305 2533 4362 ut
2575 4304 2752 4362 erret
2805 4294 3106 4373 ecclesia,
3166 4296 3311 4359 fieri
3354 4295 3427 4358 in
3481 4294 3585 4360 his
3630 4315 3797 4377 quae
3842 4295 3926 4359 ad
3970 4296 4123 4360 fidei
4167 4298 4414 4362 verita-

2456 4391 2594 4447 tem
2637 4381 2972 4466 pertinent
3013 4401 3146 4445 non
3190 4401 3397 4462 posse,
3426 4381 3471 4460 ¹)
3519 4381 3671 4461 quia
3707 4379 3795 4445 sit
3838 4381 4143 4446 columna
4186 4391 4255 4447 et
4297 4386 4412 4448 fir·-

2455 4475 2866 4534 mamentum
2920 4466 3236 4532 veritatis.
3338 4463 3476 4530 Sed
3535 4486 3740 4546 quum
3804 4488 4054 4532 novum
4112 4487 4248 4532 non
4303 4469 4411 4549 sit,

2454 4554 2627 4636 quod
2680 4575 2806 4619 080
2863 4553 3122 4617 venisse
3176 4550 3455 4617 saeculis
3497 4550 3801 4615 omnibus
3850 4561 4137 4631 constat,
4184 4565 4260 4619 ut
4304 4576 4412 4620 ec-

2454 4639 2692 4706 clesiae
2746 4639 2987 4703 umbra
3030 4658 3102 4703 se
3143 4636 3308 4701 falso
3352 4643 3607 4718 tegant,
3677 4637 3945 4719 eiusque
3988 4639 4258 4704 titulum
4302 4662 4411 4706 ar-

2453 4725 2731 4807 ripiant,
2785 4725 2899 4805 qui
2943 4731 3102 4787 sunt
3155 4721 3563 4788 infestissimi
3611 4721 3771 4788 alias
3816 4725 3956 4789 eius
3997 4724 4250 4804 hostes,
4295 4749 4412 4792 ve·

2453 4832 2598 4876 ram
2644 4809 2984 4875 ecclesiam
3028 4828 3068 4871 a
3109 4807 3276 4872 falsa
3309 4806 3629 4891 quomodo
3668 4811 3815 4886 [pag.
3847 4815 3992 4887 131]
4040 4810 4411 4877 discernere

2453 4892 2846 4962 conveniet?
2935 4893 3046 4958 Ad
3088 4892 3609 4971 multitudinem,
3654 4895 3876 4977 inquit
3918 4896 4219 4980 Pighius.
4282 4899 4410 4962 At-

2451 4982 2563 5064 qui
2621 4980 2937 5064 putabam
3006 4999 3090 5043 ex
3144 4979 3346 5044 verbo
3405 4978 3534 5043 Dei
3594 4979 4045 5047 iudicandum:
4103 4990 4181 5048 ut
4239 5003 4409 5066 quae

2595 5187 2654 5252 1)
2702 5185 2855 5240 Besa
2902 5183 3241 5240 emendavit.-
3296 5190 3357 5238 ut
3402 5191 3550 5238 erret
3594 5185 3855 5254 ecclesia,
3916 5185 3968 5238 in
4015 5184 4100 5238 his
4150 5200 4288 5252 quae
4335 5187 4408 5240 ad

2458 5255 2589 5311 fidei
2624 5255 2907 5310 veritatem
2942 5256 3231 5323 pertinent,
3266 5251 3384 5308 fieri
3419 5269 3529 5308 non
3562 5269 3745 5321 posse.

3901 5336 3999 5389 21*
