4967 5992
573 340 657 403 43

745 597 849 661 La
889 592 1326 658 resurrection
1370 542 1452 657 de
1465 539 1800 670 ¹¹¹famd'rliair,
1843 599 1910 656 et
1949 591 2017 656 la
2052 590 2161 656 vie
2200 591 2532 657 eternelle.

743 766 1095 850 Pourquoy
1140 769 1278 830 cest
1319 712 1771 829 ἐξοΐᾜᾙ
1814 761 1982 828 mis?

742 936 924 1002 Pour
967 955 1134 1000 nous
1177 866 1680 1015 monstss'essntffi‘
1716 940 1941 998 nostre
1982 933 2225 999 felicite
2267 955 2350 998 ne
2395 934 2528 1018 gist

569 1046 692 1111 pas
713 1045 797 1089 en
838 1024 907 1088 la
950 1029 1150 1086 terre:
1198 1039 1270 1085 ce
1315 1021 1425 1104 qui
1470 1027 1608 1085 sert
1650 1027 1692 1085 a
1736 1016 1973 1084 double
1994 1020 2109 1084 fin.
2154 1019 2523 1084 Premiere-

570 1116 759 1176 ment
819 1109 954 1173 afin
1009 1127 1135 1189 que
1190 1126 1355 1171 nous
1410 1106 1802 1189 apprenions
1856 1103 1937 1168 de
1993 1122 2221 1187 passer
2273 1126 2395 1188 par
2449 1127 2524 1172 ce

569 1194 812 1262 monde
829 1245 846 1274 ,
889 1213 1140 1258 comme
1185 1212 1308 1275 par
1349 1213 1443 1256 un
1482 1192 1625 1274 pais
1669 1196 1998 1273 estrange,
2045 1197 2113 1255 et
2134 1192 2185 1275 ¹)
2231 1198 2523 1257 contem-

568 1287 733 1347 nant
773 1286 990 1346 toutes
1034 1278 1265 1344 choses
1308 1277 1697 1354 terriennes,
1743 1286 1810 1341 et
1851 1279 1966 1360 n'y
2009 1283 2294 1341 mettant
2335 1275 2526 1360 point

568 1374 795 1433 nostre
861 1382 1096 1432 cueur:
1162 1364 1316 1447 puis
1381 1361 1557 1427 aussi
1623 1382 1750 1444 que
1822 1361 2122 1428 combien
2174 1382 2302 1446 que
2356 1383 2524 1429 nous

564 1457 674 1520 n'a
716 1452 1101 1538 percevions
1144 1469 1263 1534 pas
1298 1468 1533 1513 encore
1575 1447 1639 1512 le
1676 1447 1879 1513 fruict
1920 1445 2003 1512 de
2046 1447 2114 1511 la
2156 1469 2352 1533 grace
2395 1469 2523 1532 que

564 1539 630 1606 le
672 1474 1008 1624 geigneur
1049 1556 1218 1600 nous
1260 1554 1301 1598 a
1340 1532 1498 1599 faict
1538 1555 1622 1599 en
1662 1532 1850 1598 Iesus
1895 1531 2142 1612 Christ,
2187 1554 2314 1617 que
2356 1555 2524 1600 nous

565 1645 655 1692 ne
697 1624 1005 1711 perdione
1047 1641 1165 1705 pas
1206 1640 1485 1704 courage
1526 1627 1856 1702 pourtant,
1900 1619 2068 1684 mais
2100 1619 2525 1686 l'attendions

563 1732 653 1778 en
692 1710 1008 1796 patience,
1049 1707 1317 1790 iusques
1360 1725 1445 1770 au
1487 1712 1705 1787 temps
1747 1703 1829 1770 de
1869 1704 1938 1770 la
1968 1704 2349 1773 revelation.

737 1880 1091 1948 Comment
1128 1898 1200 1943 se
1240 1826 1598 1943 feramceste
1640 1846 2122 1940 resurrection?

1410 2046 1677 2101 n’nnrm.

739 2123 932 2190 Oeux
983 2119 1098 2202 qui
1141 2123 1365 2182 serent
1420 2122 1632 2180 mortz
1691 2136 1777 2180 au
1831 2121 2191 2198 paravant,
2248 2135 2519 2198 repren-

567 2213 766 2279 dront
815 2209 996 2274 leurs
1053 2223 1271 2287 corps,
1327 2201 1742 2267 neantmoins
1786 2200 2039 2265 d'autre
2082 2200 2357 2285 qualite:
2416 2222 2521 2266 as-

567 2297 816 2373 savoir,
876 2291 989 2376 qui
1030 2310 1117 2356 ne
1171 2294 1398 2355 serent
1452 2287 1603 2370 plus
1648 2285 1935 2351 subiectz
1996 2292 2038 2350 a
2078 2285 2409 2351 mortalite
2454 2293 2522 2351 et

569 2380 967 2466 corruption,
1005 2373 1299 2442 combien
1333 2394 1459 2457 que
1493 2393 1568 2439 ce
1604 2392 1751 2437 sera
1767 2371 1836 2437 la
1868 2391 2118 2437 mesme
2153 2371 2518 2438 substance.

565 2472 661 2538 Et
692 2489 860 2536 ceux
893 2464 1007 2548 qui
1039 2460 1420 2529 survivront
1460 2477 1712 2537 encore,
1748 2457 1924 2522 Dieu
1965 2457 2063 2522 les
2097 2457 2526 2523 ressuscitera

567 2552 1212 2624 miraculeusement,
1255 2566 1378 2629 par
1421 2564 1496 2610 ce
1537 2541 1983 2625 changement
2023 2540 2227 2622 subit,
2273 2541 2433 2608 dont
2474 2542 2525 2607 il

569 2663 611 2707 a
651 2647 790 2707 este
830 2635 1013 2720 parle
1056 2634 1118 2718 (1
1166 2631 1316 2697 Cor.
1366 2634 1465 2707 15,
1515 2627 1643 2709 52).

1372 2750 1441 2785 Π
1477 2748 1737 2785 mm·

742 2809 836 2875 Et
876 2810 1052 2873 ceste
1086 2800 1526 2868 resurrection
1558 2820 1644 2866 ne
1681 2797 1986 2863 sera-elle
2020 2819 2140 2882 pas
2175 2818 2525 2866 commune

571 2903 718 2963 tant
760 2915 893 2959 aux
934 2888 1233 2955 mauvais
1277 2906 1529 2951 comme
1573 2907 1706 2949 aux
1749 2883 1957 2950 bons?

1421 2987 1687 3042 dmm.

745 3063 900 3148 Ouy
944 3060 1123 3127 bien:
1168 3058 1338 3122 mais
1371 3076 1448 3123 ce
1482 3076 1630 3120 sera
1669 3055 1826 3121 bien
1870 3074 1953 3121 en
1997 3054 2256 3123 diverse
2299 3055 2526 3122 condi-

573 3154 717 3218 tion
755 3150 949 3237 (Iean
979 3151 1036 3224 5,
1081 3148 1199 3222 29;
1241 3140 1484 3208 Matth.
1533 3145 1633 3220 25,
1679 3140 1811 3225 46).
1903 3139 2037 3208 oar
2078 3141 2175 3207 les
2216 3162 2346 3206 uns
2387 3163 2528 3208 res-

574 3237 969 3306 susciteront
1008 3239 1051 3297 a
1093 3230 1269 3296 salut
1313 3236 1383 3295 et
1414 3230 1589 3313 ioye:
1634 3226 1731 3293 les
1775 3234 1998 3293 autres
2043 3235 2086 3293 a
2129 3227 2528 3294 condamna-

574 3326 713 3392 tion
757 3329 825 3388 et
867 3326 1056 3384 mort.

1374 3436 1441 3470 m
1472 3434 1731 3471 murus.
1924 3472 1932 3477 ,

744 3494 1105 3574 Pourquoy
1161 3486 1328 3552 donc
1371 3486 1552 3552 est-il
1605 3483 1972 3551 seulement
2022 3483 2206 3567 parle
2261 3489 2380 3563 [fol.
2420 3498 2454 3549 2
2468 3489 2529 3565 1]

578 3581 661 3647 de
693 3578 762 3644 la
805 3579 908 3643 vie
951 3573 1281 3651 eternelle‚
1326 3577 1396 3636 et
1433 3593 1568 3637 non
1600 3572 1787 3653 point
1829 3570 2005 3635 aussi
2041 3570 2195 3636 bien
2230 3569 2481 3636 d’enfer
2494 3569 2528 3633 *Ρ

1422 3671 1690 3727 n’mm.

749 3749 1006 3814 Pouroe
1050 3743 1209 3827 qu'il
1241 3747 1355 3829 n'y
1391 3763 1432 3807 a
1465 3743 1609 3807 rien
1643 3742 1889 3807 conche
1934 3761 2020 3805 en
2053 3759 2127 3805 oe
2162 3742 2529 3821 sommaire,

580 3835 694 3921 qui
737 3830 1238 3916 n’apparn'enne
1287 3848 1407 3912 pro
1526 3832 1712 3891 ment
1749 3834 1793 3892 a
1847 3825 1915 3891 la
1969 3826 2370 3892 consolation
2416 3826 2531 3893 des

580 3920 1000 3989 consciences
1066 3914 1321 3980 fideles:
1398 3915 1411 3927 ‘
1510 3934 1678 3978 nous
1745 3913 1944 3978 reoite
2012 3911 2379 3976 seulement
2434 3912 2531 3979 les

579 4009 768 4075 biens
822 4022 949 4090 que
990 4001 1170 4068 Dieu
1210 4000 1331 4064 fait
1391 4005 1434 4063 a
1475 4020 1579 4063 ses
1621 3998 1999 4064 serviteurs.
2090 3998 2183 4062 Et
2224 3999 2425 4077 ainsi,
2482 3999 2531 4063 il

582 4099 697 4179 n'y
753 4097 854 4158 est
899 4089 1057 4155 faict
1109 4086 1291 4151 nulle
1347 4084 1643 4149 mention
1700 4080 1823 4149 des‘
1866 4083 2153 4166 iniques,
2213 4085 2326 4166 qui
2380 4092 2532 4150 sont

582 4180 810 4247 excluz
855 4174 936 4241 de
980 4195 1099 4241 son
1141 4173 1503 4256 Royaume.

1354 4292 1421 4327 m
1456 4270 1766 4338 16616τηῖ)

754 4347 919 4413 Ρ616
962 4366 1089 4430 que
1142 4366 1308 4410 nous
1366 4363 1573 4408 avons
1615 4339 1677 4406 le
1728 4338 2108 4405 fondement
2161 4360 2278 4404 sur
2318 4339 2536 4423 lequel

583 4433 653 4499 la
692 4433 843 4516 Foy
886 4439 990 4496 est
1031 4439 1346 4514 appuyee,
1393 4449 1560 4494 nous
1594 4447 1915 4510 pourrons
1956 4426 2111 4491 bien
2145 4424 2226 4491 de
2269 4425 2337 4491 la
2378 4446 2535 4492 con·

588 4518 821 4596 olurre,
858 4536 984 4599 que
1026 4521 1184 4582 c'est
1225 4536 1351 4599 que
1391 4514 1458 4578 la
1499 4534 1707 4597 vraye
1749 4512 1915 4597 Foy.

1427 4616 1693 4670 n’nnrm.

756 4686 981 4751 Voire.
1072 4686 1389 4752 Assavoir
1450 4686 1742 4752 certaine
1804 4690 1871 4749 et
1934 4683 2140 4749 ferme
2194 4682 2537 4767 congnois-

588 4793 785 4842 sance
839 4771 923 4837 de
979 4771 1048 4836 la
1090 4771 1397 4836 dilection
1458 4770 1537 4837 de
1583 4771 1763 4837 Dieu
1820 4790 2058 4836 envers
2112 4790 2298 4850 nous,
2352 4768 2537 4836 selon

629 4882 714 4925 ue
766 4880 886 4942 par
949 4878 1069 4924 son
1119 4856 1446 4940 Evangile
1504 4858 1553 4922 il
1613 4878 1682 4922 se
1739 4855 2020 4923 declaire
2087 4864 2259 4937 estre
2315 4864 2537 4922 nostre

588 4882 760 5011 {ere
805 4952 873 5008 et
912 4941 1231 5020 Sauveur,
1277 4962 1400 5024 par
1439 4942 1505 5007 le
1545 4964 1784 5027 moyen
1829 4942 1911 5009 de
1946 4943 2138 5009 Iesus
2182 4941 2426 5008 Christ.

899 5111 959 5180 1)
997 5121 1053 5168 et
1085 5129 1319 5181 maraque
1354 5110 1493 5165 1548
1529 5112 1667 5165 suiv.

590 5184 731 5241 C’est
761 5185 817 5239 la
844 5182 959 5318 sog)
972 5182 1065 5251 qui
1097 5197 1234 5236 nous
1266 5179 1480 5235 iustifle.

1890 332 2015 399 1AE
2058 331 2662 401 OA'JJEOHISME
2703 335 2833 403 DE
2878 335 3280 403 GENEVE.
4499 339 4579 403 u

3533 541 3688 578 m

2807 591 3022 658 Oredo
3044 593 3586 658 resurrectionem
3617 595 3856 674 earnis,
3892 601 3960 659 et
3996 595 4203 659 vitam
4236 601 4584 661 aeternam.

3483 714 3740 750 nmmum.

2807 762 3140 845 Quorsum
3167 764 3293 829 hoc
3326 775 3527 848 caput
3550 764 3624 828 in
3656 764 3808 830 fidei
3831 766 4237 832 confessione
4270 763 4580 848 ponitur?

3532 884 3685 922 m

2801 934 2893 999 Ut
2917 934 3421 1014 admoneamur,
3447 955 3581 999 non
3607 957 3751 1002 esse
3774 936 3974 1001 sitam
3999 935 4068 1000 in
4099 944 4278 1001 terra
4296 943 4584 1001 nostram

2627 1018 3022 1085 felicitatem.
3124 1018 3332 1085 Cuius
3413 1022 3799 1105 cognitionis
3867 1021 4111 1104 duplex
4182 1030 4282 1087 est
4335 1021 4582 1087 utilitas

2630 1127 2705 1171 66
2749 1126 2925 1171 6666.
2999 1103 3166 1172 Inde
3200 1106 3490 1188 primum
3533 1106 3860 1186 docemur,
3906 1109 4001 1173 ita
4041 1107 4221 1173 hunc
4264 1106 4583 1172 mundum

2628 1191 2818 1257 nobis
2873 1189 3293 1257 incolendum
3355 1213 3500 1257 esse
3519 1244 3535 1270 ,
3592 1202 3907 1275 tanquam
3960 1192 4301 1276 inquilinis
4314 1244 4330 1271 ,
4385 1198 4464 1257 ut
4504 1191 4585 1258 de

2626 1277 3021 1362 migratione
3089 1277 3347 1342 assidue
3429 1278 3819 1363 cogitemus,
3904 1298 4028 1345 nec
4094 1277 4293 1345 corda
4356 1285 4584 1344 nostra

2626 1363 2921 1428 sinamus
2973 1362 3298 1446 implicari
3354 1363 3859 1447 cogitationibus
3912 1365 4211 1430 terrenis.
4299 1363 4579 1442 Deinde,

2625 1455 2957 1531 utcunque
2993 1446 3209 1515 adhuc
3242 1469 3365 1515 nos
3407 1448 3627 1529 lateat,
3673 1458 3740 1515 et
3780 1449 3862 1515 ab
3903 1449 4108 1516 oculis
4149 1451 4394 1516 nostris
4435 1450 4583 1517 abs-

2626 1534 2928 1601 conditus
2961 1535 3050 1599 sit
3082 1534 3333 1600 fructus
3368 1536 3619 1618 gratiae
3656 1536 3727 1600 in
3759 1534 4026 1601 Ohristo
4062 1534 4250 1601 nobis
4285 1535 4579 1613 collatae,

2628 1641 2711 1686 ne
2767 1627 3117 1703 propterea
3172 1619 3694 1703 despondeamus
3746 1622 4024 1687 animos:
4085 1620 4201 1686 sed
4252 1622 4581 1705 patienter
4709 1664 4716 1687 .

2627 1707 3070 1771 sustineamus
3113 1726 3321 1788 usque
3365 1705 3449 1771 ad
3492 1704 3666 1771 diem
3707 1707 4145 1773 revelationis.

3473 1826 3735 1863 mm

2803 1882 2922 1957 [fol.
2962 1882 3071 1956 27]
3142 1875 3332 1957 Quae
3402 1880 3598 1961 porfo
3654 1877 3851 1943 huius
3904 1877 4404 1943 resurrectionis
4454 1876 4583 1943 erit

2627 1963 2829 2028 series
2844 1963 2876 2026 ἶ)
3555 1992 3566 2001 ’

3526 2065 3679 2102 m

2800 2114 2938 2196 Qui
2984 2126 3138 2181 ante
3180 2116 3430 2179 mortui
3471 2117 3731 2195 fuerint,
3777 2115 4101 2198 recipient
4136 2136 4258 2181 sua
4290 2135 4584 2199 corpora,

2627 2200 2859 2267 eadem
2913 2201 3162 2268 scilicet
3213 2220 3379 2282 quae
3433 2209 3781 2285 gestarunt
3794 2200 3824 2267 ε’
3878 2199 3992 2266 66(1
4056 2201 4354 2284 praedita
4408 2221 4589 2267 nova

2625 2286 2941 2371 qualitate
2955 2336 2972 2366 ,
3028 2286 3152 2352 hoc
3197 2293 3326 2365 est,
3383 2308 3515 2351 non
3556 2287 3837 2370 amplius
3894 2286 4180 2351 obnoxia
4219 2289 4418 2351 morti
4459 2307 4588 2353 nec

2624 2372 3047 2455 corruptioni.
3138 2370 3274 2452 Qui
3316 2383 3536 2437 autem
3580 2383 3738 2439 tunc
3780 2380 3978 2437 erunt
4021 2372 4424 2456 superstites,
4470 2394 4587 2439 eos

2627 2458 2845 2524 subita
2882 2459 3245 2525 mutatione
3288 2458 3474 2523 Deus
3515 2456 3908 2523 mirabiliter
3944 2456 4274 2524 excitabit.

3480 2748 3739 2784 murum.

2801 2797 2939 2865 Sed
3003 2798 3217 2864 eritne
3271 2799 3532 2881 piorum
3595 2798 3792 2864 simul
3849 2807 3916 2864 et
3982 2800 4337 2883 impiorum
4405 2820 4591 2867 com-

2631 2883 2893 2951 munis?

3529 3003 3683 3040 rm

2717 3126 2724 3135 ,
2800 3055 2955 3123 Una
3007 3053 3302 3118 omnium
3345 3055 3473 3119 erit
3513 3054 3937 3120 resurrectio:
3997 3054 4112 3121 sed
4154 3055 4439 3122 conditio
4482 3056 4593 3123 di-

2630 3162 2842 3208 versa.
2933 3139 3069 3204 Alii
3122 3140 3301 3204 enim
3357 3140 3426 3205 in
3481 3140 3763 3205 salutem
3817 3160 3893 3205 66
3950 3138 4425 3208 beatitudinem
4476 3165 4594 3210 re-

2631 3234 2933 3311 surgent:
2979 3224 3093 3289 alii
3135 3226 3210 3289 in
3251 3235 3528 3291 mortem
3574 3232 3640 3291 et
3678 3232 4044 3291 extremam
4089 3228 4442 3294 miseriam.

2804 3482 2945 3550 Gur
2988 3503 3144 3567 ergo
3187 3482 3325 3548 sola
3365 3431 3962 3550 mewa'eterna
4015 3490 4598 3566 commemoratur,

2635 3570 2996 3635 inferorum
3028 3567 3212 3634 nulla
3255 3568 3540 3634 mentio?

3536 3690 3688 3726 runt.

2808 3739 3140 3822 Quoniam
3181 3738 3352 3803 nihil
3393 3739 3521 3819 1116,
3567 3741 3696 3806 11161
3732 3739 3906 3824 quod
3950 3739 4034 3805 ad
4076 3740 4605 3808 consolationem

2637 3828 2900 3911 piarum
2955 3826 3281 3890 mentium
3320 3825 3519 3891 faciat
3533 3878 3548 3905 ,
3601 3826 3915 3892 habetur:
3974 3826 4122 3893 ideo
4165 3836 4608 3893 recensentur

2637 3911 3091 3979 tantummodo
3155 3912 3477 3993 praemia,
3546 3932 3712 3994 quae
3780 3913 3989 3978 servis
4055 3912 4193 3979 suis
4260 3913 4608 3981 Dominus

2636 3998 3076 4083 praeparavit.
3161 3996 3394 4080 Itaque
3441 4018 3573 4063 non
3609 3997 3903 4078 additur,
3962 4018 4128 4081 quae
4167 4019 4313 4065 sors
4352 4000 4610 4083 impios

2635 4092 2918 4163 maneat,
2964 4104 3125 4166 quos
3169 4082 3412 4149 scimus
3457 4105 3498 4148 6
3540 4104 3744 4168 regno
3782 4084 3912 4149 Dei
3948 4084 4196 4150 alienos
4237 4105 4399 4151 esse.

2809 4341 2921 4405 Ex
2962 4360 3092 4422 quo
3134 4290 3997 4419 fundamenffi‘ssnemus,
4043 4340 4153 4407 oui
4187 4342 4388 4406 inniti
4431 4341 4616 4410 fidos

2640 4426 2854 4578 gleizet,
2897 4425 3049 4490 inde
3093 4426 3326 4492 elicere
3349 4446 3546 4494 verae
3568 4425 3723 4492 fidei
3744 4426 4188 4493 definitionem
4214 4437 4618 4512 promptum

3538 4634 3689 4671 PUER-

2813 4685 2920 4752 Ita
2942 4690 3058 4751 est.
3116 4680 3231 4750 Sic
3255 4692 3474 4751 autem
3501 4684 3774 4752 definire
3806 4686 3980 4765 licet,
4025 4692 4102 4751 ut
4135 4684 4431 4753 dicamus
4452 4707 4618 4753 cer-

2641 4780 2779 4835 tam
2821 4791 2963 4836 esse
3004 4791 3081 4837 ac
3116 4770 3418 4837 stabilem
3444 4773 3882 4858 cognitionem
3925 4780 4240 4856 paternae
4282 4793 4445 4856 erga
4479 4795 4622 4843 nos

2639 4857 2770 4922 Dei
2810 4855 3305 4922 benevolentiae
3320 4909 3336 4935 ,
3381 4859 3550 4923 sicut
3592 4879 3710 4941 per
3748 4858 4164 4942 evangelium
4207 4864 4461 4941 patrem
4533 4881 4621 4927 66

2640 4942 2843 5020 nobis,
2873 4941 3128 5008 Christi
3146 4942 3477 5021 beneficio,
3513 4964 3588 5009 ac
3622 4943 4015 5009 salvatorem
4032 4945 4089 5041 Β)
4123 4945 4259 5009 fore
4291 4952 4617 5012 testatur.

1942 5111 2004 5179 2)
2040 5113 2121 5168 Le
2157 5111 2240 5167 18.
2274 5113 2569 5168 dimsnche.
2606 5139 2675 5150 —
2710 5110 2825 5179 Que
2862 5112 2993 5166 c'est
3027 5126 3131 5180 que
3167 5126 3327 5181 vraye
3364 5112 3496 5181 Foy.
3537 5144 3600 5153 —
3638 5113 3718 5169 Le
3758 5114 3810 5169 S.
3845 5114 4033 5183 Esprit
4068 5130 4203 5170 11666
4238 5114 4501 5172 illumine.
4533 5146 4621 5159 —

997 5252 1353 5317 servatorem,
1394 5249 1512 5303 Cat.
1549 5246 1698 5302 1550.
1737 5245 1873 5302 1563
1908 5256 1958 5303 et
1990 5250 2112 5303 edd.
2159 5250 2512 5304 Tractatum
2545 5263 2742 5304 omnes.
