4967 5992
480 324 605 387 347
1788 314 2161 383 RESPON
2159 313 2316 383 810
2358 313 2738 384 CONTRA
2776 314 3192 384 PIGHJUM
4364 318 4489 381 34⁸

478 511 606 576 Est
660 514 880 574 autem
946 511 1411 591 argumentum
1464 525 1506 569 a
1569 504 1942 571 contrariis:
2009 503 2184 586 quod
2250 502 2431 569 nullo

478 593 673 661 modo
730 599 962 671 staret,
1031 592 1090 656 si
1146 590 1314 657 alius
1368 592 1637 656 omnino
1692 597 1868 657 esset
1918 590 2084 673 legis
2137 589 2430 655 effectus.

475 678 767 745 Perinde
820 677 1027 762 igitur
1072 686 1175 741 est
1217 697 1293 742 ac
1332 677 1388 742 si
1446 674 1723 755 diceret,
1782 676 1999 760 legem
2042 672 2222 739 aliud
2262 674 2434 739 nihil

478 787 560 830 ex
607 785 678 828 se
722 765 958 828 afferre
1003 761 1413 841 hominibus,
1471 763 1600 827 nisi
1652 768 1729 826 ut
1783 782 1980 827 sunm
2033 760 2165 825 illis
2207 780 2432 843 pecca-

476 859 620 916 tum
678 848 1048 933 patefaciat.
1147 848 1364 931 Finge
1428 869 1608 913 nunc
1686 847 2024 911 hominem
2087 850 2233 924 [pag.
2285 847 2431 923 159]

476 934 726 1018 aliquid
779 933 1004 1000 valere
1048 933 1327 1015 propriis
1371 933 1654 1010 viribus,
1713 954 1934 998 nonne
1989 931 2291 1014 protinus
2335 937 2435 994 to-

477 1029 621 1086 tum
662 1019 832 1085 illud
877 1017 1177 1085 corruet?
1249 1020 1566 1102 Apertius
1609 1018 1972 1083 etiamnum
2015 1016 2223 1081 altero
2262 1016 2432 1081 loco:

477 1106 591 1171 ubi
634 1106 846 1190 legem
904 1104 1091 1169 docet
1132 1105 1623 1186 supervenisse,
1681 1111 1759 1167 ut
1801 1102 2169 1168 abundaret
2210 1120 2435 1183 pecca-

479 1203 625 1257 tum
669 1192 890 1274 (Rom.
932 1196 988 1265 5,
1029 1191 1171 1270 20):
1228 1189 1400 1272 quod
1443 1211 1677 1254 verum
1723 1210 1860 1252 non
1903 1196 2104 1264 esset,
2161 1188 2216 1251 si
2261 1186 2436 1251 ullae

480 1277 564 1343 ad
606 1273 1042 1343 obediendum
1077 1275 1252 1339 vires
1296 1276 1366 1340 in
1403 1274 1670 1339 homine
1706 1275 2068 1339 subessent.
2146 1270 2437 1337 Proinde

477 1364 590 1447 qui
635 1362 800 1446 legis
842 1382 1039 1426 usum
1084 1360 1363 1436 noverit,
1409 1360 1681 1424 minime
1726 1381 1810 1423 ex
1851 1358 2029 1423 illius
2073 1358 2437 1440 praeceptis

478 1447 822 1515 hominum
875 1446 1194 1512 virtutem
1251 1444 1728 1510 aestimandam
1786 1455 2146 1527 cognoscet.
2252 1443 2436 1507 Bene

477 1536 701 1618 itaque
744 1532 986 1598 alicubi
1030 1531 1477 1614 Augustinus:
1519 1533 1562 1608 1)
1627 1530 1922 1595 Dicimus
1965 1529 2112 1612 lege
2153 1528 2317 1604 fieri,
2365 1534 2438 1592 ut

476 1622 662 1687 Deus
706 1616 866 1701 quid
910 1617 1053 1682 fieri
1099 1616 1261 1681 velit
1302 1614 1636 1681 audiatur:
1695 1617 1909 1699 gratia
1953 1635 2111 1679 vero
2154 1614 2316 1690 fieri,
2362 1619 2438 1677 ut

474 1706 611 1790 legi
667 1703 1026 1769 obediatur.
1126 1703 1276 1766 Lex
1331 1722 1488 1785 ergo
1546 1700 1872 1765 auditores
1927 1701 2217 1770 iustitiae
2259 1698 2436 1776 facit,

601 1791 697 1854 tia
740 1789 1034 1853 factores.
1124 1787 1305 1851 Alibi
1329 1790 1410 1870 ²)'
1429 1787 1625 1851 etiam
1664 1787 2063 1869 expressius:
2101 1783 2436 1850 Iustitiam

479 1813 612 1941 gei
664 1895 798 1938 non
853 1874 924 1937 in
981 1879 1330 1956 praecepto
1385 1872 1579 1955 legis,
1646 1893 1773 1953 quo
1830 1872 2026 1936 timor
2084 1870 2435 1934 incutitur:

479 1961 598 2026 sed
641 1961 714 2024 in
757 1958 1075 2023 adiutorio
1117 1959 1368 2042 gratiae
1404 1957 1674 2035 Christi,
1713 1956 1798 2022 ad
1835 1978 2031 2040 quam
2065 1956 2270 2021 solam
2306 1956 2438 2019 uti-

480 2047 633 2111 liter
676 2044 841 2128 legis
886 2043 1102 2119 timor,
1149 2042 1334 2108 velut
1376 2042 1829 2126 paedagogus,
1877 2042 2076 2121 ducit,
2122 2041 2438 2106 constitu-

480 2141 620 2196 tam
685 2150 828 2196 esse
894 2130 1004 2212 qui
1074 2129 1420 2212 intelligit,
1488 2130 1629 2212 ipso
1687 2128 2026 2212 intelligit,
2094 2147 2297 2210 quare
2352 2127 2440 2191 sit

480 2215 918 2284 Christianus.
1804 2231 1807 2235 ’

653 2300 876 2382 Quum
913 2299 1073 2379 dico,
1119 2298 1350 2384 legem,
1389 2299 1548 2382 quid
1594 2297 1925 2383 agendum
1969 2299 2071 2376 sit,
2121 2298 2440 2380 praescri-

479 2387 661 2464 bere,
716 2401 794 2450 ut
847 2384 1191 2452 obediendi
1237 2386 1556 2450 virtutem
1611 2408 1650 2449 a
1697 2385 1989 2449 Domino
2046 2385 2436 2467 flagitemus,

479 2481 687 2552 recte,
755 2472 1001 2555 inquit:
1071 2470 1638 2553 quandoquidem,
1707 2485 1775 2533 et
1826 2468 2000 2552 quod
2056 2490 2316 2547 sumus,
2373 2477 2441 2533 et

478 2558 650 2641 quod
695 2557 1010 2634 vivimus,
1067 2577 1107 2620 a
1149 2557 1438 2621 Domino
1483 2577 1626 2621 esse
1669 2556 1971 2620 fatemur.
2061 2555 2269 2636 Atqui
2314 2553 2442 2618 alio

476 2644 672 2710 modo
712 2664 943 2709 sumus
979 2650 1047 2707 et
1089 2661 1468 2720 movemur,
1512 2649 1589 2705 ut
1643 2639 1968 2707 homines:
2015 2639 2162 2719 alio,
2208 2649 2282 2704 ut
2322 2639 2442 2704 filii

478 2731 629 2795 Dei.
721 2727 1109 2793 Communis
1155 2726 1450 2790 omnium
1493 2733 1594 2790 est
1632 2725 1746 2789 illa
1790 2728 2024 2808 gratia,
2069 2725 2234 2791 haec
2276 2724 2442 2791 elec-

479 2817 568 2881 tis
609 2812 1028 2896 peculiariter
1071 2811 1443 2889 confertur,
1485 2810 1600 2876 illa
1642 2818 1920 2886 naturae
1963 2809 2440 2893 quodammodo

479 2900 681 2966 insita
730 2906 857 2974 est,
915 2897 1081 2962 haec
1123 2905 1384 2978 praeter
1437 2904 1747 2961 naturam
1800 2894 2053 2961 homini
2097 2894 2321 2974 datur,
2365 2901 2443 2960 ut

524 2982 658 3049 uod
710 2991 855 3047 erat
895 2999 1041 3046 esse
1084 2980 1370 3059 desinat,
1425 2988 1494 3046 et
1549 3002 1691 3047 esse
1744 2982 2017 3065 incipiat
2057 2981 2234 3064 quod
2277 3003 2442 3046 non-

481 3006 643 3135 dum
688 3075 847 3133 erat.
902 3065 1166 3132 Deinde
1208 3068 1280 3132 in
1321 3068 1488 3132 meis
1527 3067 1745 3133 verbis
1781 3067 2259 3152 repugnantiae
2293 3087 2441 3149 spe-

482 3156 652 3222 ciem
697 3155 968 3237 quaerit.
1039 3151 1208 3233 Quis
1251 3153 1551 3238 gratiam,
1598 3152 1828 3236 inquit,
1873 3153 2252 3235 precabitur
2296 3153 2439 3231 sibi,

481 3261 679 3324 quam
723 3259 917 3304 nemo
965 3237 1309 3317 desiderat,
1356 3245 1707 3322 antequam
1752 3239 2031 3304 habeat?
2110 3238 2442 3322 Equidem

482 3326 793 3410 spiritum
847 3325 1243 3408 precationis
1302 3344 1342 3387 a
1393 3323 1539 3390 Deo
1603 3326 1813 3390 fateor
1870 3323 2012 3389 dari
2029 3375 2044 3401 ‚
2110 3335 2179 3390 et
2230 3326 2287 3389 si
2341 3335 2442 3388 ta-

482 3433 683 3489 ceam,
726 3410 978 3476 Paulus
1023 3410 1184 3475 satis
1229 3408 1634 3475 demonstrat
1651 3462 1667 3490 ,
1710 3431 1914 3493 quum
1958 3410 2157 3476 fidem
2200 3411 2441 3475 oratio-

481 3499 586 3563 nis
629 3505 911 3561 matrem
956 3517 1098 3562 esse
1145 3501 1426 3560 testatur
1462 3496 1682 3578 (Rom.
1713 3500 1812 3575 10,
1843 3497 1968 3579 14).
2027 3496 2280 3561 Verum
2316 3497 2441 3561 hoc

480 3583 758 3648 minime
799 3582 1053 3646 interea
1096 3580 1342 3658 obstat,
1391 3584 1741 3663 quominus
1786 3589 2138 3649 externum
2182 3602 2440 3665 quoque

484 3667 826 3734 doctrinae
880 3688 1204 3750 organum
1245 3667 1485 3731 instar
1538 3667 1792 3732 stimuli
1858 3667 2171 3733 adhibeat
2231 3668 2437 3745 Deus,

482 3763 561 3819 ιιι
609 3773 737 3835 quo
793 3752 957 3817 solet
1012 3751 1205 3817 modo
1259 3753 1330 3816 in
1386 3751 1653 3816 homine
1696 3773 1865 3835 opus
1911 3773 2104 3817 suum
2148 3761 2440 3836 peragat.

483 3840 631 3905 Hoc
686 3838 742 3906 si
801 3845 1064 3920 caperet
1104 3837 1418 3921 Pighius,
1480 3836 1782 3923 litigandi
1837 3836 2187 3921 aliquando
2238 3839 2438 3903 finem

480 3927 743 3993 faceret.

655 4009 763 4075 Ad
805 4009 987 4086 haec,
1032 4008 1485 4073 collectionem
1529 4008 1701 4074 hanc
1736 4030 1951 4074 meam
1989 4007 2436 4091 reprehendit:

481 4099 734 4163 frustra
784 4093 1156 4178 implendae
1210 4094 1375 4176 legis
1428 4094 1803 4159 facultatem
1845 4096 2072 4177 quaeri
2115 4096 2189 4158 in
2231 4094 2442 4160 homi-

484 4185 589 4249 nis
644 4190 913 4258 natura,
972 4200 1176 4262 quum
1232 4177 1561 4261 peculiare
1617 4179 1703 4244 sit
1751 4180 1879 4244 Dei
1925 4179 2186 4245 donum.
2290 4180 2442 4244 Non

485 4270 684 4342 enim,
728 4268 964 4350 inquit,
1010 4264 1154 4331 ideo
1198 4262 1422 4330 videre
1466 4285 1597 4328 non
1643 4272 1745 4329 est
1786 4273 2050 4330 nostrae
2093 4265 2440 4342 facultatis,

487 4355 642 4437 quia
692 4352 847 4419 solis
902 4352 1198 4417 claritate
1243 4355 1392 4430 [pag.
1437 4355 1585 4430 160]
1642 4348 1726 4414 ad
1781 4349 2140 4416 videndum
2189 4350 2443 4434 indige-

486 4459 652 4503 mus.
743 4436 1031 4504 Solenne
1083 4437 1248 4502 illud
1305 4456 1504 4502 suum
1546 4436 1853 4501 observat
1894 4435 2208 4520 Pighius:
2271 4435 2442 4501 deci-

490 4522 667 4604 pitur
713 4523 957 4605 ineptis
1012 4521 1582 4601 similitudinibus,
1636 4543 1805 4605 quae
1873 4529 2136 4587 tantum
2198 4520 2446 4587 habent

491 4607 891 4672 diversitatis
932 4629 972 4672 a
1012 4630 1085 4674 re
1129 4609 1481 4690 praesenti,
1524 4615 1848 4690 quantum
1892 4607 2144 4674 coelum
2183 4629 2224 4672 a
2265 4613 2447 4673 terra

493 4691 710 4756 distat.
822 4691 975 4756 Non
1031 4695 1209 4758 enim
1262 4693 1419 4758 solis
1472 4693 1615 4759 vice
1671 4694 1861 4760 nobis
1901 4702 2020 4760 .est
2071 4693 2316 4778 gratia,
2375 4694 2447 4758 in

493 4797 692 4860 qnam
733 4774 957 4841 oculos
998 4776 1355 4862 dirigamus
1370 4829 1384 4852 ,
1436 4779 1490 4845 si
1535 4777 1770 4858 libeat,
1826 4779 1941 4846 sed
1985 4779 2204 4847 oculos
2245 4780 2446 4845 etiam

493 4862 733 4927 mentis
788 4858 976 4926 nobis
1031 4861 1145 4926 dat
1195 4871 1264 4928 et
1318 4864 1557 4946 aperit,
1616 4874 1691 4929 ut
1753 4865 1965 4931 lucem
2020 4866 2321 4932 veritatis
2376 4866 2449 4930 in

635 5149 698 5217 1)
733 5151 850 5207 Lib.
884 5149 936 5203 3.
972 5150 1042 5206 ad
1076 5150 1427 5206 Bonifacium.

632 5217 694 5287 2)
731 5219 814 5276 De
849 5226 1045 5274 natura
1080 5225 1138 5273 et
1170 5217 1363 5287 gratia,
1401 5234 1519 5286 cap.
1559 5216 1606 5272 1.

2537 502 2738 569 verbo
2791 525 2911 570 suo
2965 504 3403 590 refulgentem
3465 503 3858 570 intueamur.
3958 503 4153 570 Unde
4215 502 4334 570 illa
4386 511 4491 570 est

2536 589 2735 658 Pauli
2776 589 3097 671 precatio,
3154 597 3230 655 ut
3282 591 3468 655 Deus
3520 589 3927 656 illuminatos
3980 590 4220 656 mentis
4264 589 4489 657 oculos

2535 674 2849 758 Ephesiis
2892 675 3051 740 dare
3090 676 3272 754 velit,
3310 675 3549 758 quibus
3594 675 3976 758 percipiant,
4013 696 4182 757 quae
4215 676 4305 742 sit
4338 696 4492 759 spes

2536 761 2896 826 vocationis
2924 781 3099 839 suae,
3146 771 3215 825 et
3255 782 3409 827 cum
3432 760 3738 826 omnibus
3781 762 4027 827 sanctis
4060 761 4493 844 comprehen-

2539 844 2729 923 dant,
2784 857 2951 928 qua'e
3016 847 3102 912 sit
3154 845 3529 930 longitudo,
3594 845 3902 922 latitudo,
3960 854 4026 912 et
4080 846 4493 929 profunditas

2540 929 2814 1014 (Ephes.
2862 936 2915 1009 l,
2959 932 3086 1014 18).
3176 932 3315 997 Nec
3357 932 3633 1008 mirum,
3681 951 3885 1012 quum
3927 932 4083 998 alibi
4127 932 4495 1015 spiritualis

2539 1015 2900 1098 sapientiae
2963 1015 3381 1081 altitudinem
3452 1018 3523 1081 in
3599 1038 3711 1083 cor
3786 1016 4072 1082 hominis
4137 1018 4493 1084 ascendere

2540 1110 2737 1184 neget
2781 1104 2841 1184 (1
2886 1100 3036 1167 Cor.
3076 1106 3133 1182 2,
3179 1106 3307 1186 14).

2711 1187 2796 1249 In
2839 1185 3126 1252 secunda
3168 1187 3373 1253 classe
3416 1188 3877 1269 promissiones
3919 1188 4277 1264 constituo,
4324 1210 4494 1271 quae

2541 1269 2980 1336 conditionem
3046 1271 3293 1338 habent
3357 1292 3714 1350 annexam,
3786 1272 3843 1337 si
3906 1273 4255 1339 fecerimus
4319 1272 4494 1356 quod

2540 1357 2830 1439 postulat
2874 1358 3058 1422 Deus
3103 1379 3143 1421 a
3181 1358 3386 1423 nobis.
3453 1357 3519 1422 N
3520 1379 3629 1422 am
3668 1358 3799 1422 illis
3840 1359 3935 1423 sic
3974 1357 4327 1424 adversum
4368 1380 4491 1425 nos

2539 1451 2871 1526 pugnant:
2922 1441 3259 1523 Quorsum
3301 1442 3588 1525 pendere
3631 1463 3673 1507 a
3714 1443 3902 1509 nobis
3938 1464 4166 1508 eorum
4204 1443 4492 1527 comple-

2540 1536 2837 1592 mentum
2897 1526 3228 1593 diceretur
3242 1580 3257 1607 ,
3317 1549 3485 1611 qnae
3527 1526 3713 1593 Deus
3768 1529 4117 1611 promittit,
4179 1531 4236 1594 si
4292 1551 4493 1613 penes

2541 1633 2661 1677 nos
2705 1634 2839 1677 non
2882 1614 2971 1677 sit
3012 1614 3225 1679 facere
3278 1622 3356 1678 ut
3406 1613 3844 1696 impleantur?
3936 1612 4052 1679 Sic
4095 1622 4317 1681 autem
4360 1615 4497 1680 illic

2542 1696 2935 1781 respondeo:
2992 1719 3195 1780 quum
3237 1698 3540 1764 fidelibus
3587 1700 3776 1764 iuxta
3830 1721 3907 1766 ac
3947 1700 4167 1783 impiis
4210 1701 4493 1765 offeran-

2543 1789 2654 1847 tur
2721 1784 3182 1865 promissiones
3201 1835 3215 1860 ‚
3275 1806 3468 1849 suum
3522 1783 3696 1867 apud
3752 1791 4068 1867 utrosque
4124 1807 4321 1850 usum
4377 1786 4495 1851 ha-

2543 1869 2714 1933 bere.
2802 1869 3052 1951 Impios
3094 1869 3272 1934 enim
3314 1872 3408 1934 ita
3450 1870 3777 1949 convinci,
3821 1875 3898 1934 ut
3938 1891 4061 1935 sua
4100 1870 4496 1954 indignitate

2543 1953 2798 2037 privari
2853 1976 2924 2019 se
2965 1955 3095 2019 Dei
3136 1953 3467 2020 beneficiis
3509 1964 3897 2039 agnoscant,
3955 1976 4122 2037 quae
4175 1957 4315 2021 suis
4357 1957 4493 2022 cul-

2545 2039 2795 2105 toribus
2837 2047 3172 2123 praestare
3215 2041 3413 2105 solet:
3470 2048 3543 2105 ut
3594 2041 3688 2122 pii
3742 2061 4005 2105 rursum
4049 2040 4133 2106 ad
4189 2041 4495 2108 timorem

2545 2132 2614 2190 et
2655 2123 3091 2190 obedientiam
3134 2126 3292 2203 Dei,
3345 2123 3431 2190 ad
3477 2145 3703 2192 veram
3753 2125 3966 2191 cordis
4019 2127 4377 2208 puritatem
4428 2137 4495 2192 et

2544 2211 2982 2276 innocentiam
3001 2262 3018 2290 ,
3065 2212 3398 2294 proposita
3440 2210 3575 2276 illic
3618 2210 4086 2291 benedictione,
4129 2210 4497 2278 reddantur

2546 2295 2920 2362 alacriores:
2967 2295 3082 2361 sed
3125 2296 3360 2381 spiritu
3402 2295 3818 2362 rectitudinis
3858 2297 4029 2375 freti,
4074 2317 4211 2361 non
4246 2296 4495 2364 viribus

2546 2382 2699 2446 suis.
2789 2379 3076 2447 Proinde
3131 2380 3371 2448 talibus
3422 2381 3761 2465 promissis
3818 2382 4107 2465 ablegari
4164 2380 4368 2449 doceo
4411 2384 4494 2449 ad

2544 2466 2988 2548 quaerendam
3041 2468 3171 2532 Dei
3213 2469 3498 2551 gratiam
3513 2517 3528 2543 ‚
3586 2487 3715 2549 qua
3765 2467 3908 2532 sola
3946 2469 4297 2550 pervenire
4340 2468 4495 2535 illuc

2546 2559 2848 2634 possunt,
2905 2573 3032 2636 quo
3085 2559 3442 2619 vocantur:
3506 2552 3790 2637 Pighius
3842 2552 3912 2617 in
3965 2553 4170 2619 libero
4225 2554 4496 2621 arbitrio

2546 2631 2817 2704 retiner‘i
2860 2645 3067 2721 putat.
3168 2636 3392 2719 Quam
3443 2639 3823 2722 opinionem
3869 2645 3948 2704 ιιι
3988 2640 4351 2718 confirmet,
4398 2639 4497 2705 di-

2548 2743 2812 2788 versum
2853 2725 3057 2790 finem
3099 2745 3140 2788 a
3160 2724 3396 2809 Moyse
3445 2725 3650 2790 fuisse
3692 2723 4130 2807 designatum,
4180 2724 4493 2791 obtendit.

2548 2807 2662 2874 Sic
2725 2808 2931 2888 enim,
2999 2809 3412 2894 promulgata
3473 2809 3648 2894 lege,
3726 2809 4036 2892 loquitur:
4114 2809 4495 2891 Considera,

2546 2894 2721 2976 quod
2764 2894 2958 2960 hodie
2998 2915 3116 2978 pro
3204 2897 3451 2961 suerim
3503 2896 3572 2960 in
3618 2903 3967 2978 conspectu
4023 2903 4137 2962 tuo
4177 2896 4390 2962 vitam
4428 2905 4501 2963 et

2546 2987 2844 3059 mortem,
2890 2987 3010 3047 etc.
3057 2982 3084 3065 (
3156 2989 3284 3046 eut.
3325 2985 3427 3060 30,
3470 2982 3600 3064 15).
3689 2979 3900 3062 Quasi
3950 3001 4088 3047 non
4131 2981 4373 3048 clamet
4413 3005 4497 3049 ex

2546 3067 2841 3149 opposito
2886 3066 3235 3151 apostolus,
3282 3065 3519 3151 legem,
3564 3087 3735 3149 quae
3771 3066 3847 3131 in
3881 3067 4089 3134 vitam
4124 3088 4243 3151 per
4286 3090 4359 3134 se
4392 3090 4495 3135 ce-

2549 3150 2703 3216 dere
2746 3151 3076 3232 debuerat,
3120 3161 3398 3218 naturae
3439 3159 3708 3218 nostrae
3747 3153 3912 3218 vitio
3948 3154 4150 3219 fuisse
4192 3153 4385 3221 nobis
4426 3156 4496 3220 in

2546 3237 2823 3302 exitium
2866 3258 3251 3303 conversam
3294 3237 3516 3321 (Rom.
3558 3242 3616 3316 7,
3659 3238 3786 3320 13).
3854 3239 4004 3304 Lex
4040 3237 4307 3320 quidem
4340 3241 4497 3307 iusti

2547 3324 2745 3389 officii
2785 3324 3081 3390 exactrix
3125 3331 3250 3389 est:
3304 3323 3418 3389 sed
3464 3344 3586 3389 nos
3633 3322 3943 3390 solvendo
3987 3330 4134 3403 [pag.
4178 3331 4330 3405 161]
4375 3327 4495 3391 mi-

2546 3409 2726 3473 nime
2770 3431 3017 3475 sumus.
3078 3411 3226 3474 Lex
3263 3408 3740 3475 inaestimabile
3772 3409 3940 3475 illud
3974 3409 4155 3476 vitae
4189 3418 4497 3477 aeternae

2546 3496 2911 3575 praemium
2966 3496 3102 3561 suis
3159 3495 3519 3561 cultoribus
3572 3496 3933 3578 repositum
3987 3516 4133 3561 esse
4186 3496 4492 3562 ostendit.

2549 3577 2685 3644 Sed
2728 3600 2924 3645 nemo
2980 3591 3112 3658 est,
3171 3581 3283 3662 qui
3326 3581 3436 3645 vel
3481 3581 3653 3647 serio
3706 3581 3943 3646 saltem
3995 3589 4237 3647 conatu
4446 3584 4459 3597 ‘

2547 3686 2695 3729 rare
2751 3665 2910 3732 illuc
2975 3666 3242 3749 propria
3296 3666 3544 3732 virtute
3611 3675 3827 3748 queat.
3937 3665 4162 3748 Quare
4225 3669 4495 3747 Paulus,

2548 3750 2705 3815 dum
2760 3750 2924 3816 illud
2980 3751 3281 3831 adducit,
3335 3753 3447 3834 qui
3491 3753 3717 3817 fecerit
3756 3752 3952 3830 haec,
4008 3754 4188 3819 vivet
4228 3753 4301 3818 in
4344 3754 4496 3832 illis,

2546 3837 2886 3915 continuo,
2932 3839 3117 3920 qnasi
3159 3858 3232 3902 re
3274 3837 3647 3921 desperata,
3692 3838 4046 3922 confugere
4087 3836 4175 3901 ad
4216 3839 4498 3905 alterum

2548 3922 2810 4005 asylum
2854 3943 2977 3987 nos
3016 3922 3231 3988 docet:
3280 3933 3355 3987 ut
3395 3923 3687 4006 gratuito
3722 3933 3788 3988 et
3823 3924 3967 3988 sine
4000 3925 4308 4006 operibus
4341 3946 4499 3991 con-

2548 4027 2933 4089 sequamur,
2991 4008 3164 4091 quod
3207 4010 3393 4074 Deus
3447 4009 3588 4076 loco
3640 4009 3961 4075 mercedis
4011 4008 4147 4075 illic
4190 4010 4501 4094 operibus

2548 4093 2871 4175 promittit
2927 4093 3108 4176 (Gal.
3152 4098 3209 4172 3,
3255 4094 3381 4176 13).
3486 4093 3621 4160 Sed
3697 4095 3905 4159 instat
3961 4094 4278 4177 Pighius,
4342 4098 4503 4178 quia

2549 4198 2703 4243 mox
2750 4178 3051 4244 subiiciat
3092 4180 3386 4264 Moyses:
3435 4189 3513 4245 ιιι
3544 4180 3764 4258 facias,
3810 4190 3878 4245 et
3909 4200 4106 4262 opere
4149 4181 4499 4265 compleas.

2548 4264 2805 4347 Nempe
2865 4272 2942 4330 ιιι
3017 4265 3140 4331 hoc
3203 4264 3426 4330 audito
3491 4265 3690 4333 officii
3740 4266 3973 4330 nostri
4036 4268 4505 4333 necessitatem

2549 4352 2853 4428 sciamus,
2899 4357 2968 4414 et
3008 4351 3180 4417 facto
3224 4352 3471 4416 virium
3521 4357 3905 4417 nostrarum
3948 4352 4267 4433 pericu10,
4312 4354 4501 4419 infir-

2548 4437 2796 4500 mitatis
2812 4487 2827 4514 ,
2874 4435 2986 4501 vel
3025 4437 3450 4520 impotentiae
3507 4438 3724 4520 potius
3766 4443 4029 4502 nostrae
4071 4439 4356 4505 convicti
4401 4438 4504 4504 di-

2548 4541 2696 4670 cetis
2748 4522 2893 4616 Deo
2947 4541 3285 4606 cogamur:
3344 4521 3456 4588 Da
3506 4523 3680 4605 quod
3728 4522 3945 4602 iubes,
4000 4528 4070 4587 et
4118 4523 4274 4590 iube
4324 4524 4505 4607 quod

2550 4627 2632 4672 ve
2658 4627 2734 4671 is.

2722 4692 2946 4757 Tertia
2998 4693 3225 4760 classis
3265 4694 3348 4759 iis
3390 4693 3733 4759 sententiis
3774 4699 4059 4772 constat,
4112 4692 4227 4759 ubi
4268 4695 4507 4762 Domi·

2552 4798 2680 4844 nus
2730 4778 2973 4861 populo
3040 4779 3387 4845 israelitico
3439 4780 3825 4862 exprobrat,
3881 4798 4000 4860 per
4041 4799 4197 4844 eum
4238 4787 4505 4847 tantum
4592 4851 4617 4862 ,

2553 4865 2827 4943 stetisse,
2874 4865 3227 4947 quominus
3270 4866 3448 4930 omni
3490 4863 3819 4930 bonorum
3857 4884 4104 4947 genere
4144 4864 4503 4933 frueretur.

2554 4949 2747 5015 Tales
2802 4950 2978 5015 enim
3034 4950 3570 5034 exprobrationes
3631 4952 3702 5015 in
3757 4969 3870 5015 eos
3933 4969 4303 5034 congruere
4364 4974 4505 5019 nom

2552 5034 2887 5115 videntur,
2933 5036 3167 5117 quibus
3212 5036 3294 5100 ad
3328 5056 3604 5101 manum
3641 5037 3729 5102 sit
3762 5035 4314 5119 haecresponsio:
4360 5038 4503 5104 No-

2550 5119 2655 5186 bis
2688 5121 3085 5203 prosperitas
3118 5121 3299 5187 cordi
3332 5129 3491 5203 erat,
3524 5121 3802 5190 adversa
3833 5120 4244 5189 timebamus.
4302 5122 4503 5205 Quod

2552 5212 2772 5271 autem
2804 5203 2983 5270 illius
3015 5205 3488 5288 adipiscendae,
3510 5206 3750 5273 horum
3782 5204 4249 5292 fugiendorum
4278 5229 4501 5290 eamn,
