4967 5992
1285 1505 1884 1604 RESPONSUM
1922 1535 2296 1605 PASTOR
2311 1536 2458 1607 ΠΜ
2496 1537 2664 1603 ‘Hc
2680 1533 3059 1604 URINAE
3097 1537 3645 1606 EGGLESIAE.

589 1717 1103 1783 CLARISSIMO
1152 1721 1368 1794 VIRO,
1405 1724 1482 1778 D.
1522 1722 1832 1779 10ANN1
1873 1723 2258 1795 aarum,

446 1812 783 1869 Genevensis
830 1811 1178 1934 Ε’«κςῑεεηαῖθἰ
1159 1810 1328 1934 131th
1323 1807 1661 1944 ’.Ιοὶίιζῖιιέινὲ
1695 1809 1934 1931 gemino
2004 1815 2056 1864 et
2087 1809 2276 1880 fratri
2323 1827 2407 1906 co·

624 1990 772 2064 [pag.
814 1987 965 2062 837]
990 1982 1042 2067 ἦ
1089 1980 1392 2066 Leqimus
1442 1979 1676 2046 librum
1718 1985 1912 2059 tumn,
1963 1979 2233 2061 Calvina
2270 1981 2409 2064 fra-

447 2077 544 2137 ter
584 2072 655 2136 in
697 2069 972 2136 Domino
1013 2065 1386 2134 venerabilis
1428 2070 1487 2130 et
1525 2066 1766 2145 dilecte,
1810 2086 1990 2147 quem
2033 2068 2289 2134 edidisti
2333 2069 2410 2134 de

449 2157 525 2223 de
561 2155 839 2221 vitandis
878 2150 1437 2236 superstitionibus.
1496 2149 1758 2251 Placuit
1801 2152 1861 2217 is
1903 2172 2026 2218 non
2068 2153 2230 2218 mihi
2273 2154 2409 2238 qui-

449 2242 589 2308 dem
631 2240 772 2318 soli,
817 2240 927 2305 sed
953 2237 1241 2304 omnibus
1284 2235 1458 2319 apud
1497 2256 1611 2302 nos
1641 2237 1799 2320 piis,
1833 2257 1960 2302 non
1985 2243 2113 2302 tam
2145 2244 2411 2321 propter

447 2327 882 2394 eruditionem
895 2323 1299 2401 cociacum,
1342 2342 1533 2405 quam
1561 2329 1822 2405 propter
1862 2323 2188 2406 reliyionis
2220 2327 2413 2407 puri·

451 2419 663 2491 tatewi,
716 2416 776 2477 et
826 2410 1230 2493 confessionis
1271 2428 1453 2475 verae
1502 2408 1655 2488 fidei
1711 2409 2127 2475 sinceritatem
2164 2411 2412 2492 fortiter

375 2571 385 2578 „
450 2503 774 2566 assertam.
860 2495 1235 2566 Laudamus
1287 2496 1587 2577 pietatem
1643 2500 1698 2559 et
1749 2496 2163 2577 inteqritatem
2215 2501 2409 2575 tuam,

438 2599 895 2769 precamurque
926 2587 997 2647 ut
994 2601 1144 2702 pro
1173 2581 1325 2645 bono
1366 2600 1544 2679 opere
1576 2580 1889 2646 benedicat
1929 2580 2042 2645 tibi
2075 2579 2407 2680 Dominus.

450 2860 528 2904 ne
569 2841 853 2923 iynorcnt
895 2844 952 2903 et
991 2859 1107 2905 nos
1131 2837 1247 2903 ula
1290 2844 1403 2903 tua
1444 2836 1810 2924 approbare,
1855 2843 1911 2902 et
1952 2841 2150 2902 tecum
2182 2800 2410 2903 sentiri

245 2937 254 2944 '
335 2959 346 2968 ·
449 2925 512 2990 si
554 2923 802 3008 quando
843 2925 1172 2990 recudetur
1214 2945 1258 2989 a
1300 2922 1682 3006 typoyrapho
1725 2922 1970 2989 libellus
2012 2928 2187 3004 tuus,
2244 2922 2410 2989 hunc

451 3015 729 3076 nostrum
779 3011 838 3074 ei
891 3011 1255 3093 coniunyere
1289 3010 1560 3091 poteris,
1615 3028 1736 3090 quo
1776 3010 1943 3075 idem
1982 3012 2179 3074 tecum
2223 3029 2412 3093 arqu-

451 3100 724 3160 mentum
777 3100 1138 3160 tractamus.
1230 3092 1620 3174 Scripsimus
1672 3114 1811 3159 eum
1869 3096 1940 3158 in
1989 3096 2266 3176 qratiam
2309 3115 2413 3161 cu-

451 3181 709 3245 iusdam
735 3180 864 3245 viri
897 3181 1132 3268 mayni,
1165 3179 1274 3259 pii
1305 3184 1360 3241 et
1401 3178 1577 3255 docti,
1621 3180 1732 3260 qui
1766 3184 2049 3244 nostrum
2100 3179 2415 3261 expetebat

450 3266 778 3332 iudicium.
881 3259 1049 3331 Vale.
1144 3264 1403 3348 Tiyuri,
1461 3267 1569 3327 30.
1620 3263 1915 3354 Septemb.
1957 3263 2096 3329 An
2083 3285 2151 3330 io
2212 3269 2411 3334 1549.

1338 3400 1520 3466 Tuus
1562 3400 1650 3466 H.
1694 3399 2123 3486 Bullinyerus.
2140 3403 2196 3485 ²)

456 3658 582 3714 AN
631 3656 949 3715 LIGEAT
1001 3656 1330 3712 HOMINI
1391 3655 1910 3712 CHRISTIANO
1967 3655 2419 3712 SIMULARE

457 3742 908 3800 ASSENSUM
967 3742 1300 3810 11411821112
1356 3741 1878 3811 DOCTRINAE,
1947 3741 2066 3796 ET
2113 3741 2415 3797 SUPER-

504 3826 994 3896 STITIONUM,
1039 3828 1247 3899 QUAS
1291 3828 1590 3885 TAMEN
1620 3826 1955 3884 ANIMUS
1986 3827 2365 3884 DAMNAT.

623 3955 771 4030 [pag.
825 3955 976 4030 338]
1040 3951 1245 4031 Quum
1313 3951 1537 4018 solutio
1611 3950 2043 4032 quaestionum
2110 3952 2407 4028 omnium,

451 4057 611 4122 quae
652 4036 1062 4102 clnistianam
1094 4037 1445 4102 doctrinam
1489 4041 1544 4100 et
1581 4035 1772 4116 fidem
1814 4040 1870 4101 et
1902 4055 2090 4117 opera
2115 4040 2407 4117 spectant,

764 4123 851 4186 sit
906 4142 938 4187 e
1005 4121 1342 4202 scripturis
1409 4123 1675 4200 sanctis,
1747 4122 2027 4186 maxime
2073 4122 2149 4188 id
2200 4122 2410 4201 facere

450 4208 726 4275 convenit
768 4209 842 4271 in
882 4207 1000 4273 hac
1046 4208 1417 4288 quaestione,
1460 4208 1530 4271 in
1572 4227 1710 4306 qua·
1743 4207 1839 4272 vel
1879 4227 2111 4291 uryens
2150 4227 2410 4282 necessu

450 4300 582 4374 tas,
624 4293 723 4358 vel
762 4291 1201 4358 misericordia
1225 4298 1641 4374 praepostera
1681 4294 1754 4358 in
1799 4293 2088 4374 afflictos,
2113 4312 2409 4377 maynam

439 4378 747 4462 praebent
784 4379 1157 4444 occasionem
1213 4378 1602 4462 excoyitandi
1670 4384 1780 4445 aut
1838 4378 2230 4461 approbandi
2283 4399 2408 4444 non

438 4485 685 4546 pauca,
750 4484 912 4564 quae
964 4470 1321 4547 repuynant
1389 4465 1629 4530 divinis
1686 4463 2021 4542 institutis,
2096 4469 2150 4528 et
2201 4469 2403 4530 tamen

450 4552 567 4616 sub
608 4552 810 4633 specie
851 4549 1423 4630 tumprudentiae,
1477 4555 1611 4614 tum
1653 4550 1956 4628 iustitiae,
2001 4554 2133 4615 tum
2173 4551 2408 4616 modes-

452 4637 594 4714 tiae,
635 4642 773 4702 tum
802 4635 1084 4717 pietatis.

628 4720 1037 4787 Praemonuit
1077 4725 1282 4789 autem
1312 4719 1496 4786 Deus
1536 4722 1610 4786 in
1652 4721 1987 4803 scripturis
2020 4722 2274 4815 sanctis
2285 4741 2409 4803 per

596 4959 652 5024 1)
692 4957 784 5013 De
815 4959 916 5014 hoc
950 4975 1178 5015 numero
1213 4966 1267 5016 et
1298 4955 1647 5043 sequentibus
1682 4958 1809 5015 vide

590 5027 652 5094 2)
700 5027 782 5098 1&
839 5029 1094 5150 maphate
1128 5029 1217 5085 hic
1249 4976 1539 5085 subiunxit
1573 5025 1794 5097 (1550):
1833 4974 2112 5082 mom
2020 5027 2152 5084 ..10
2227 5027 2410 5085 Omnis

457 5097 548 5164 qui
582 5094 781 5151 confite
819 5096 929 5150 itur
961 5111 1046 5151 me
1084 5112 1268 5178 coram
1300 5099 1636 5168 hominibus,
1684 5096 1986 5156 confitebor
2020 5106 2077 5154 et
2122 5113 2224 5167 ego
2259 5098 2411 5154 illum

458 5181 636 5220 coram
673 5163 836 5219 Patre
871 5178 993 5219 meo
1030 5167 1122 5233 qui
1153 5168 1210 5220 in
1243 5168 1411 5223 coelis
1448 5175 1549 5226 est

664 5250 887 5309 001οὸηὲ
902 5262 1087 5319 opera
1168 5249 1289 5307 Vol.
1340 5251 1441 5307 VI.

2515 1723 2823 1809 apostolos
2865 1726 3061 1790 simul
3102 1732 3158 1791 et
3189 1728 3553 1809 prophetas,
3593 1730 3729 1814 fore
3771 1731 4133 1798 novissimis
4175 1723 4469 1832 tempori-
4512 1691 4517 1694 -
4572 1683 4599 1738 ἰ

2513 1810 2630 1875 bus
2696 1809 2765 1892 (2
2803 1809 2980 1875 Petr.
3022 1814 3085 1891 3,
3122 1811 3219 1893 3),
3289 1818 3363 1878 ut
3429 1803 3750 1880 ecclesiam
3815 1813 3949 1882 Dei
4018 1818 4471 1900 agyrediamtur
4494 1837 4515 1898 ‘.

2513 1915 2710 1995 quum
2763 1895 3033 1962 doctores
3084 1896 3277 1979 falsi,
3336 1901 3451 1980 qui
3483 1901 3716 1981 pravis
3768 1900 4169 1981 opinionibus
4213 1908 4267 1967 et
4306 1902 4473 2001 fictis
4560 1959 4563 1966 .
4598 1903 4601 1908 ’

2512 1981 2716 2064 siquis
2767 1986 2952 2062 atque
2997 1981 3336 2047 miraculis
3385 1983 3707 2064 plurimos
3756 1987 4084 2067 seducant,
4150 1991 4284 2053 tum
4343 1988 4472 2053 vio-

2512 2067 2662 2131 lenti
2704 2073 3219 2149 persequutores,
3275 2069 3387 2149 qui
3429 2070 3626 2134 minis
3669 2076 3727 2133 et
3768 2069 4144 2151 terroribus,
4201 2079 4265 2138 et
4301 2076 4471 2139 omni
4562 2081 4569 2090 '

2509 2171 2734 2236 yenere
2775 2152 3221 2251 afflictionum,
3276 2173 3320 2218 a
3361 2155 3471 2219 via
3512 2154 3744 2220 salutis
3795 2117 4144 2236 impellant
4160 2158 4474 2224 homines.-
4560 2193 4565 2198 ·

2513 2238 2670 2303 adeo
2714 2243 2784 2302 ut
2826 2237 3015 2304 etiam
3054 2237 3225 2304 electi
3259 2239 3654 2318 seducantur,
3700 2240 3760 2305 si
3782 2239 3927 2321 sieri
3957 2243 4170 2322 possit
4193 2239 4471 2326 (Matth‘.
4572 2289 4575 2292 ι
4626 2317 4635 2330 ,

2514 2325 2617 2400 24
2601 2323 3041 2489 2ῗέἓιεέωκω,
3107 2415 3180 2473 ut
3231 2408 3411 2474 Deus
3481 2411 3552 2475 in
3603 2411 3945 2491 scripturis
4008 2413 4243 2478 sanctis
4284 2433 4477 2495 prae-
4524 2355 4565 2370 A

2513 2494 2682 2560 dixit
2752 2493 3002 2576 foedam
3058 2492 3346 2562 ecclesiae
3409 2495 3951 2577 deformationem,
4028 2498 4245 2563 multis
4326 2504 4477 2578 [pag.
4618 2523 4627 2532 ·

2519 2583 2671 2658 339]
2730 2599 2773 2646 a
2814 2578 3116 2662 reliyione
3166 2601 3318 2645 vera
3372 2580 3874 2660 desciscentibus,
3928 2582 4023 2647 ita
4075 2584 4266 2649 etiam
4308 2603 4477 2648 mon-

2514 2665 2741 2729 stravit
2770 2663 3136 2746 praefixum
3175 2685 3307 2732 esse
3341 2666 3531 2766 {inem
3556 2671 3866 2731 extremae
3897 2666 4311 2749 infelicitatis,
4353 2687 4477 2734 non
4522 2659 4545 2720 f
4584 2707 4587 2712 ·
4622 2713 4633 2720 -
4680 2651 4693 2662 “

2513 2750 2695 2815 modo
2740 2749 3190 2831 seductoribus,
3244 2753 3356 2833 qui
3388 2753 3637 2834 partim
3687 2757 3833 2818 astu
3876 2755 4138 2838 capiunt
4177 2754 4472 2834 homineS,

2500 2837 2752 2917 partim
2834 2836 3175 2937 irroyando
3255 2838 3432 2903 mala
3500 2838 3913 2922 temporaria,
3990 2840 4085 2904 vel
4153 2805 4472 2922 mpimzdo'

2513 2920 2689 3001 bona,
2719 2921 3104 3003 pertrahunt
3142 2923 3215 2987 in
3247 2923 3575 3022 reliyionis
3611 2923 3886 3005 formam
3906 2931 4301 3008 puynantem
4334 2945 4476 2991 cum

2514 3007 2756 3073 divinis
2794 3006 3085 3088 placitis:
3138 3008 3249 3073 sed
3290 3010 3479 3074 etiam
3521 3009 3638 3086 iis,
3697 3008 3810 3090 qui
3853 3013 4102 3076 autores
4141 3012 4299 3077 istos
4330 3031 4477 3092 per-

2515 3113 2725 3159 versos
2780 3098 3124 3171 sectantur,
3192 3098 3250 3157 et
3302 3113 3425 3158 non
3468 3094 3693 3172 potius
3753 3091 4075 3160 Christum
4116 3097 4474 3178 principem

2514 3180 2629 3260 qui
2671 3178 2853 3245 salus
2894 3182 3000 3255 est,
3044 3178 3172 3257 lux,
3215 3180 3343 3255 via,
3389 3179 3623 3243 veritas
3663 3182 3721 3241 et
3760 3180 3907 3244 vita.

2696 3263 2868 3345 Quae
2909 3262 3161 3344 quidem
3201 3262 3523 3330 Dominus
3565 3261 3773 3341 Deus,
3816 3265 3926 3345 qui
3969 3265 4137 3331 docet
4179 3287 4254 3332 ac
4284 3288 4475 3349 prae·

2516 3349 2699 3432 cipit
2724 3348 3036 3413 duntaxat
3090 3348 3308 3430 utilia,
3380 3367 3500 3413 non
3553 3348 3692 3412 sine
3743 3366 3939 3414 causa
4005 3350 4180 3415 toties
4234 3356 4290 3416 et
4344 3357 4473 3416 tam

2517 3434 2844 3517 diliyenter
2886 3434 3148 3517 inyessit
3167 3454 3287 3514 per
3325 3434 3574 3500 divinos
3615 3433 3909 3514 homines,
3952 3455 4170 3500 verum
4201 3438 4473 3501 maximi

2518 3520 2665 3585 boni
2706 3539 2920 3600 causa,
2962 3519 3127 3601 quod
3150 3521 3238 3585 ad
3270 3519 3549 3584 homines
3573 3538 3901 3585 universos
3908 3522 4250 3602 pertineat.
4284 3522 4474 3588 nimi-

2516 3625 2665 3672 rum
2719 3610 2791 3670 ut
2844 3605 3149 3671 admoniti
3200 3603 3506 3684 homines,
3563 3610 3821 3670 caveant
3852 3606 4146 3688 pericula
4200 3613 4259 3672 et
4299 3608 4473 3674 mala

2517 3690 2936 3769 imminentia,
3003 3696 3061 3755 et
3118 3691 3406 3757 iudicare
3445 3689 3726 3771 possint,
3795 3695 3849 3755 et
3901 3692 4346 3773 confirmentur
4401 3695 4471 3758 in

2513 3776 2810 3860 reliyione
2850 3775 3163 3841 divinitus
3206 3776 3475 3841 tradita:
3530 3780 3643 3842 aut
3696 3776 3758 3839 si
3801 3778 3948 3857 quis
4002 3777 4143 3841 dolo
4185 3779 4472 3861 imposto-
4541 3804 4550 3811 ·

2513 3884 2686 3942 rum,
2744 3867 2802 3929 et
2840 3861 3135 3959 violentia
3166 3862 3674 3943 persequutionis
3712 3860 3911 3942 fuerit
3951 3869 4469 3945 praeoccupatus,
4566 3885 4575 3894 ·

2510 3953 2821 4016 revocetur
2861 3947 2931 4012 in
2970 3946 3143 4012 viam
3185 3947 3429 4013 salutis.

2691 4033 2901 4099 Simul
2956 4033 3121 4097 enim
3164 4033 3326 4100 docet
3367 4053 3482 4099 nos
3518 4032 3842 4099 Dominus
3893 4052 3967 4099 ac
4010 4033 4196 4099 Deus
4249 4039 4471 4114 noster,

2513 4119 2743 4203 quibus
2795 4118 2998 4184 modis
3055 4137 3130 4183 ac
3183 4119 3535 4184 rationibus
3582 4118 3832 4199 possint
3882 4139 3957 4183 ac
3998 4118 4258 4186 debeant
4296 4123 4471 4184 tanta
4508 4183 4531 4196 ‚,
4574 4083 4601 4158 ·*
4634 4101 4653 4158 .'
4840 4107 4910 4178 ⁶:-

2512 4205 2685 4272 Μαῖα
2729 4210 2787 4270 et
2826 4203 3119 4303 pericula
3162 4203 3421 4269 ultimae
3460 4205 3841 4285 tempestatis
3882 4204 4105 4268 mundi
4145 4206 4472 4286 superari:

2512 4311 2760 4375 quaque
2797 4291 2905 4355 via
2948 4289 3227 4355 homines
3271 4309 3349 4353 ex
3359 4289 3669 4355 omnibus
3700 4289 4020 4370 procelliS,
4067 4290 4477 4370 quantumvis

2511 4378 2718 4445 saevis
2775 4380 2831 4441 et
2882 4373 3298 4459 naufrayium
3350 4373 3880 4454 machinantibus,
3937 4374 4115 4474 modo
4159 4395 4289 4441 sese
4331 4395 4472 4442 con-

2513 4465 2747 4529 tineant
2797 4461 2968 4528 intra
3022 4461 3237 4525 navim
3302 4459 3589 4526 ecclesiae
3655 4459 4020 4540 catholicae,
4086 4460 4158 4525 in
4210 4466 4469 4542 portum

2512 4549 2923 4631 sempiternae
2963 4545 3280 4611 beatitatis
3321 4544 3670 4611 evehantur.
4562 4561 4571 4568 '

2684 4638 2834 4712 [pag.
2874 4635 3025 4710 340]
3076 4631 3400 4714 Praecipit
3452 4649 3749 4712 namque,
3804 4650 3880 4696 ne
3932 4630 4210 4697 homines
4252 4632 4470 4714 supini

2512 4723 2774 4787 stertant
2816 4737 2891 4784 ac
2932 4716 3246 4800 neyliyant
3284 4717 3549 4798 salutem
3590 4735 3807 4781 suam:
3843 4727 4063 4783 verum
4105 4717 4328 4798 levatis
4371 4721 4472 4783 ca‘·

2502 4805 2780 4890 pitibus,
2847 4802 3355 4885 circumspiciant
3407 4801 3709 4884 pericula
3774 4802 4063 4868 maxima
4119 4803 4190 4866 in
4245 4801 4471 4885 quibus

2512 4891 2864 4958 versantur.
2946 4886 3270 4969 Praecipit
3299 4888 3654 4953 diiudicare
3690 4887 3981 4971 spiritus,
4022 4905 4177 4952 num
4221 4907 4298 4950 ea:
4331 4885 4470 4954 Deo
4556 4885 4569 4892 “

2511 4979 2674 5045 siznt
2747 4993 2833 5039 an
2894 4971 3246 5050 Christum,
3312 4992 3398 5038 an
3439 4969 3659 5054 potius
3715 4972 4155 5040 antichristum
4211 4973 4471 5070 spirent.

2532 5062 2709 5129 Vetat
2749 5058 3126 5125 consortium
3167 5057 3533 5138 infidelium,
3578 5078 3656 5123 ne
3692 5059 3945 5142 frustra
3984 5057 4330 5122 moliantur
4358 5056 4471 5154 pii
4542 5111 4545 5112 γ

2515 5150 2734 5216 ducere
2776 5145 2998 5229 iuyum
3052 5163 3194 5210 cum
3237 5144 3490 5225 impiis,
3547 5147 3658 5208 aut
3714 5143 3908 5210 lucem
3964 5142 4227 5294 tenebris41
4267 5141 4469 5218 unire,
