4967 5992
533 358 659 421 519

530 539 879 607 hominum
921 536 1094 602 libri.
1185 533 1382 600 Nune
1434 541 1653 599 autem
1709 530 1999 599 breviter
2051 529 2176 596 sibi
2220 550 2493 613 respon-

533 648 680 694 sum
706 624 1023 689 habeant:
1069 642 1190 686 nos
1236 640 1357 686 nec
1398 619 1480 685 ab
1506 618 1782 686 00010010
1843 615 2195 695 dissidere,
2246 635 2367 680 nec
2411 615 2493 680 ab

531 713 672 777 eius
728 708 1190 777 communione
1246 728 1391 772 0000
1447 706 1714 770 0110000.
1806 701 1941 769 Sed
1997 702 2152 785 quia
2206 702 2494 785 specioso

530 798 644 862 illo
698 795 1009 862 ecclesiae
1063 792 1289 872 titulo,
1351 792 1551 856 etiam
1606 790 1734 875 piis
1791 789 2032 871 alioqui
2086 794 2155 852 et
2211 787 2496 853 cordatis

530 882 977 968 perstringere
1020 878 1244 946 oculos
1302 877 1549 956 solent,
1605 885 1689 956 te,
1748 874 2184 940 invictissime
2229 872 2492 952 Caesar,

528 990 781 1052 vosque
836 965 1259 1032 illustrissimi
1304 962 1677 1046 Principes,
1724 961 2043 1040 obtestor,
2088 959 2377 1042 primum
2420 968 2494 1024 ut

534 1054 831 1139 deposito
889 1052 1066 1118 omni
1118 1048 1522 1134 praeiudicio
1580 1048 1855 1113 alteram
1915 1045 2277 1110 defensioni
2341 1065 2496 1109 nos-

534 1149 679 1205 trae
724 1159 953 1204 aurem
996 1138 1326 1220 integram
1383 1134 1777 1218 praebeatis:
1837 1131 2102 1210 deinde,
2161 1150 2245 1195 ne
2286 1129 2494 1213 proti-

533 1247 663 1291 nus
718 1224 938 1290 audito
998 1222 1305 1287 ecclesiae
1360 1221 1625 1285 nomine
1668 1217 2081 1295 terreamini,
2138 1222 2220 1280 ut
2260 1215 2495 1280 memi-

534 1311 784 1388 neritis,
827 1310 960 1375 t-ale
996 1308 1263 1374 omnino
1308 1328 1458 1373 cum
1494 1305 1753 1373 larvata
1796 1303 1899 1368 sui
1932 1302 2175 1368 saeculi
2220 1300 2496 1367 ecclesia

532 1397 870 1481 prophetis
924 1402 992 1461 et
1032 1393 1344 1478 apostolis
1399 1392 1601 1457 fuisse
1657 1395 2019 1465 certamen,
2072 1387 2264 1470 quale
2308 1386 2497 1453 nobis

540 1504 691 1549 cum
733 1482 1044 1565 pontifice
1087 1477 1370 1544 romano'
1395 1484 1659 1560 totaque
1702 1474 1843 1540 eius
1886 1473 2153 1540 cohorte
2189 1494 2333 1538 esse
2376 1472 2496 1538 ho-

541 1567 647 1633 die
683 1567 938 1635 videtis.
1013 1564 1243 1645 Quum
1284 1563 1380 1628 illi
1416 1562 1545 1627 Dei
1583 1559 1896 1626 mandato
1928 1560 1999 1624 in
2034 1559 2495 1638 idololatriam,

541 1653 1067 1736 superstitiones,
1125 1649 1355 1731 templi
1409 1666 1870 1730 sacrorumque
1914 1645 2368 1729 pollutionem,
2424 1645 2498 1708 in

541 1738 955 1813 sacerdotnm
1029 1734 1392 1801 socordiam
1469 1755 1546 1800 ac
1610 1741 1940 1816 torporem
1957 1783 1973 1810 ,
2050 1732 2121 1795 in
2202 1732 2498 1796 omnium

541 1824 925 1902 avaritiam,
970 1821 1421 1887 crudelitatem
1465 1827 1534 1885 et
1567 1818 1872 1884 libidines
1914 1818 2185 1883 liberius
2227 1817 2495 1883 invehe-

541 1917 807 1988 rentur,
880 1908 1189 1973 continuo
1243 1906 1377 1971 illis
1446 1913 1591 1985 [pag.
1646 1909 1792 1983 115]
1846 1904 2273 1988 regerebatur
2326 1901 2500 1986 quod

543 1993 738 2059 hodie
789 2012 1050 2075 semper
1104 1993 1176 2056 in
1236 2012 1348 2057 oro
1394 1991 1642 2057 habent
1697 1987 2056 2055 adversarii
2101 1990 2340 2054 nostri:
2388 2009 2499 2054 eos

544 2103 585 2145 a
629 2080 956 2145 communi
1012 2080 1338 2144 sententia
1392 2074 1784 2142 discedendo
1840 2075 2149 2140 ecclesiae
2203 2072 2500 2140 scindere

543 2166 888 2231 unitatem.
978 2165 1150 2231 Erat
1191 2171 1349 2229 tunc
1393 2162 1803 2228 ordinarium
1847 2161 2157 2227 ecclesiae
2201 2161 2502 2245 regimen

541 2272 746 2335 penes
815 2247 1218 2328 sacerdotes,
1287 2249 1460 2333 quod
1521 2270 1656 2313 non
1719 2254 1966 2312 temere
2030 2253 2503 2331 arrogaverant

540 2337 666 2420 ipsi
712 2338 868 2416 sibi,
927 2334 1043 2402 sed
1085 2338 1272 2404 Deus
1312 2335 1445 2400 illis
1488 2335 1633 2418 lege
1678 2354 1798 2399 sua
1844 2332 2225 2399 contulerat.
2315 2333 2500 2398 Lon-

541 2444 698 2507 gum
736 2431 913 2489 esset
952 2425 1028 2489 in
1063 2422 1349 2507 singulis
1390 2420 1516 2486 hoc
1550 2417 1918 2484 ostendere.
1988 2418 2141 2484 Uno
2163 2418 2370 2502 igitur
2394 2418 2500 2483 Ie-

538 2512 788 2575 remiae
837 2509 1138 2592 exemplo
1175 2510 1387 2573 simus
1430 2504 1720 2570 contenti
1768 2504 1924 2588 (Ier.
1973 2508 2067 2582 18,
2114 2505 2243 2588 18).
2332 2505 2502 2569 Erat

538 2596 640 2661 illi
695 2617 844 2662 cum
901 2603 1038 2661 toto
1083 2591 1496 2660 sacerdotum
1549 2589 1821 2672 collegio
1866 2590 2223 2674 negotium.
2310 2590 2501 2656 Haec

541 2680 626 2746 ad
682 2703 834 2747 eum
887 2679 1339 2764 impetendum
1392 2682 1584 2740 erant
1651 2675 1912 2739 illorum
1967 2695 2175 2740 arma:
2232 2675 2499 2756 Venite,

540 2768 990 2849 conspiremus
1047 2765 1365 2830 adversus
1406 2760 1775 2826 Ieremiam.
1863 2760 2014 2825 Non
2072 2762 2250 2826 enim
2306 2761 2416 2825 lex
2461 2783 2502 2826 a

542 2851 880 2917 sacerdote
923 2850 1193 2933 peribit,
1237 2867 1360 2912 nee
1401 2844 1753 2912 eonsilium
1797 2865 1837 2908 a
1880 2865 2036 2909 sene
2055 2897 2071 2924 ‚
2117 2867 2239 2911 nec
2283 2866 2500 2912 sermo

542 2958 583 3002 a
625 2935 966 3020 propheta.
1039 2936 1210 3004 Erat
1251 2933 1386 2998 illic
1430 2951 1728 2997 summus
1771 2931 2088 3010 sacerdos,
2135 2930 2322 2996 cuius
2366 2951 2501 2997 non

542 3029 720 3087 stare
784 3020 1025 3086 iudicio
1094 3019 1372 3102 capitale
1448 3022 1607 3102 erat.
1696 3016 1933 3081 Totum
2000 3017 2326 3096 ordinem,
2394 3019 2501 3083 cui

538 3107 730 3173 Deus
784 3107 924 3189 ipse
980 3105 1366 3170 israeliticae
1426 3103 1734 3170 ecclesiae
1790 3102 2240 3186 gubernacula
2294 3103 2500 3169 tradi-

544 3191 761 3272 derat,
847 3192 967 3258 sibi
1049 3191 1562 3257 consentientem
1637 3187 1933 3253 habebat.
2036 3187 2114 3255 Si
2191 3190 2501 3256 ecelesiae

543 3278 870 3343 unitatem
931 3278 1165 3356 violat,
1230 3277 1342 3359 qui
1406 3275 1545 3342 sola
1600 3273 1728 3339 Dei
1791 3275 2071 3341 veritate
2133 3274 2502 3341 instructus

541 3364 911 3429 ordinariae
977 3384 1049 3431 00
1114 3363 1421 3445 potestati
1484 3361 1785 3445 opponit,
1854 3361 2308 3427 schismaticus
2372 3362 2502 3427 erit

539 3449 881 3534 propheta,
926 3451 1036 3533 qui
1074 3448 1242 3513 nihil
1278 3446 1598 3513 eiusmodi
1634 3447 1834 3512 minis
1867 3447 2114 3514 fractus
2147 3448 2291 3526 fuit,
2337 3469 2499 3532 quo-

541 3538 761 3600 111000
828 3535 1076 3600 bellum
1155 3556 1304 3600 eum
1384 3532 1795 3599 sacerdotum
1864 3533 2203 3616 impietate
2268 3554 2499 3618 gerere

542 3627 921 3686 constanter
1000 3621 1393 3704 persisteret.
1500 3617 1697 3683 Stare
1771 3638 1810 3682 a
1886 3617 2075 3683 nobis
2158 3625 2500 3684 aeternam

539 3708 667 3773 Dei
714 3708 1081 3784 veritatem,
1129 3728 1169 3770 a
1203 3704 1543 3788 prophetis
1587 3711 1655 3769 et
1694 3703 2001 3786 apostolis
2035 3704 2495 3788 praedicatam,

538 3792 755 3875 parati
812 3814 1041 3858 sumus
1094 3790 1467 3857 ostendere:
1528 3796 1724 3873 atque
1779 3788 1941 3855 adeo
1997 3790 2207 3855 cuivis
2251 3790 2498 3855 intelli-

542 3897 700 3961 gere
736 3885 1115 3960 promptum
1159 3886 1276 3942 est.
1367 3874 1504 3942 Sed
1549 3875 1672 3940 hoe
1725 3881 1988 3939 tantum
2032 3875 2239 3940 ariete
2281 3876 2497 3959 repel-

540 3962 758 4043 limur,
804 3962 978 4046 quod
1022 3962 1480 4028 discessionem
1518 3960 1598 4026 ab
1621 3960 1891 4027 00010010
1934 3961 2118 4026 nulla
2137 3983 2337 4028 causa
2379 3984 2495 4027 ex-

535 4057 741 4116 cuset.
809 4050 948 4115 Nos
991 4065 1150 4113 vero
1183 4047 1252 4112 id
1297 4048 1440 4112 fieri
1485 4069 1523 4112 a
1558 4046 1744 4112 nobis
1785 4067 2238 4131 pernegamus.
2314 4047 2491 4129 Quid

531 4134 797 4214 habent,
845 4156 973 4218 quo
1018 4155 1138 4199 1100
1182 4132 1502 4217 urgeant?
1579 4133 1862 4198 Prorsus
1895 4133 2094 4197 nihil:
2144 4133 2276 4198 nisi
2319 4133 2494 4217 quod

531 4220 939 4286 ordinarium
1008 4220 1258 4285 habent
1310 4218 1618 4284 ecelesiae
1682 4219 1997 4301 regimen.
2088 4219 2181 4283 At
2245 4228 2493 4302 quanto

533 4305 787 4372 meliori
832 4307 974 4372 iure
1011 4307 1134 4372 hoc
1169 4303 1560 4370 dictitabant
1599 4303 1919 4369 Ieremiae
1965 4303 2230 4370 hostes?
2316 4305 2493 4371 Nam

531 4399 694 4458 tunc
747 4391 981 4458 saltem
1053 4391 1363 4457 manebat
1413 4389 1628 4456 adhuc
1694 4388 2038 4455 sacerdotii
2088 4390 2197 4455 lex
2255 4410 2294 4454 a
2344 4389 2490 4457 Deo

535 4477 917 4556 constituta,
963 4486 1037 4543 ut
1079 4485 1260 4543 certa
1304 4486 1480 4543 esset
1520 4475 1782 4541 illorum
1827 4476 2097 4542 vocatio.
2189 4474 2325 4556 Qui
2368 4477 2489 4542 110-

537 4558 1011 4643 diepraesules
1055 4571 1394 4641 vocantur,
1444 4568 1593 4644 [pag.
1639 4565 1787 4642 116]
1823 4560 2042 4641 nullis,
2089 4581 2211 4627 nec
2247 4561 2489 4629 divinis

535 4663 657 4709 nec
690 4644 1000 4711 humanis
1028 4647 1309 4732 legibus,
1345 4647 1804 4731 approbabunt
1837 4668 2027 4714 suam
2057 4649 2485 4714 vocationem.

536 4728 691 4796 Sint
735 4736 959 4795 tamen
1003 4753 1211 4814 pares.
1302 4735 1447 4799 Nisi
1491 4755 1680 4800 reum
1721 4733 2092 4799 schismatis
2136 4743 2292 4799 ante
2338 4756 2484 4818 per-

533 4816 795 4900 egerint
859 4824 1158 4881 sanetum
1212 4818 1638 4901 prophetam,
1714 4819 1883 4885 nihil
1954 4819 2310 4886 adversum
2365 4842 2486 4887 nos

532 4901 882 4985 proficient
925 4900 1144 4967 sucoso
1176 4902 1292 4967 illo
1327 4903 1633 4971 ecclesiae
1668 4907 1949 4971 nomine.
2020 4905 2220 4970 Illum
2257 4928 2484 4985 unum,

531 4986 818 5070 exempli
862 4987 1101 5071 gratia,
1158 4987 1512 5055 nominavi.
1602 4989 1738 5057 Sed
1779 4990 2014 5074 reliqui
2058 5013 2284 5058 omnes
2326 5013 2484 5058 ean-

531 5073 679 5138 dem
734 5094 805 5138 00
868 5093 913 5156 p
1055 5093 1162 5138 am
1218 5073 1613 5140 sustinuisse
1682 5084 2036 5154 testantur,
2102 5098 2334 5160 quum,
2399 5076 2482 5142 ad

529 5180 640 5225 000
695 5159 941 5224 obruen
992 5179 1094 5237 os,
1164 5157 1477 5224 ecclesiae
1546 5159 1736 5225 titulo
1801 5160 2234 5228 abuterentur
2295 5164 2481 5246 impii

524 5246 915 5313 sacerdotes.
1007 5242 1190 5327 Quid
1244 5243 1563 5329 apostoli?
1641 5266 1729 5309 an
1792 5267 1924 5310 non
2004 5246 2138 5311 illis
2216 5269 2482 5315 0000000

2145 342 2275 407 DE
2320 337 2960 407 NECESSITATE

4432 337 4555 398 520

2593 529 2752 607 fuit,
2809 532 2889 591 ut
2932 546 3003 591 00
3046 522 3301 591 Christi
3352 544 3577 590 servos
3619 525 4123 607 profiterentur,
4181 544 4555 610 synagogae

2600 612 2843 680 bellum
2903 610 3343 677 denunciare?
3433 610 3527 674 Et
3576 617 3798 675 tamen
3857 609 4202 676 sacerdotii
4259 610 4563 676 nondum

2600 700 2961 765 amiserant
3014 696 3294 781 gradum
3350 703 3466 761 aut
3517 696 3850 761 honorem.
3941 697 4178 779 Atqui,
4233 696 4561 780 inquient,

2600 787 2695 851 010
2736 785 2809 849 in
2853 783 3149 850 doctrina
3203 781 3609 849 dissidebant
3661 789 3804 846 tum
3850 782 4158 864 apostoli,
4217 789 4360 847 tum
4406 804 4563 866 pro-

2599 871 2869 955 phetae,
2922 870 3003 935 ab
3057 869 3277 952 impiis
3332 866 3808 947 sacerdotibus,
3868 874 3947 931 ut
3986 867 4059 931 in
4111 868 4449 935 sacrifieiis
4491 877 4567 936 et

2602 956 2905 1038 precibus
2959 955 3488 1020 communionem
3540 954 3794 1018 interea
3845 974 3993 1018 cum
4046 952 4178 1020 illis
4245 953 4558 1021 colerent.

2599 1042 2877 1107 Fateor:
2920 1062 3125 1123 quum
3169 1039 3253 1106 ad
3291 1039 3727 1106 idololatriam
3767 1060 3899 1103 non
3937 1046 4346 1123 cogerentur.
4422 1039 4567 1107 Sed

2600 1148 2796 1210 quem
2837 1123 3315 1210 prophetarum
3369 1124 3656 1209 legimus
3708 1145 3997 1207 unquam
4045 1126 4447 1194 sacrificasse
4488 1128 4565 1193 in

2598 1212 2882 1278 Bethel‘?
2939 1233 3133 1296 quem
3180 1212 3378 1276 etiam
3432 1213 3689 1296 piorum
3732 1209 4015 1293 impuris
4060 1213 4399 1280 sacrificiis
4440 1234 4566 1296 pu-

2601 1305 2819 1363 tamus
2876 1299 3423 1376 communicasse,
3482 1319 3683 1380 quum
3738 1294 4059 1379 templum
4103 1298 4184 1362 ab
4229 1299 4565 1364 Antiocho

2601 1383 2959 1533 0011011ᾇ111,
3017 1391 3085 1449 01
3126 1384 3439 1467 profanae
3480 1382 3615 1450 illic
3659 1382 4110 1450 caeremoniae
4146 1384 4565 1450 introductae

2602 1478 2822 1536 essent

2776 1556 3058 1622 Summa
3102 1554 3232 1621 huc
3276 1562 3559 1639 spectat,
3607 1561 3685 1619 ut
3728 1576 3954 1622 servos
3998 1556 4271 1622 Domini
4314 1556 4567 1623 intelli-

2603 1643 2774 1726 gatis
2816 1643 3083 1707 inanem
3128 1640 3436 1707 ecelesiae
3481 1641 3748 1706 titulum
3791 1662 4129 1726 nunquam
4167 1644 4412 1708 morari
4458 1663 4568 1709 οο-

2600 1729 2754 1794 litos
2797 1727 3028 1806 fuisse,
3080 1748 3282 1809 quum
3339 1726 3420 1791 ad
3480 1727 3949 1793 stabiliendum
4003 1729 4363 1811 impietatis
4412 1750 4568 1813 reg-

2601 1835 2763 1879 num
2804 1812 3283 1879 obtenderetur.
3356 1811 3662 1893 Proinde,
3709 1835 3840 1878 non
3886 1814 4047 1880 satis
4081 1821 4184 1880 est
4216 1814 4567 1881 ecclesiam

2601 1901 2876 1980 iactare,
2934 1898 3050 1965 sed
3088 1896 3532 1964 adhibendum
3583 1905 3685 1963 est
3724 1899 4064 1965 iudicium:
4111 1906 4218 1980 ut,
4265 1921 4435 1984 quae
4478 1902 4570 1966 sit

2603 2006 2765 2050 vera
2809 1983 3110 2065 eeclesia,
3167 1991 3237 2049 et
3274 1984 3485 2066 qualis
3541 1984 3631 2049 sit
3668 1986 3809 2051 cius
3853 1987 4100 2066 unitas,
4158 1988 4565 2053 noverimus.

2603 2070 2752 2137 Hoc
2808 2077 3032 2136 autem
3088 2071 3376 2153 primum
3434 2072 3726 2136 omnium
3780 2079 3909 2150 est,
3980 2094 4065 2137 ne
4119 2072 4467 2138 ecclesiam
4522 2093 4565 2138 0

2605 2155 2872 2223 Christo
2907 2156 3121 2238 capite
3156 2176 3274 2221 suo
3311 2178 3705 2240 separemus.
3775 2155 4121 2223 Christum
4158 2179 4363 2240 quum
4400 2155 4563 2238 dieo,

2604 2242 3026 2308 coniunctum
3051 2242 3102 2327 ¹)
3148 2241 3445 2325 intelligo
3495 2265 3643 2308 cum
3702 2243 4031 2328 evangelii
4085 2244 4187 2309 sui
4244 2243 4565 2324 doctrina,

2603 2349 2803 2411 quam
2846 2348 2964 2393 0110
3007 2327 3331 2412 sanguine
3384 2328 3776 2413 obsignavit.
3864 2331 4046 2413 Ergo
4103 2336 4179 2394 ut
4221 2351 4293 2395 se
4332 2350 4565 2395 veram

2605 2435 2747 2480 esse
2779 2419 2927 2493 [pag.
2959 2417 3106 2492 117]
3138 2412 3478 2478 ecclesiam
3512 2414 3953 2498 persuadeant
3989 2415 4373 2495 adversarii,
4409 2424 4565 2482 ante

2604 2501 2828 2566 omnia
2870 2520 3105 2584 puram
3141 2497 3270 2564 Dei
3317 2499 3684 2566 doctrinam
3721 2500 3895 2585 apud
3930 2522 4000 2567 00
4036 2522 4179 2567 0000
4213 2500 4571 2567 ostendant

2605 2592 2877 2669 oportet.
2967 2587 3192 2669 Atque
3234 2584 3300 2650 id
3347 2594 3476 2666 est,
3523 2586 3696 2669 quod
3740 2608 3935 2671 saepe
3979 2587 4287 2666 dicimus,
4330 2608 4565 2672 perpe-

2608 2682 2721 2737 tua
2771 2671 2938 2737 bene
2992 2671 3331 2737 ordinatae
3388 2671 3699 2738 eeclesiae
3754 2673 4042 2757 insignia
4094 2694 4272 2753 esse,
4331 2695 4567 2739 sanam

2606 2758 2940 2824 doctrinae
2992 2755 3544 2841 praedicationem
3589 2765 3656 2823 et
3712 2780 3954 2842 purum
3998 2767 4571 2826 sacramentorum

2607 2865 2823 2909 usum.
2912 2842 3293 2909 Fundatam
3349 2844 3529 2909 euim
3573 2866 3719 2910 eam
3763 2866 3909 2911 esse
3952 2845 4027 2909 in
4069 2844 4439 2929 prophetica
4489 2851 4567 2909 et

2606 2929 2962 3012 apostoliea
3019 2928 3318 2995 doctrina
3383 2951 3588 3013 quum
3649 2936 3926 2996 testetur
3982 2931 4226 2997 Paulus
4275 2928 4563 3013 (Ephes.

2609 3019 2666 3094 2,
2708 3017 2849 3097 20),
2907 3016 3043 3082 nisi
3106 3015 3231 3082 hoc
3288 3016 3715 3081 fundamento
3783 3017 4119 3095 fulciatur,
4184 3037 4376 3080 ruere
4444 3037 4566 3080 ex-

2605 3102 2849 3184 templo
2904 3123 3172 3168 necesse
3228 3110 3346 3168 001.
3435 3101 3652 3168 Venio
3697 3101 3780 3166 ad
3822 3110 4084 3168 nostros
4127 3101 4561 3168 adversarios.

2606 3185 2948 3253 Christum
3005 3208 3045 3251 a
3097 3188 3234 3253 suis
3290 3188 3586 3270 partibus
3640 3196 3848 3268 stare,
3911 3190 4261 3273 magnifice
4311 3188 4565 3253 iactant

2603 3273 2701 3338 illi
2743 3272 3036 3356 quidem:
3093 3272 3209 3337 sed
3254 3280 3411 3340 tune
3465 3273 3596 3339 illis
3648 3273 3813 3341 fides
3869 3273 4133 3339 demum
4191 3272 4561 3352 habebitur,

2606 3361 2662 3425 si
2715 3381 2869 3424 eum
2924 3361 2996 3423 in
3052 3359 3275 3425 verbo-
3305 3381 3424 3425 suo
3451 3360 3851 3425 exhibeant.
3942 3360 4282 3427 Ecclesiae
4336 3379 4563 3425 vocem

2603 3444 2964 3511 identidem
3019 3444 3375 3512 inculcant.
3465 3443 3599 3511 Sed
3656 3448 4066 3529 quaerimus,
4138 3446 4408 3512 ubinam
4476 3446 4567 3510 sit

2601 3531 2719 3596 illa
2774 3531 3071 3596 doctrina
3139 3553 3335 3615 quam
3389 3531 3643 3598 Paulus
3699 3532 3968 3599 unicum
4034 3533 4194 3598 facit
4251 3531 4567 3599 ecclesiae

2602 3615 3130 3683 fundamentum.
3220 3617 3423 3683 Videt
3484 3619 3617 3683 iam
3687 3619 3976 3700 profecto
4041 3618 4361 3684 Maiestas
4424 3625 4561 3696 tua,

2605 3702 2871 3783 Cacsar,
2918 3704 3201 3768 multum
3245 3705 3581 3784 interesse,
3627 3704 3904 3770 veritate
3947 3704 4278 3783 ecelesiae,
4316 3724 4405 3768 an
4446 3723 4565 3768 no-

2603 3790 2784 3854 mine
2837 3799 3098 3855 arment
3165 3810 3237 3856 se
3291 3789 3514 3856 hostes
3568 3791 3778 3855 nostri
3848 3786 3933 3854 ad
3991 3810 4112 3855 nos
4167 3787 4558 3855 obruendos.

2600 3874 2710 3940 Ab
2753 3875 3057 3955 00010010,
3101 3877 3432 3941 communi
3473 3873 3770 3941 fidelium
3813 3876 4109 3940 omnium
4154 3883 4395 3953 matre,
4450 3894 4559 3938 co-

2599 3961 2829 4026 lumna
2872 3968 2939 4026 et
2979 3963 3394 4027 firmamento
3438 3962 3753 4040 veritatis,
3800 3962 3911 4044 qui
3954 3960 4320 4040 discedunt,
4363 3981 4469 4025 eos
4513 3981 4560 4024 a

2600 4046 2869 4113 Christo
2905 4047 3104 4113 etiam
3127 4048 3422 4126 deficere,
3461 4068 3581 4113 nos
3616 4067 3820 4130 aeque
3854 4047 4138 4113 fatemur
4169 4055 4364 4131 atque
4393 4045 4556 4129 ipsi:

2601 4132 2714 4198 sed
2760 4133 3109 4199 ecclesiam'
3138 4134 3550 4217 requirimus,
3598 4153 3767 4216 quae
3808 4132 3975 4197 61100
4019 4155 4172 4199 01100
4213 4134 4561 4217 incorrup-

2599 4218 2767 4284 tibili
2824 4221 3075 4284 somine
3128 4219 3210 4285 ad
3281 4219 3840 4284 immortalitatem
3897 4219 4160 4304 gignat:
4232 4240 4399 4303 quae
4442 4241 4565 4304 ge—

2598 4306 2773 4371 nitos
2819 4304 2953 4370 alat
2996 4305 3317 4388 spirituali
3358 4305 3500 4372 cibo
3545 4306 3801 4389 (semen
3847 4312 4068 4370 autem
4111 4305 4298 4385 illud,
4345 4325 4421 4371 ac
4464 4306 4563 4370 ci-

2597 4389 2721 4456 bus
2765 4391 2896 4469 ille,
2944 4392 3215 4457 verbum
3246 4392 3373 4457 Dei
3419 4391 3579 4475 est):
3625 4410 3790 4474 quae
3832 4411 4071 4473 puram
4115 4398 4185 4457 et
4224 4393 4561 4474 integram

2599 4476 2924 4542 custodiat
2965 4497 3082 4542 suo
3119 4478 3486 4542 ministerio
3522 4477 3865 4542 veritatem
3900 4469 4100 4554 illam,
4136 4497 4327 4560 quam
4364 4476 4567 4543 Deus

2596 4562 2668 4626 in
2696 4563 2834 4628 eius
2867 4563 3085 4627 sinum
3131 4563 3448 4646 deposuit.
3521 4562 3650 4628 Illa
3684 4569 3842 4628 nota
3876 4570 3980 4627 est
4017 4563 4287 4627 minime
4329 4559 4562 4644 dubia,

2595 4647 2870 4713 minime
2912 4647 3142 4714 fallax:
3200 4670 3397 4732 quam
3443 4647 3629 4714 Deus
3677 4650 3819 4730 ipse
3870 4649 4184 4714 ecelesiae
4227 4668 4385 4714 suae
4428 4648 4567 4713 im-

2593 4733 2860 4816 pressit,
2917 4743 2994 4799 ut
3046 4732 3202 4800 inde
3245 4735 3312 4800 di
3364 4744 3755 4801 nosceretur.
3846 4734 4026 4798 Num
4080 4734 4386 4802 videmur
4428 4735 4563 4800 ini·

2593 4841 2792 4903 quum
2838 4819 3214 4903 postulare?
3303 4757 3437 4887 thbi
3481 4842 3636 4904 ergo
3680 4818 3850 4884 nihil
3892 4827 4111 4886 exstat
4154 4819 4322 4900 tale,
4367 4820 4567 4887 nulla

2590 4905 2727 4972 illic
2772 4905 3020 4973 relucet
3074 4906 3385 4974 ecelesiae
3429 4907 3640 4973 facies.
3733 4903 3809 4971 Si
3854 4927 4095 4972 nomen
4150 4904 4566 4989 obtenditur,

2590 5081 2705 5088 —
2722 5081 2749 5086 -
2762 5081 2996 5089 -0-——ae-

2727 5195 2785 5256 1)
2838 5195 3205 5251 coniunctum:
3252 5196 3335 5252 sic
3377 5197 3573 5253 habent
3606 5199 3888 5268 princeps,
3939 5197 4227 5253 Galea-siue
4273 5205 4328 5252 et
4374 5204 4572 5258 vav-tio

2583 5265 2803 5334 9111Ζὶ011.
2881 5263 3139 5320 Caeterae
3173 5265 3383 5335 leqtmt:
3420 5275 3741 5322 contentum.
